3497 5147
335 363 445 440 [64]
558 380 641 421 AN
679 379 1041 428 ALIQUANDO
1077 379 1299 422 mcm'r
1337 381 1639 425 nx'rnmus
1678 381 1874 423 mmm
1919 383 2128 424 vuum
2167 384 2417 425 smnus
2457 387 2584 427 mc.
2732 374 2802 428 41

335 478 554 542 contra
584 479 922 560 postquam
967 476 1246 562 legitime
1283 478 1595 542 coniuncti
1626 481 1793 556 sunt,
1828 479 1985 543 nihil
2018 484 2274 563 apparet
2309 482 2600 547 illicitum
2633 484 2696 547 in
2731 502 2800 549 eo

336 599 618 657 munere;
649 600 791 645 cum
816 581 900 645 sit
924 580 1089 645 actio
1119 600 1285 646 mere
1309 581 1528 646 civilis.
1557 580 1623 646 Si
1652 601 1797 647 vero
1838 583 1969 647 eius
2002 603 2227 648 munus
2260 585 2345 649 sit
2376 588 2556 666 quasi
2588 588 2804 652 offerre

336 701 596 766 sponsos
620 682 931 761 ministre,
958 684 1032 747 ut
1055 700 1159 747 eos
1183 682 1541 768 coniungat,
1575 684 1703 748 iam
1728 685 1975 749 videtur
2006 687 2230 751 habere
2263 688 2802 771 participationem

335 786 401 848 in
424 784 671 862 ritibuS,
693 784 920 867 quibus
943 785 1225 849 minister
1241 785 1586 850 haereticus
1611 804 1715 850 eos
1734 787 2058 871 coniungit
2082 791 2145 853 et
2167 808 2477 854 recurrere
2503 791 2580 854 ad
2596 791 2801 873 ipsum

338 888 641 969 tanquam
663 887 1022 952 ministrum
1046 888 1355 952 Ecclesiae
1379 888 1634 970 eiusque
1658 889 2075 954 ministerium
2103 892 2460 974 approbare,
2489 894 2653 974 quod
2684 893 2805 956 illi-

336 989 532 1054 citum
581 991 676 1054 est
713 1014 775 1054 ».
810 990 952 1054 Η110
998 991 1238 1073 spectat
1282 1008 1646 1073 responsum
1685 989 1881 1076 Cong.
1922 1011 1970 1056 3.
2012 991 2216 1057 Officii
2255 995 2352 1058 10.
2395 996 2547 1059 maii
2607 996 2799 1059 1770.

342 1116 377 1150 ‹
410 1090 850 1157 Sanctissimus
882 1093 1169 1170 decrevit,
1205 1093 1527 1158 catholicis
1565 1092 1949 1175 regulariter
1979 1113 2101 1159 non
2133 1095 2316 1160 licere
2347 1096 2801 1162 haereticorum

338 1195 451 1259 aut
487 1194 1024 1260 schismaticorum
1062 1195 1477 1272 concionibus,
1518 1195 1864 1278 baptismis,
1914 1197 2330 1262 matrimoniis
2360 1198 2655 1264 interesse
2687 1224 2748 1264 ».

427 1293 548 1365 63.
582 1297 681 1361 An
716 1297 904 1362 liceat
940 1298 1245 1362 catholico
1278 1297 1573 1361 haeretici
1594 1298 1782 1361 funus
1814 1299 2102 1364 comitari
2133 1302 2196 1364 et
2228 1301 2585 1383 sepulturae
2615 1303 2803 1367 inter-

334 1416 484 1462 esse.
519 1398 588 1463 Id
621 1399 804 1463 licere
835 1399 1160 1464 dicendum
1192 1401 1313 1476 est3
1364 1419 1507 1464 cum
1553 1400 1637 1464 sit
1686 1400 1960 1464 officium
2008 1420 2174 1466 mere
2211 1402 2408 1466 civile.
2446 1402 2606 1482 Quid
2654 1424 2798 1469 vero

334 1499 389 1563 si
433 1500 619 1565 funus
666 1501 975 1566 haeretico
1022 1502 1151 1565 ritu
1197 1502 1583 1566 celebretur?
1637 1526 1673 1561 ‹
1706 1502 1896 1567 Posse
1944 1503 2144 1567 adhuc
2189 1504 2253 1569 id
2299 1505 2433 1569 fieri
2481 1507 2572 1569 ait
2618 1506 2796 1590 Lugo

338 1622 395 1665 n.
434 1603 580 1666 159.
617 1604 858 1668 actione
895 1623 1059 1667 mere
1090 1603 1278 1679 civili,
1320 1603 1398 1667 ad
1435 1604 1866 1669 honorandum
1913 1605 2178 1669 civiliter
2223 1605 2603 1684 defunctum,
2645 1607 2794 1671 dum

337 1703 789 1770 haereticorum
835 1705 1116 1789 precibus
1171 1706 1515 1770 catholicus
1562 1724 1685 1770 non
1740 1708 2173 1784 communicet,
2230 1706 2334 1771 sed
2383 1708 2547 1772 adsit
2591 1728 2797 1773 merus

341 1809 654 1888 spectator
699 1808 763 1872 et
807 1807 1169 1872 scandalum
1215 1827 1338 1872 non
1385 1809 1471 1872 sit
1516 1808 1615 1871 vel
1663 1808 1932 1872 aliorum
1982 1809 2232 1874 offensio
2288 1810 2353 1872 et
2399 1809 2694 1887 concioni,
2745 1810 2799 1873 si

342 1927 470 1990 qua
500 1908 715 1973 futura
745 1912 855 1987 est,
881 1928 946 1975 se
978 1911 1311 1975 subtrahat
1342 1934 1379 1969 »
1419 1912 1534 1975 etc.
1947 1910 1952 1915 ’

426 2011 481 2074 Ε
526 2014 832 2078 contrario
879 2015 1218 2096 possuntne
1264 2013 1561 2078 haeretici
1608 2015 1721 2078 aut
1767 2014 2146 2078 schismatici
2187 2015 2436 2080 admitti
2470 2015 2548 2079 ad
2579 2016 2796 2080 funera

332 2114 833 2179 catholicorum?
863 2135 912 2180 s.
946 2116 1180 2198 Inquis.
1215 2114 1408 2201 Cong.
1448 2118 1549 2180 10.
1583 2116 1735 2180 maii
1775 2117 1965 2180 1753.
2002 2118 2352 2200 respondit:
2409 2144 2443 2177 «
2476 2118 2796 2198 Quatenus

333 2217 716 2282 schismatici
746 2219 1116 2283 comitantes
1146 2219 1363 2282 funera
1401 2219 1853 2283 catholicorum
1886 2239 2121 2285 meram
2153 2224 2563 2304 praesentiam
2603 2226 2797 2287 mate-

331 2320 549 2384 rialem
597 2321 926 2386 exhibeant
970 2339 1160 2385 causa
1206 2321 1456 2385 honoris
1504 2321 1904 2405 civilis·erga
1950 2321 2290 2401 defunctOS,
2340 2344 2461 2389 non
2501 2326 2796 2389 3611111111-

331 2424 569 2487 scentes
608 2423 890 2506 precibus
940 2425 1052 2487 aut
1083 2423 1307 2488 ritibus
1341 2423 1684 2501 catholiciS,
1734 2424 1961 2506 quibus
2009 2443 2145 2489 mos
2193 2427 2288 2490 est
2318 2427 2533 2491 funera
2582 2429 2795 2492 afferre

331 2525 396 2590 et
425 2524 749 2591 defunctos
789 2525 865 2590 ad
903 2525 1255 2609 sepulcrum
1302 2525 1614 2604 deducere,
1664 2526 1920 2592 tolerari
1951 2544 2166 2609 posse:
2200 2529 2506 2610 quatenus
2555 2548 2698 2595 vero
2733 2532 2794 2594 in

304 2628 443 2692 .an
480 2628 796 2694 functione
828 2629 1108 2712 proprios
1138 2628 1298 2693 ritus
1348 2629 1680 2694 adhibeant
1712 2630 1812 2694 vel
1855 2630 2088 2694 nostris
2119 2648 2185 2694 se
2229 2629 2636 2709 immisceant,
2670 2652 2794 2697 non

335 2731 519 2796 licere
548 2751 657 2796 nec
694 2750 825 2796 6336
856 2730 1339 2814 permittendum
1370 2757 1431 2795 ».
1469 2731 1641 2795 Idem
1679 2750 1862 2813 porro
1897 2733 1960 2795 et
1992 2731 2065 2796 de
2097 2732 2421 2797 haereticis
2446 2733 2794 2802 dicendum.

424 2829 547 2903 64.
582 2833 855 2898 Licetne
887 2832 1246 2916 parentibus
1279 2833 1602 2898 catholicis
1648 2834 2007 2916 permittere
2045 2835 2120 2898 ut
2149 2834 2262 2898 filii
2301 2854 2516 2900 eorum
2549 2857 2585 2900 a
2617 2839 2797 2902 mini-

328 2940 461 3002 stro
493 2937 805 3002 haeretico
838 2936 1249 3020 baptizentur,
1285 2954 1358 2999 116
1392 2956 1449 2999 v.
1484 2956 1577 3019 gr.
1618 2934 1852 3000 domini
1887 2937 1984 3000 vel
2018 2937 2119 3000 avi
2150 2937 2461 3014 haeretici,
2500 2958 2536 3020 a
2568 2941 2793 3021 quibus

327 3039 691 3124 dependent,
720 3038 1109 3105 offendantur
1131 3041 1195 3104 et
1217 3037 1555 3102 reddantur
1571 3038 1660 3102 eis
1676 3038 1900 3102 infensi
1918 3042 1948 3102 P
1971 3039 2325 3121 Respondet
2348 3040 2527 3124 Lugo
2553 3062 2612 3106 n.
2647 3044 2790 3108 161.

325 3142 719 3227 distinguens
749 3142 912 3205 inter
941 3141 1438 3223 cooperationem
1476 3140 1539 3204 et
1584 3159 1819 3204 meram
1867 3140 2352 3223 permissionem.
2387 3141 2559 3207 Haec
2604 3145 2789 3222 enim,

330 3246 441 3324 ait,
492 3245 669 3309 licita
715 3246 830 3321 est,
879 3244 1126 3325 quando
1165 3244 1294 3308 sine
1341 3244 1519 3327 gravi
1564 3243 1954 3308 incommodo
2000 3244 2218 3324 nequit
2263 3244 2566 3327 impediri.
2615 3246 2793 3327 Quod

327 3350 546 3413 autem
592 3347 833 3430 spectat
878 3346 957 3410 ad
1002 3346 1501 3429 cooperationem
1548 3346 1646 3410 vel
1694 3345 2049 3429 explicitam
2086 3345 2187 3410 vel
2223 3346 2610 3430 implicitam,
2645 3370 2794 3432 qua-

328 3452 511 3515 tenus
561 3448 787 3531 aliquis
849 3448 1072 3513 saltem
1127 3448 1372 3512 videtur
1427 3448 1896 3530 interpretative
1950 3447 2013 3510 id
2062 3448 2236 3525 velle,
2293 3472 2328 3506 ‹
2381 3452 2793 3516 communiter

329 3555 567 3632 dicunt,
619 3554 710 3618 ait
756 3553 937 3630 idem,
986 3553 1309 3636 peccatum
1345 3571 1475 3616 6336
1506 3551 1771 3615 mortale
1802 3553 2008 3634 petere
2055 3552 2438 3635 baptismum
2471 3554 2549 3615 ab
2587 3553 2793 3618 haere—

336 3658 459 3721 tico
492 3658 668 3721 extra
714 3654 1144 3720 necessitatem
1191 3656 1255 3718 et
1292 3653 1487 3735 aliqui
1526 3652 1762 3717 addunt
1808 3653 2024 3716 debere
2056 3671 2187 3717 esse
2219 3654 2558 3716 extremam
2583 3675 2644 3718 ³⁹.
2673 3654 2793 3719 Ra-

333 3760 567 3823 tionem
599 3759 787 3823 huius
817 3745 1180 3833 sententiae,
1219 3774 1410 3838 quam
1442 3754 1694 3837 quidam
1728 3753 1984 3827 addunt,
2018 3754 2168 3846 quja
2196 3773 2412 3838 nempe
2444 3755 2791 3822 haereticus

331 3861 413 3927 ob
444 3860 1139 3926 excommunicationem
1171 3878 1292 3923 non
1341 3859 1547 3942 potest
1592 3857 1762 3923 licite
1794 3857 1857 3922 id
1889 3857 2086 3922 facere
2117 3859 2289 3923 extra
2335 3860 2788 3938 necessitatem,

328 3963 645 4029 difficilem
670 3981 800 4028 6336
826 3963 917 4026 ait
946 3962 1145 4046 Lug0,
1179 3962 1502 4044 supposita
1533 3960 1839 4024 sententia
1873 3959 2026 4024 satis
2057 3962 2390 4036 communi,
2425 3981 2586 4043 quae
2617 3961 2788 4041 dicit,

328 4066 879 4132 excommunicatis
904 4064 1187 4130 toleratis
1216 4065 1400 4129 licere
1429 4063 1785 4128 ministrare
1816 4064 2222 4141 sacramenta,
2257 4061 2502 4144 quando
2537 4063 2614 4126 ab
2639 4064 2790 4146 ipsis

330 4170 649 4253 petuntur.
690 4165 978 4231 Ceterum
1010 4168 1443 4250 praeterquam
1473 4165 1638 4247 quod
1669 4184 1791 4230 non
1822 4165 1968 4229 licet
2014 4165 2170 4228 citra
2215 4164 2647 4229 necessitatem
2693 4185 2792 4248 pe·

328 4273 458 4337 tere
502 4271 890 4353 baptismum
937 4288 973 4333 a
1016 4268 1196 4346 laico,
1246 4268 1462 4350 quales
1506 4266 1919 4332 communiter
1965 4267 2113 4331 sunt
2159 4266 2427 4330 ministri
2475 4266 2789 4346 haeretici,
2875 4340 2888 4352 ⁸

337 4397 373 4432 «
407 4376 572 4438 certe
618 4371 973 4456 contingere
1018 4372 1246 4454 potest,
1296 4370 1387 4434 ait
1423 4369 1588 4434 idem
1619 4369 1774 4451 (imo
1807 4368 1870 4432 id
1909 4368 2289 4433 ordinarium
2321 4369 2666 4453 putamus),
2716 4371 2792 4432 ut

330 4476 639 4558 susceptio
678 4474 972 4557 baptismi
1004 4474 1080 4538 ab
1113 4473 1421 4537 haeretico
1454 4473 1740 4537 ministro
1775 4471 2097 4536 censeatur
2127 4471 2607 4535 communicatio
2646 4489 2789 4533 cum

332 4577 439 4643 illo
472 4579 536 4643 in
582 4577 881 4662 religione
911 4578 974 4641 et
1010 4578 1208 4653 secta3
1251 4594 1395 4639 nam
1433 4595 1540 4659 per
1570 4575 1953 4658 baptismum
2001 4573 2277 4638 homines
2317 4573 2622 4636 Ecclesiae
2654 4589 2791 4634 coo-
