3497 5147
339 328 522 404 [1147)
980 342 1064 381 nn
1099 340 1313 383 cAus1s
1348 339 1805 384 mcusau‘nnns
1841 341 1884 380 A
1921 339 2162 381 musmo
2689 328 2798 382 859

337 443 505 505 stare
533 458 656 504 non
688 439 896 520 queat,
932 437 1222 502 dicendus
1269 437 1387 501 erit
1431 437 1485 501 is
1530 438 1827 513 excusari,
1868 458 1925 501 v.
1959 456 2055 522 gr.
2093 437 2288 502 baiuli
2335 439 2442 520 qui
2476 458 2659 503 onera
2705 438 2787 503 fe-

336 549 505 624 runt,
539 564 728 611 naves
761 544 1020 610 onerant
1051 546 1163 608 aut
1194 546 1525 608 exonerant
1562 545 1699 620 etc.,
1733 546 2010 608 secantes
2047 544 2218 627 ligna
2252 547 2391 617 etc„
2425 544 2590 626 quod
2628 563 2798 625 prae·

338 650 555 713 sertim
602 648 790 722 valet,
817 647 872 710 si
907 646 1111 728 parati
1143 664 1273 709 esse
1305 645 1527 709 debent
1563 645 1640 709 ad
1670 645 2081 710 laborandum
2113 665 2223 728 pro
2258 646 2592 711 occasione.

520 752 590 813 5⁰
634 748 1108 813 Barbitonsores
1154 767 1262 830 per
1305 766 1369 811 se
1413 766 1537 812 non
1584 748 1982 812 excusantur:
2044 748 2165 812 nisi
2215 750 2426 813 tamen
2471 747 2536 811 id
2583 748 2794 831 exigat

340 855 453 917 aut
498 849 896 935 particularis
932 848 1239 926 debilitas,
1276 851 1389 913 aut
1419 848 1835 931 impediantur
1873 850 1951 913 ab
1984 851 2118 914 arte
2149 849 2500 914 exercenda.

522 955 591 1017 6ο
620 952 888 1016 Eaedem
932 951 1185 1036 regulae
1217 953 1453 1017 etcum
1500 952 1864 1029 sartoribus,
1905 971 2061 1034 quos
2107 954 2386 1018 excusari
2430 972 2608 1036 posse
2644 953 2798 1019 dicit

339 1056 649 1141 LigoriuS,
684 1056 739 1119 si
774 1055 1107 1119 necessitas
1153 1073 1257 1119 eos
1303 1057 1491 1139 cogat
1536 1055 1611 1119 ad
1657 1056 2069 1121 laborandum
2115 1057 2306 1121 etiam
2359 1077 2466 1140 per
2496 1076 2791 1141 magnam

345 1160 543 1224 noctis
575 1160 836 1241 partem.

436 1262 648 1343 Quoad
683 1262 802 1326 iter
832 1261 1123 1326 facientes
1154 1261 1430 1345 pedibuS,
1465 1262 1790 1344 disputant
1828 1263 1962 1326 DD.
1997 1264 2061 1327 et
2100 1263 2208 1328 alii
2240 1264 2395 1327 duas
2433 1263 2660 1340 leucas,
2696 1261 2806 1326 alii

347 1367 637 1446 quatuor,
678 1363 786 1427 alii
816 1364 1086 1445 quinque
1116 1365 1391 1449 exigunt.

433 1466 668 1531 Verum
712 1466 957 1531 videtur
1003 1486 1098 1530 res
1144 1467 1434 1530 relativa.
1475 1467 1769 1532 adiuncta
1801 1469 1939 1532 viae
1969 1468 2169 1534 facilis
2214 1469 2315 1534 vel
2344 1470 2632 1545 difficilis,
2669 1487 2798 1550 per-

345 1589 530 1635 sonae
552 1569 771 1633 debilis
798 1570 897 1633 vel
918 1571 1231 1643 robustae,
1268 1570 1551 1634 assuetae
1574 1570 1674 1634 vel
1695 1589 1818 1635 non
1858 1572 2140 1635 assuetae
2163 1571 2510 1649 itineribus,
2544 1573 2794 1636 mutant

344 1673 584 1737 statum
629 1672 1081 1736 controversiae
1117 1672 1533 1753 efficiuntque,
1566 1675 1642 1736 ut
1686 1673 1865 1737 labor
1908 1673 2119 1757 gravis
2152 1675 2249 1738 vel
2280 1694 2401 1739 non
2431 1675 2642 1758 gravis
2674 1674 2797 1738 (1101

346 1775 583 1838 debeat.

436 1876 571 1941 Hoc
591 1876 775 1951 idem,
801 1879 875 1941 ut
913 1877 1004 1941 ait
1034 1894 1082 1941 s.
1116 1876 1472 1959 Alphonsus
1488 1896 1547 1941 11.
1579 1877 1792 1953 1047.,
1819 1896 1964 1960 prae
1983 1878 2177 1942 oculis
2210 1878 2559 1942 habendum
2582 1877 2786 1959 quoad

345 1977 633 2055 famulos,
667 1980 775 2060 qui
806 1979 1106 2043 cursitare
1136 1998 1243 2062 per
1273 1979 1434 2043 diem
1472 1978 1695 2043 debent
1732 1979 1811 2044 ad
1855 1980 2201 2056 emendum,
2246 1978 2324 2043 ad
2369 1979 2647 2043 ferendas
2691 1979 2795 2044 lit-

345 2079 531 2159 teras,
567 2081 645 2144 ad
690 2080 1115 2145 comitandum
1147 2083 1285 2156 etc.,
1328 2081 1401 2144 ad
1429 2081 1838 2145 vendendum.

440 2179 626 2253 1147.
666 2182 884 2263 Quoad
930 2183 1343 2249 excusandum
1383 2185 1460 2249 ob
1490 2185 1731 2249 labores
1765 2186 2193 2268 praecedentes
2222 2186 2322 2250 vel
2359 2187 2801 2268 subsequentes

348 2286 474 2350 illis
523 2285 736 2350 diebus
767 2286 993 2367 quibus
1023 2306 1147 2351 non
1177 2288 1485 2365 laborant,
1518 2288 1788 2363 fuerunt,
1827 2287 1936 2369 qui
1980 2287 2486 2367 contradicerent,
2521 2289 2575 2351 si
2605 2307 2796 2372 grave

349 2387 810 2453 incommodum
855 2408 976 2453 non
1010 2389 1351 2471 patiantur.

436 2492 600 2556 Bene
631 2511 679 2556 8.
714 2492 1069 2576 Alphonsus
1100 2511 1159 2554 n.
1199 2491 1412 2567 1044„
1451 2492 1616 2573 quod
1646 2491 2068 2576 praesumptio
2100 2494 2231 2557 stat
2274 2512 2386 2577 pro
2433 2494 2799 2558 necessitate

350 2595 628 2659 alimenti
675 2597 739 2658 et
785 2596 1069 2677 opposita
1105 2594 1464 2678 hypothesis
1510 2596 1606 2658 est
1651 2595 1993 2672 hominum,
2043 2595 2152 2677 qui
2196 2596 2495 2674 nesciunt,
2535 2595 2683 2678 quid
2716 2597 2802 2661 sit

350 2698 515 2760 artes
551 2696 895 2761 laboriosas
933 2715 1226 2761 exercere.

436 2797 566 2861 Alii
612 2799 943 2862 moverunt
971 2799 1417 2879 quaestionem,
1451 2817 1528 2861 an
1561 2799 1889 2863 excusandi
1921 2800 2207 2877 artificeS,
2240 2801 2618 2883 quitatione
2650 2801 2806 2866 artis

344 2899 565 2981 utique
610 2901 1065 2972 excusarentur,
1100 2899 1206 2964 sed
1236 2901 1447 2964 tamen
1479 2900 1783 2966 eiusmodi
1819 2903 1984 2981 sunt,
2025 2904 2131 2985 qui
2164 2904 2294 2967 sine
2347 2905 2526 2988 gravi
2571 2905 2801 2969 incom-

348 3001 533 3066 modo
563 3002 839 3066 ieiunare
868 3002 1128 3085 possint.

437 3105 520 3168 Et
564 3105 864 3183 nonnulli,
921 3106 1016 3170 uti
1075 3102 1345 3170 Concina
1400 3105 1592 3189 (apud
1638 3124 1688 3170 s.
1729 3106 2083 3188 Alphonsus
2114 3127 2173 3170 n.
2220 3108 2440 3191 1043.)
2487 3109 2682 3173 teneri
2730 3108 2808 3173 ad

345 3207 745 3273 ieiunandum
793 3208 1085 3286 affirmat,
1126 3209 1308 3274 modo
1347 3209 1433 3274 sit
1468 3209 1890 3285 manifestum,
1929 3209 2095 3290 quod
2141 3227 2264 3273 non
2295 3210 2558 3276 subeant
2611 3231 2802 3295 grave

346 3310 845 3376 incommodum:
879 3330 1054 3375 secus
1087 3310 1139 3373 si
1170 3311 1430 3376 dubium
1476 3312 1577 3375 sit.

438 3411 628 3476 Recte
666 3431 714 3476 s.
748 3412 964 3493 Alph.:
1005 3435 1041 3469 ‹<
1077 3412 1249 3475 Haec
1285 3413 1551 3477 secunda
1582 3413 1910 3487 sententia,
1943 3411 2320 3494 speculative
2365 3413 2692 3494 loquend0,
2728 3416 2815 3479 vi-

350 3510 529 3575 detur
575 3512 986 3594 probabilior,
1026 3513 1131 3576 sed
1167 3513 1232 3576 in
1278 3514 1453 3596 praxi
1499 3514 1600 3578 vix
1646 3514 1985 3595 reperietur
2016 3532 2198 3588 1111118,
2230 3514 2340 3594 qui
2385 3533 2458 3579 ex
2503 3514 2804 3579 eiusmodi

351 3611 561 3677 labore
606 3633 729 3678 non
760 3615 1035 3698 graviter
1070 3615 1383 3679 relaxetur
1407 3640 1468 3679 ».

440 3714 584 3779 Alia
614 3717 709 3780 est
738 3718 1042 3798 quaestio,
1079 3737 1156 3781 an
1204 3717 1490 3794 artificeS,
1525 3719 1634 3800 qui
1664 3736 1785 3782 non
1821 3737 1974 3800 opus
2011 3718 2242 3783 habent
2287 3718 2365 3782 ad
2397 3720 2804 3785 sustentatio-

353 3838 512 3895 nem,
561 3818 729 3883 licite
766 3821 1005 3902 possint
1039 3821 1342 3898 laborare,
1377 3822 1429 3886 si
1461 3822 1578 3886 hac
1606 3822 1681 3886 de
1717 3840 1906 3886 causa
1937 3821 2210 3886 ieiunare
2234 3824 2580 3904 nequeunt:
2614 3842 2674 3887 v.
2709 3844 2802 3908 gr.

351 3921 648 3984 debeatne
683 3921 979 4004 sculptor,
1014 3927 1087 3987 ut
1118 3922 1391 3988 ieiunare
1421 3923 1638 4007 possit,
1674 3924 1981 3988 abstinere
2012 3942 2120 4006 per
2148 3923 2686 4008 quadragesimam
2726 3926 2805 3990 ab

353 4025 487 4087 arte
533 4042 666 4097 sua,
706 4042 849 4087 cum
878 4025 1034 4088 satis
1070 4025 1240 4090 dives
1272 4026 1357 4091 sit
1387 4045 1496 4090 1100
1525 4025 1805 4110 indigeat
1833 4025 2046 4090 labore
2084 4025 2162 4090 ad
2206 4026 2447 4091 statum
2478 4045 2662 4090 suum
2686 4046 2807 4091 801·-

354 4124 623 4189 vandum
639 4130 668 4188 Ρ

441 4228 727 4294 Afferunt
780 4248 828 4295 s.
878 4229 1203 4308 Thomam,
1252 4232 1431 4313 quasi
1475 4231 1694 4296 doceat
1756 4231 2209 4299 abstinendum.
2260 4231 2375 4297 Sed
2439 4251 2562 4298 non
2610 4233 2806 4315 patet,

354 4352 403 4397 s.
436 4331 743 4397 Thomam
803 4332 976 4414 loqui
1022 4332 1095 4396 de
1164 4332 1476 4398 ordinaria
1520 4334 1820 4416 cuiusque
1885 4335 2304 4418 occupatione.
2363 4335 2444 4400 Et
2489 4337 2807 4418 praeterea

354 4434 519 4499 idem
564 4454 613 4499 s.
665 4435 899 4500 Doctor
928 4435 1098 4511 haec,
1148 4454 1307 4517 quae
1350 4435 1627 4502 fautores
1672 4437 1859 4502 huius
1890 4437 2205 4503 doctrinae
2253 4439 2573 4516 omittunt,
2601 4440 2814 4505 adiun-

357 4536 454 4621 git
485 4538 544 4601 2.
580 4538 642 4601 2.
681 4557 741 4619 q.
780 4538 927 4602 147.
968 4538 1086 4602 art.
1121 4538 1184 4602 4.
1220 4537 1295 4601 ad
1328 4539 1421 4602 3.:
1462 4561 1499 4596 «
1529 4538 1669 4603 Νο11
1700 4539 1949 4605 videtur
1971 4540 2162 4605 fuisse
2205 4541 2470 4607 intentio
2501 4543 2808 4608 Ecclesiae
