3497 5147
759 323 871 378 380
960 337 1170 378 TnAo‘r.
1199 337 1279 377 vr.
1308 336 1470 377 61101.
1497 337 1535 377 1.
1564 336 1648 376 nn
1674 335 1865 376 muno
1891 335 2109 376 paam.
2133 335 2462 378 0601111061.
2489 335 2617 377 cAP.
2643 336 2703 377 11.
2733 336 2869 378 nun.
2894 336 2977 378 111.
3044 320 3172 396 [496]

764 435 1002 501 vestitu
1036 433 1417 499 novitiorum
1458 452 1580 515 quo
1613 434 1892 516 tempore
1931 433 2305 516 probantum
2339 451 2522 517 porro
2546 434 2598 497 si
2641 433 2786 497 licet
2819 433 3037 516 exigere
3075 451 3169 515 pro

767 538 1045 619 tempore
1076 536 1367 621 tyrocinii
1397 535 1936 611 sustentationem,
1975 534 2186 599 licebit
2232 537 2295 599 et
2325 534 2558 611 deinde,
2606 535 2659 598 si
2706 553 2775 599 ex
2805 535 2967 617 parte
2993 551 3174 598 mona·

763 639 940 704 sterii
969 638 1182 703 eadem
1214 638 1556 723 exigentiae
1586 638 1760 722 viget
1789 637 1973 701 ratio.

855 739 983 804 Nec
1016 740 1245 817 obstat,
1273 739 1438 822 quod
1462 739 1524 803 in
1550 758 1681 822 cap.
1720 739 2028 819 Quoniam
2057 741 2164 803 40.
2204 740 2265 802 11.
2304 739 2403 802 111.
2443 738 2802 822 prohibetur
2835 739 2998 802 velut
3017 737 3177 802 simo-

771 844 1021 908 niacum
1069 844 1342 926 accipere
1372 841 1691 924 quidpiam
1722 842 1839 906 sub
1861 845 2195 920 praetextu
2207 841 2622 921 paupertatis.
2663 840 2826 905 Nam
2853 843 2923 905 ut
2951 840 3178 922 explicat

769 945 1014 1022 Glossa,
1054 964 1174 1009 non
1209 945 1571 1028 prohibetur
1599 944 1662 1007 id
1694 963 1767 1008 ex
1790 964 1936 1007 vera
1970 945 2370 1023 paupertatis
2413 963 2625 1017 causa,
2657 942 2764 1008 sed
2794 962 2864 1007 ex
2887 945 3178 1022 praetextu

768 1068 879 1112 seu
901 1047 1101 1112 colore
1132 1048 1326 1112 falsae
1351 1049 1465 1112 aut
1493 1048 1674 1112 fictae
1705 1047 2112 1131 paupertatis.
2140 1045 2518 1131 Schmalzgr.
2546 1048 2607 1110 h.
2633 1046 2735 1111 tit.
2761 1067 2860 1110 nn.
2896 1047 3027 1110 194.
3054 1045 3177 1108 195.

947 1152 1016 1213 3⁰
1048 1152 1122 1215 In
1149 1150 1543 1215 monasteriis
1567 1149 1957 1226 monialium,
1990 1150 2068 1214 iis
2092 1168 2358 1232 quoque,
2383 1169 2542 1232 quae
2562 1148 2864 1214 reditibus
2886 1147 3177 1223 abundant,

773 1254 981 1336 potest
1005 1252 1546 1317 indiscriminatim
1571 1252 1648 1317 ab
1669 1252 2041 1335 ingressuris
2065 1253 2164 1316 vel
2186 1253 2480 1336 ingressis
2512 1250 2723 1334 aliqua
2746 1254 2910 1316 certa
2929 1250 3179 1334 pecuniae

771 1374 1017 1420 summa
1072 1355 1261 1419 titulo
1309 1354 1473 1420 dotis
1521 1355 1703 1439 exigi.
1755 1355 1854 1419 Ita
1902 1354 2280 1420 consuetudo
2339 1353 2786 1437 propemodum
2837 1351 3178 1429 universalis

769 1476 959 1539 quam
1008 1456 1260 1539 speciali
1305 1456 1549 1520 indulto
1606 1456 1880 1521 firmavit
1936 1457 2332 1522 Innocentius
2392 1456 2569 1520 VIII.
2625 1455 2878 1520 Accedit
2920 1453 3182 1520 sententia

769 1579 819 1624 S.
869 1558 1094 1644 Congr.
1144 1558 1346 1642 Episc.
1394 1560 1459 1623 et
1502 1558 1798 1644 Regular.
1850 1559 2013 1641 apud
2058 1558 2425 1644 Fagnanum
2465 1559 2540 1638 ad
2589 1579 2726 1642 cap.
2766 1560 2911 1623 Non
2953 1556 3184 1636 amplius

777 1662 834 1724 1.
870 1661 943 1724 de
968 1661 1485 1725 Institutionibus
1516 1682 1575 1725 n.
1605 1663 1731 1738 25„
1769 1680 1926 1743 quae
1959 1661 2473 1738 animadvertens
2506 1661 3058 1727 sanctimonialium
3081 1676 3184 1721 mo-

774 1764 1046 1828 nasteria
1094 1763 1224 1828 sine
1271 1763 1513 1828 dotium
1563 1764 1837 1828 subsidio
1886 1763 1992 1827 diu
2039 1764 2332 1828 sustineri
2376 1782 2499 1828 non
2538 1782 2720 1846 posse
2766 1765 2829 1828 et
2856 1765 3085 1846 propter
3109 1760 3183 1822 in-

774 1867 1067 1949 gruentes
1106 1865 1501 1929 necessitates
1534 1866 1598 1929 et
1621 1884 1801 1929 casus
1833 1865 2187 1948 inopinatos
2220 1865 2581 1948 plerumque
2615 1865 2695 1929 ad
2715 1866 2982 1948 inopiam
3002 1861 3182 1945 redigi,

778 1965 1013 2030 Summ.
1055 1967 1461 2032 Pontificibus
1510 1968 2015 2049 approbantibuS,
2064 1968 2287 2045 sanxit,
2337 1969 2412 2032 ut
2440 1967 2684 2032 dotales
2732 1968 3118 2050 eleemosynae
3155 1982 3184 2026 a

777 2072 1154 2137 monialibus
1200 2075 1584 2137 nwnerariis
1620 2075 2133 2156 persolverentur,
2167 2075 2421 2140 tametsi
2454 2095 2758 2139 numeru-s
2788 2077 2946 2140 esset
2974 2073 3185 2138 taxatus

777 2173 857 2238 ad
889 2194 1245 2239 mensuram
1282 2174 1596 2239 redituum
1619 2176 2000 2240 monasterii.
2037 2174 2337 2241 Schmalz.
2371 2176 2520 2242 ibid.
2559 2197 2618 2240 n.
2652 2179 2802 2242 196.

863 2272 1040 2347 496.
1070 2277 1219 2342 Tres
1246 2278 1453 2341 tamen
1490 2277 1900 2343 limitationes
1930 2278 2066 2343 heic
2090 2278 2418 2343 addendae.
2454 2278 2713 2353 Prima,
2745 2281 2821 2343 ut
2842 2279 3072 2363 pactum
3097 2276 3190 2338 hoc

778 2400 926 2445 casu
963 2400 1085 2445 non
1122 2380 1236 2445 fiat
1266 2381 1339 2445 de
1372 2381 1580 2462 aliquo
1613 2381 1814 2446 dando
1849 2400 1957 2465 pro
1989 2381 2124 2464 ipso
2154 2382 2466 2466 ingressu:
2514 2381 2632 2445 hoc
2662 2381 2852 2461 enim,
2897 2383 3094 2465 utpote
3129 2377 3188 2440 de

782 2483 1113 2565 temporali
1146 2482 1345 2548 dando
1371 2502 1481 2565 pro
1506 2483 1839 2566 spirituali,
1866 2484 2275 2548 simoniacum
2307 2484 2487 2560 foret,
2512 2483 2766 2549 etiamsi
2795 2482 3190 2550 monasterium

779 2587 959 2669 inops
1008 2586 1185 2650 foret.
1238 2585 1542 2662 Secunda,
1577 2588 1651 2650 ut
1697 2606 1819 2651 non
1869 2587 2241 2651 admittatur
2278 2587 2488 2668 aliqua
2524 2586 2822 2652 inhabilis
2853 2607 2921 2651 ex
2951 2587 3072 2651 sola
3110 2600 3192 2665 spe

780 2688 1109 2771 recipiendi
1149 2688 1225 2750 ab
1264 2707 1335 2751 ea
1361 2688 1596 2770 aliquid
1627 2690 2001 2771 temporale3
2037 2708 2182 2752 nam
2213 2690 2362 2752 111110
2385 2688 2524 2752 finis
2555 2690 2980 2773 susceptionis
3006 2688 3074 2752 ab
3105 2685 3190 2749 ad-

783 2789 1179 2854 mittentibus
1210 2790 1488 2855 intentus
1523 2790 1698 2872 isque
1746 2791 2122 2873 principalis,
2170 2791 2332 2855 foret
2368 2790 2605 2872 aliquid
2641 2792 2996 2875 temporale.
3033 2786 3192 2870 Atqui

778 2893 1187 2960 simoniacum
1219 2894 1314 2957 est
1345 2893 1489 2957 dare
1522 2893 1757 2975 aliquid
1796 2894 2118 2976 spirituale
2151 2894 2228 2957 ob
2267 2892 2447 2956 finem
2496 2894 2904 2975 temporalem
2946 2891 3191 2957 extrinse-

780 3018 942 3075 011111,
992 2996 1355 3081 praesertim
1402 2996 1455 3059 si
1500 2996 1552 3060 is
1584 2996 2007 3079 principaliter
2037 2995 2413 3059 intendatur.
2459 2994 2696 3071 Tertia,
2738 2997 2814 3060 ut
2843 2995 2950 3061 dos
2984 3011 3090 3058 non
3128 2989 3190 3053 ab

782 3102 1067 3167 omnibus
1115 3101 1246 3164 sine
1292 3099 1644 3164 discrimine
1678 3099 1987 3182 exigatur;
2034 3099 2120 3162 sic
2158 3098 2321 3162 enim
2353 3116 2670 3181 pauperes,
2706 3118 2888 3182 saepe
2917 3096 3096 3181 magis
3119 3091 3190 3154 di·

778 3223 936 3289 gnae
969 3206 1032 3266 et
1078 3202 1353 3279 idoneae,
1403 3202 1576 3265 statu
1622 3201 1938 3284 religionis
1986 3200 2450 3264 excluderentur
2474 3202 2537 3264 et
2582 3199 2744 3265 aliae
2778 3201 2982 3265 forsan
3023 3197 3189 3263 minus

779 3306 1051 3381 idoneae,
1101 3305 1247 3385 quia
1285 3304 1508 3368 dlvites
1531 3305 1697 3380 sunt,
1730 3304 2171 3386 reciperentur:
2206 3302 2370 3385 quod
2403 3302 2620 3384 utique
2653 3304 2752 3369 est
2789 3298 3189 3369 irrationabile.

774 3407 1077 3473 Schmalz.
1114 3409 1156 3472 1.
1191 3429 1241 3472 0.
1277 3429 1335 3472 11.
1375 3408 1521 3471 197.

877 3512 1139 3592 Quarta,
1165 3513 1428 3596 possunt
1450 3510 1786 3594 regulares,
1813 3511 1947 3573 tam
1971 3509 2090 3573 viri
2112 3528 2301 3590 quam
2325 3508 2607 3587 feminae,
2641 3509 3001 3592 quorumvis
3022 3520 3194 3570 mona-

784 3615 1135 3693 steriorum,
1187 3615 1375 3679 etiam
1423 3613 1710 3691 divitum,
1761 3612 1985 3695 pacisci
2032 3631 2173 3676 cum
2211 3612 2569 3694 parentibus
2614 3615 2679 3677 et
2725 3612 2963 3696 exigere
2998 3609 3193 3673 oertam

784 3718 1203 3797 quantitatem
1229 3717 1521 3800 pecuniae
1544 3717 1642 3781 vel
1660 3716 1926 3780 aliorum
1959 3715 2262 3778 bonorum
2285 3714 2745 3798 temporalium,
2771 3734 2842 3779 ea
2867 3710 3193 3779 conditione,

786 3819 860 3880 ut
916 3837 1171 3898 persona
1234 3819 1297 3881 in
1358 3819 1719 3903 religionem
1782 3818 2067 3899 suscepta
2129 3836 2387 3899 eamque
2448 3816 2741 3901 professa,
2790 3817 3069 3881 contenta
3106 3809 3195 3874 illa

786 3918 1085 4002 portione,
1135 3920 1447 3982 renuntiet
1492 3921 1612 3983 iuri
1667 3919 2030 3984 hereditatis
2085 3918 2182 3983 vel
2237 3918 2493 3984 alterius
2547 3919 2985 4000 cuiuscumque
3027 3913 3195 3979 iustae

791 4020 1255 4104 praetensionis
1284 4020 1492 4097 Ratio,
1528 4022 1674 4102 quia
1700 4025 1848 4085 tunc
1872 4021 2142 4106 exigitur
2177 4022 2377 4088 solum
2404 4022 2743 4104 temporale
2767 4039 2876 4104 pro
2910 4009 3196 4099 temporali

789 4126 850 4187 et
883 4123 1131 4205 quidem
1163 4123 1358 4197 iuste3
1409 4141 1548 4185 cum
1589 4123 1750 4186 enim
1783 4126 2105 4206 susceptus
2153 4125 2214 4187 in
2262 4123 2624 4207 religionem
2655 4144 2763 4207 per
2797 4121 3196 4209 professionem

789 4227 1122 4290 transferat
1156 4225 1362 4291 omnia
1409 4244 1523 4289 sua
1569 4225 1705 4290 iura
1755 4228 1816 4288 et
1851 4227 2032 4303 bona,
2082 4227 2155 4292 de
2201 4228 2427 4310 quibus
2466 4232 2608 4292 ante
2645 4227 3071 4311 professionem
3099 4236 3196 4283 non

798 4326 977 4390 aliter
1009 4328 1334 4411 disposuit,
1370 4329 1434 4391 in
1480 4328 1656 4391 illam
1705 4329 1997 4393 transfert
2028 4331 2216 4394 etiam
2249 4329 2346 4394 ius
2377 4329 2759 4407 hereditatis,
2791 4327 2973 4393 modo
3003 4337 3198 4389 succos-

790 4427 980 4491 sionis
1014 4430 1416 4495 hereditariae
1465 4449 1655 4511 capax
1702 4431 1811 4495 sit:
1862 4451 1983 4496 non
2017 4434 2262 4496 tenetur
2309 4434 2518 4496 autem
2565 4433 2782 4517 religio
2813 4432 2911 4496 ius
2947 4425 3089 4493 illud
3127 4440 3199 4486 re-

790 4529 1037 4593 mittere
1063 4532 1279 4614 gratis,
1314 4552 1456 4595 cum
1488 4532 1742 4597 subinde
1777 4534 1952 4597 valde
1988 4534 2070 4597 sit
2095 4534 2499 4598 aestimabile.
2532 4534 2697 4618 Ergo
2737 4552 2843 4617 pro
2875 4533 3002 4596 eius
3024 4524 3200 4593 remis-

820 4632 958 4695 ione
993 4634 1200 4715 potest
1226 4633 1453 4716 aliquid
1493 4637 1832 4719 temporale
1865 4636 2026 4699 iuste
2064 4637 2322 4720 exigere.
2357 4634 2659 4700 Solimalz.
2695 4635 2836 4701 ibid.
2878 4654 2935 4698 n.
2980 4630 3108 4694 198.
