3497 5147
719 339 832 394 852
930 351 1143 392 TnAcT.
1170 348 1433 393 v1.snc'r.
1459 351 1498 389 1.
1526 348 1611 388 nn
1635 347 1828 387 muno
1852 345 2068 386 manc.
2098 344 2425 386 nmoALoor.
2452 345 2570 386 car
2595 344 2661 384 11.
2685 345 2826 386 nun.
2860 346 2949 385 111.
3042 329 3187 404 1443]

816 445 1000 518 443.
1035 448 1193 528 Quid
1244 448 1328 511 sit
1358 466 1456 511 res
1503 446 1866 529 spiritualia,
1903 444 2127 526 quidve
2159 445 2246 508 rei
2278 443 2590 528 spirituali
2625 443 2720 507 ita
2757 443 3079 520 adnexum,
3111 446 3184 509 ut

736 570 806 615 ea
839 572 979 615 cum
1012 551 1342 633 temporali
1389 552 1740 633 permutare
1788 549 1872 612 sit
1916 548 2127 611 reatus
2159 547 2476 624 simoniae,
2510 547 2778 610 breviter
2806 546 2881 609 A.
2916 548 3183 629 exponit.

818 654 852 691 *
880 654 1126 717 Scilicet
1157 673 1259 716 res
1297 651 1667 732 Spiodtualis
1704 652 1800 716 est
1845 649 1979 713 heic
2023 649 2324 731 quidquid
2355 649 2823 732 supernaturale
2860 652 2955 713 est
3000 652 3065 713 et
3108 651 3179 714 ad

728 755 1003 818 ordinem
1030 757 1269 837 spectat
1293 755 1667 834 sanctitatis,
1695 755 1921 839 gratia,
1955 755 2362 832 sacramenta,
2397 753 2741 818 iurisdictio
2775 754 3185 818 ecclesiastica

729 858 982 938 eiusque
1013 877 1181 936 usuS,
1217 857 1514 938 reliquiae
1546 855 1671 934 SS.‚
1708 855 2182 921 sacramentalia
2212 858 2328 919 etc.

820 960 1167 1024 Annexum
1189 980 1333 1025 vero
1350 959 1676 1040 spirituali
1697 961 1794 1025 est
1818 959 2053 1041 aliquid
2076 959 2415 1041 temporale
2438 979 2580 1023 cum
2605 959 2918 1042 spirituali
2943 959 3187 1023 coniun-

732 1066 924 1127 ctum.
968 1064 1215 1146 Triplex
1263 1064 1672 1147 distinguitur
1719 1063 2074 1127 annexionis
2120 1060 2375 1136 modus;
2422 1081 2568 1125 nam
2614 1063 2955 1144 temporale
3003 1080 3186 1126 anne-

724 1164 922 1227 ctitur
969 1165 1283 1246 spirituali
1328 1166 1428 1228 vel
1456 1164 1886 1228 antecedenter
1923 1165 2021 1227 vel
2066 1165 2547 1227 concomitanter
2590 1164 2690 1227 vel
2728 1167 3183 1245 consequenter.

732 1266 1104 1330 Annectitur
1134 1267 1586 1341 antecedenter,
1620 1287 1761 1330 cum
1794 1286 1890 1330 res
1923 1266 2284 1348 temporalis
2319 1266 2445 1329 iam
2472 1285 2578 1348 per
2609 1285 2673 1330 se
2710 1266 2953 1329 exsistit
2982 1285 3190 1330 suum·

725 1387 849 1449 que
881 1371 1200 1452 proprium
1234 1371 1473 1434 obtinet
1518 1371 1791 1433 valorem
1825 1370 2003 1450 eique
2034 1368 2356 1450 spirituale
2403 1367 2856 1450 superadditur,
2890 1369 3021 1432 sine
3067 1387 3186 1449 quo

728 1471 865 1553 ipsa
913 1491 1043 1536 esse
1092 1475 1331 1554 potest:
1380 1473 1472 1537 ita
1519 1472 1689 1535 calix
1734 1472 2147 1547 consecratuS,
2185 1469 2476 1549 templum
2505 1473 2932 1534 consecratum
2965 1471 3064 1534 vel
3095 1471 3189 1534 be-

729 1573 1063 1652 nedictum,
1112 1574 1316 1639 altare
1365 1578 1480 1640 etc.
1530 1575 1899 1638 Annectitur
1946 1573 2285 1655 temporale
2330 1572 2642 1654 spirituali
2686 1575 3186 1649 concomitanter,

730 1676 893 1757 quod
926 1696 1065 1740 cum
1116 1697 1186 1742 eo
1234 1678 1562 1742 intrinsece
1607 1678 1700 1741 ita
1746 1677 2146 1740 coniunctum
2192 1677 2304 1750 est,
2354 1675 2429 1739 ut
2474 1675 2538 1738 et
2581 1675 2769 1738 simul
2800 1676 2930 1739 sint
2966 1678 3033 1739 et
3064 1676 3187 1739 sine

732 1781 1064 1861 temporali
1110 1781 1436 1862 spirituale
1483 1799 1614 1844 esse
1658 1780 1959 1861 nequeat:
2010 1777 2364 1841 huiusmodi
2395 1796 2590 1841 unum
2621 1780 2734 1854 est,
2766 1797 2986 1860 nempe
3015 1778 3188 1842 labor

736 1882 1029 1965 corporis,
1066 1883 1176 1965 qui
1207 1884 1546 1966 suscipitur
1580 1883 1644 1947 in
1677 1882 2087 1946 celebratione
2118 1879 2367 1956 Missae,
2408 1879 2944 1944 administratione
2976 1879 3189 1943 Sacra-

733 1987 1106 2061 mentorum,
1136 1985 1396 2067 aliisque
1420 1986 1643 2049 divinis
1670 1985 1888 2049 officiis
1914 1982 2292 2067 peragendis.
2313 1981 2689 2045 Intrinsecus
2709 1982 2968 2064 inquam
2992 1983 3185 2058 labor,

734 2086 846 2168 qui
876 2106 1093 2169 nempe
1139 2088 1518 2152 necessarius
1556 2090 1670 2159 est,
1710 2088 1785 2150 ut
1821 2107 1893 2150 ea
1940 2105 2124 2168 opera
2169 2085 2566 2168 peragantur,
2609 2083 3076 2168 distinguendus
3108 2083 3186 2147 ab

736 2206 809 2251 eo
833 2188 1063 2265 labore,
1093 2189 1201 2270 qui
1232 2190 1607 2253 extrinsecus
1640 2189 1890 2263 dicitur,
1918 2207 1987 2253 eo
2020 2187 2186 2269 quod
2212 2206 2281 2250 ex
2313 2205 2501 2250 causa
2525 2186 2865 2250 extrinseca
2889 2186 3187 2270 provenit,

733 2292 809 2354 ut
843 2291 965 2355 iter
998 2292 1414 2375 peragendum
1454 2311 1563 2375 pro
1595 2290 1956 2356 celebranda
1988 2290 2202 2367 Missa,
2236 2289 2384 2353 item
2416 2290 2604 2372 longa
2636 2288 2857 2353 dilatio
2897 2288 3189 2372 temporis

734 2412 845 2476 pro
894 2394 1025 2457 eius
1074 2413 1208 2458 sera
1255 2395 1662 2459 celebratione
1699 2395 1814 2457 etc.

825 2496 1198 2561 Annectitur
1228 2498 1569 2580 temporale
1606 2496 1920 2581 spirituali
1967 2497 2423 2576 consequenter,
2472 2493 2636 2576 quod
2682 2494 3012 2578 spirituale
3058 2513 3193 2579 sup-

739 2600 917 2683 ponit
954 2600 1031 2663 ab
1063 2619 1256 2680 eoque
1288 2600 1561 2681 profluit,
1596 2602 1670 2662 ut
1714 2599 1814 2663 ius
1845 2598 2213 2682 percipiendi
2252 2598 2487 2663 reditus
2524 2598 2992 2672 ecclesiasticos,
3032 2597 3193 2680 quod

740 2702 1036 2783 supponit
1083 2701 1371 2766 Officium
1417 2720 1525 2766 seu
1569 2701 1987 2765 ministerium
2019 2700 2361 2783 spirituale,
2393 2703 2644 2783 propter
2679 2702 2845 2782 quod
2876 2702 3193 2767 obtinetur

725 2802 884 2865 illud
914 2802 1033 2866 iuS.

824 2903 1088 2967 Nomine
1120 2923 1265 2969 vero
1301 2907 1627 2985 emptionis
1659 2909 1721 2970 et
1752 2906 2131 2969 venditionis
2153 2905 2326 2969 venit
2354 2905 2617 2986 quilibet
2646 2908 3026 2984 contractus,
3061 2925 3192 2970 one-

735 3024 916 3070 rosus
962 3008 1025 3071 et
1070 3008 1416 3090 reciprocus
1452 3026 1562 3073 seu
1609 3009 1923 3089 quaelibet
1968 3007 2322 3072 huiusmodi
2369 3007 2692 3072 conventio
2739 3010 2877 3071 tum
2908 3027 3188 3091 expressa

736 3108 878 3172 tum
928 3110 1142 3186 tacita,
1176 3110 1240 3173 vi
1285 3111 1462 3175 cuius
1508 3112 1834 3194 spirituale
1881 3130 1992 3194 pro
2039 3111 2366 3194 temporali
2413 3111 2593 3176 detur
2639 3112 2703 3175 et
2746 3112 3042 3176 vicissim.
3083 3113 3190 3176 Est

722 3229 1090 3276 communis

820 3314 1151 3379 Rationem
1212 3316 1354 3381 vitii
1410 3315 1719 3381 Simonias
1781 3317 2079 3399 expressit
2133 3317 2356 3381 Petrus
2414 3317 2697 3398 inquiens
2743 3316 3010 3382 Simoni:
3055 3315 3187 3380 Do—

726 3437 884 3480 num
913 3417 1044 3482 Dei
1089 3420 1468 3483 existimasti
1500 3421 1776 3500 pecunia
1811 3419 2151 3499 possidere.
2184 3420 2324 3484 Act.
2357 3420 2534 3483 VIII.
2570 3422 2674 3484 20.
2715 3418 3004 3484 Christus
3050 3438 3189 3484 vero

734 3519 966 3584 Matth.
1000 3520 1079 3584 X.
1114 3523 1174 3585 8.
1208 3522 1424 3587 iubens
1456 3523 1655 3607 gratis
1686 3523 1822 3587 dari
1852 3522 2017 3604 quod
2063 3523 2260 3607 gratis
2294 3524 2614 3604 acceptum
2651 3522 2764 3598 est,
2805 3523 2942 3585 tum
2975 3522 3189 3605 princi-

734 3623 908 3705 pium
939 3624 1224 3707 generale
1271 3625 1500 3689 statuit
1546 3625 1751 3707 quoad
1800 3625 2007 3689 omnia
2053 3626 2214 3689 bona
2245 3624 2762 3707 supernaturalia,
2798 3625 2937 3688 tum
2969 3625 3190 3708 specia-

736 3725 857 3787 tim
904 3725 1039 3789 dari
1075 3728 1274 3810 gratis
1321 3727 1507 3792 iussit
1542 3728 1836 3792 notitiam
1873 3727 2034 3804 fidei,
2069 3745 2250 3791 usum
2280 3727 2612 3809 potestatis
2660 3727 3087 3791 sanctificandi
3130 3729 3189 3791 et

736 3827 1108 3910 gratiarum,
1145 3848 1303 3909 quae
1335 3830 1627 3894 dicuntur
1657 3830 1857 3915 gratis
1895 3830 2096 3906 datae,
2130 3830 2574 3893 miraculorum
2611 3831 2727 3894 etc.
2750 3831 2786 3868 *

822 3923 1007 3997 444.
1042 3929 1279 3995 Auctor
1326 3932 1495 4005 dicit,
1530 3952 1649 3997 non
1696 3951 1876 4015 posse
1915 3932 2243 3996 simoniam
2291 3950 2422 3995 esse
2467 3933 2786 4014 peccatum
2833 3933 3077 3997 veniale
3119 3952 3185 3997 ex

736 4032 1049 4115 parvitate
1095 4033 1412 4110 materiae,
1447 4034 1548 4098 sed
1585 4036 1791 4100 solum
1839 4053 1911 4098 ex
1942 4033 2402 4116 imperfectione
2441 4035 2650 4108 actus;
2686 4035 2834 4117 quia
2871 4036 2937 4099 in
2977 4036 3189 4117 quavis

732 4136 1032 4199 materiae
1064 4136 1419 4216 quantitate
1450 4137 1640 4201 etiam
1670 4137 1793 4201 levi
1833 4138 1969 4201 tota
2003 4136 2177 4201 adest
2214 4135 2458 4199 malitia
2489 4137 2808 4203 simoniae.

824 4237 1058 4303 Verum
1092 4239 1241 4303 bene
1281 4238 1551 4304 advertit
1586 4242 1730 4323 post
1770 4241 1924 4304 alios
1963 4259 2010 4303 S.
2038 4239 2394 4321 Alphonsus
2425 4258 2485 4302 n.
2520 4242 2648 4319 40„
2681 4241 2744 4304 id
2776 4242 2984 4307 valere
3015 4243 3088 4306 de
3116 4242 3187 4305 si·

733 4342 963 4418 monia,
1004 4362 1161 4423 quae
1193 4343 1327 4407 iure
1363 4344 1640 4408 naturali
1669 4363 1779 4407 seu
1811 4342 2018 4407 divino
2051 4342 2434 4425 prohibetur.
2476 4342 2545 4405 In
2579 4344 2842 4409 simonia
2875 4347 3083 4411 autem
3115 4344 3183 4408 de

735 4442 870 4506 iure
907 4463 1072 4508 mere
1106 4445 1538 4523 ecclesiasticO,
1575 4446 1890 4529 probabile
1923 4449 2018 4510 est
2064 4445 2198 4509 dari
2244 4445 2618 4529 parvitatem
2650 4450 2969 4513 materiae.
3004 4448 3181 4513 Ratio

730 4546 848 4623 est,
884 4546 1031 4627 quia
1078 4547 1229 4611 haec
1274 4566 1397 4612 non
1436 4549 1816 4632 prohibetur,
1857 4548 2036 4629 quasi
2084 4549 2426 4632 accipiatur
2454 4550 2655 4630 reipsa
2689 4550 3032 4632 temporale
3061 4569 3182 4633 pre·
