3497 5147
392 348 462 422 [9]
924 367 1006 407 AN
1046 364 1422 406 nmmssama
1462 365 1641 406 muns
1676 365 2023 408 ‘nummi-13
2058 366 2304 407 means.
2809 352 2843 407 7

392 463 903 545 quotiescumque
949 463 1134 527 homo
1182 464 1324 545 post
1368 462 1748 546 baptismum
1796 462 2096 527 relabitur
2133 465 2197 528 et
2225 463 2604 528 iustificatur
2650 482 2849 527 sacra-

391 567 601 629 mento
656 566 1090 648 poenitentiae.
1138 565 1226 628 At
1271 583 1414 628 vero
1463 565 1540 628 ad
1586 565 1791 647 ipsum
1845 565 2227 648 baptismum
2274 568 2338 630 et
2383 566 2514 630 eius
2563 565 2848 629 effectum

392 667 731 749 requiritur
776 687 883 751 per
929 687 991 732 se
1038 668 1186 732 fides
1235 667 1519 751 explicita
1577 667 1802 732 horum
1848 669 2323 752 mysteriorum:
2373 668 2681 732 Matthaei
2728 667 2847 731 ult.

391 768 639 833 Euntes
669 768 872 834 docete
908 788 1117 833 onmes
1146 773 1377 851 yenteS,
1406 769 1795 849 baptizantes
1826 789 1927 833 eos
1957 774 2066 834 etc.
2100 771 2292 836 Marc.
2327 771 2442 835 ult.
2469 768 2850 833 Praedicate

392 870 814 953 Evanyelium
843 872 1013 934 omni
1042 874 1398 934 creaturae:
1431 873 1543 952 qai
1562 872 1902 935 crediderit
1935 877 1997 935 et
2018 872 2369 952 baptizatas
2398 872 2609 952 fuerit,
2637 869 2851 934 salvus

395 974 532 1037 erit.
567 973 693 1038 Ubi
726 973 893 1037 vides
925 972 1266 1038 doctrinam
1314 975 1377 1036 et
1420 973 1600 1037 fidem
1635 994 1740 1057 per
1787 993 1851 1037 se
1898 975 2253 1057 praecedere
2302 975 2378 1039 ad
2426 974 2712 1039 effectum
2749 973 2851 1035 ba-

395 1077 607 1159 ptismi
654 1078 717 1141 et
761 1077 853 1141 ita
889 1076 1078 1140 habet
1106 1076 1412 1140 Ecclesiae
1449 1094 1617 1153 usuS,
1660 1078 1732 1140 ut
1769 1076 1938 1159 prius
1969 1078 2361 1142 instruantur
2391 1078 2454 1141 in
2487 1076 2623 1153 fide,
2661 1095 2850 1157 quam

392 1179 785 1262 baptizentur
816 1204 878 1240 ».

480 1281 577 1344 Ad
607 1280 961 1357 secundum,
997 1298 1212 1362 nempe
1250 1299 1358 1344 cur
1388 1281 1539 1343 haec
1576 1280 1724 1344 fides
1758 1280 2028 1345 sufficiat
2063 1282 2129 1345 in
2160 1284 2329 1355 voto,
2363 1281 2750 1365 respondent,
2778 1280 2854 1343 ut

394 1384 520 1449 iam
568 1382 912 1459 innuimus,
954 1382 1017 1445 id
1063 1400 1388 1446 commune
1436 1401 1565 1445 esse
1611 1383 1707 1457 iis,
1743 1402 1901 1465 quae
1935 1386 2274 1448 necessaria
2314 1385 2460 1448 sunt
2498 1404 2568 1448 ex
2605 1384 2855 1447 institu-

394 1487 579 1563 tione,
615 1486 688 1548 ut
717 1486 1174 1549 sacramentum
1211 1484 1504 1566 baptismi
1538 1486 1602 1548 et
1633 1485 2082 1567 poenitentiae·‚
2125 1505 2306 1569 porro
2340 1486 2488 1550 fides
2527 1486 2677 1549 haec
2723 1482 2856 1547 Tri-

393 1589 609 1653 nitatis
634 1589 699 1652 et
730 1587 1182 1651 lucarnationis
1215 1588 1422 1669 potest
1454 1587 1753 1670 implicite
1787 1588 1996 1651 haberi
2031 1588 2095 1650 in
2131 1589 2277 1652 voto
2312 1588 2388 1651 ab
2420 1588 2550 1664 illo,
2586 1587 2693 1667 qui
2725 1586 2854 1649 Deo

395 1691 696 1755 revelanti
725 1691 853 1754 iam
885 1689 1097 1754 credit.

486 1793 581 1857 Ad
627 1793 903 1869 tertium,
955 1790 1283 1855 discrimen
1334 1790 1604 1854 ostendit
1650 1790 1829 1874 Lugo
1877 1791 1918 1853 l.
1970 1810 2020 1853 c.
2070 1791 2385 1872 inquiens:
2443 1816 2477 1849 «
2523 1790 2858 1873 respondeo

401 1894 687 1970 breviter,
725 1893 904 1957 fidem
936 1892 1292 1976 explicitam
1333 1893 1559 1956 horum
1604 1892 2048 1976 mysteriorum
2097 1912 2227 1956 esse
2272 1892 2545 1956 medium
2592 1910 2863 1956 necessa-

404 1997 567 2060 rium
606 1996 833 2060 adultis
865 1995 940 2059 ad
973 1996 1240 2078 primam
1272 1994 1778 2059 iustificationem
1804 1995 1866 2058 in
1892 2015 1955 2058 re
1987 1995 2084 2059 vel
2118 1995 2179 2058 in
2204 1996 2387 2072 vot03
2416 1995 2563 2077 quia
2597 1995 2694 2059 vel
2725 1995 2861 2077 ipsa

400 2099 548 2163 fides
587 2100 683 2163 vel
721 2101 940 2163 votum
969 2099 1166 2181 ipsius
1198 2098 1378 2162 debet
1409 2098 1764 2162 antecedere
1797 2099 1870 2161 ut
1901 2097 2224 2182 dispositio
2258 2098 2529 2180 positiva
2561 2098 2862 2180 requisita

401 2201 479 2267 ad
503 2202 770 2285 primam
792 2199 1317 2265 iustificationem.
1352 2197 1529 2278 Quod
1566 2217 1689 2263 nou
1714 2199 2028 2263 invenitur
2049 2200 2114 2263 in
2140 2200 2280 2264 aliis
2314 2202 2689 2283 praeceptis:
2715 2218 2863 2263 nam

398 2304 545 2368 licet
565 2305 788 2368 votum
812 2321 1026 2366 eorum
1046 2301 1131 2366 sit
1153 2300 1478 2384 dispositio
1503 2300 1824 2382 requisita,
1846 2302 1980 2385 ipsa
1998 2304 2207 2366 tamen
2225 2303 2536 2386 praecepti
2557 2301 2862 2384 impletiO,

400 2407 645 2490 quando
678 2405 989 2489 praecedit
1016 2404 1542 2478 iustificationem,
1579 2423 1699 2467 non
1748 2406 1844 2468 est
1888 2404 2211 2487 dispositio
2244 2407 2564 2486 requisita,
2599 2405 2865 2488 positive

402 2508 661 2573 influens
699 2507 763 2571 in
801 2506 1327 2572 iustificationem.
1363 2506 1450 2570 At
1496 2525 1640 2569 vero
1687 2505 1837 2570 fides
1871 2506 2094 2570 horum
2132 2507 2571 2592 mysteriorum
2597 2507 2867 2592 exigitur

403 2632 508 2696 per
553 2630 619 2677 se
668 2611 746 2675 ad
794 2611 1060 2694 primam
1107 2609 1615 2674 iustificationem
1664 2635 1724 2672 ».
1776 2609 1969 2685 Unde,
2023 2611 2114 2673 ait
2160 2608 2385 2674 Suarez
2431 2610 2474 2673 1.
2525 2629 2576 2673 c.
2624 2629 2684 2672 n.
2741 2610 2865 2686 19„

408 2714 650 2797 quando
682 2713 1017 2798 contigerit
1048 2711 1377 2777 iustificari
1410 2713 1721 2777 hominem
1757 2713 1900 2775 ante
1946 2711 2141 2788 illam,
2178 2713 2425 2776 tenetur
2456 2713 2693 2795 postea,
2728 2729 2871 2773 cum

410 2818 677 2901 primum
715 2817 932 2900 possit,
973 2816 1256 2899 explicite
1289 2814 1550 2890 credere,
1587 2817 1659 2877 ut
1698 2813 1986 2896 suppleat
2009 2813 2172 2894 quod
2204 2814 2268 2876 in
2302 2812 2742 2877 iustificatione
2774 2811 2871 2875 de-

406 2920 545 2985 fuit.
585 2920 702 2984 Est
733 2918 1041 3004 optimum
1089 2917 1439 3000 exemplum
1487 2935 1558 2979 ex
1603 2916 1868 2979 materia
1917 2914 1991 2978 de
2038 2915 2452 2998 poenitentia3
2501 2934 2647 2978 nam
2695 2914 2872 2979 dolor

408 3022 689 3087 formalis
735 3022 809 3086 de
856 3022 1122 3105 peccatis
1186 3019 1534 3084 commissis
1583 3038 1688 3101 per
1746 3036 1811 3082 se
1863 3020 1960 3081 est
2013 3016 2286 3081 medium
2331 3016 2750 3080 necessarium
2799 3015 2875 3079 ad

409 3123 897 3206 consequendam
944 3124 1368 3188 remissionem
1400 3121 1829 3203 pcccatorum:
1879 3119 2285 3182 nihilominus
2318 3119 2372 3182 si
2404 3120 2694 3202 peccatur
2732 3137 2874 3181 cum

410 3226 642 3291 actuali
680 3227 1167 3292 consideratione
1191 3225 1307 3289 Dei
1333 3225 1396 3288 et
1419 3222 1694 3287 naturali
1724 3221 2282 3286 inconsideratione
2309 3222 2703 3303 peccatorum
2738 3238 2876 3284 con-

410 3329 692 3394 vertatur
720 3328 784 3393 in
824 3330 1024 3394 Deum
1055 3347 1162 3412 per
1194 3345 1469 3391 amorem
1507 3344 1689 3407 super
1723 3324 1950 3401 omnia,
1979 3323 2198 3387 statim
2236 3322 2634 3405 consequitur
2665 3320 2875 3385 remis·

412 3432 647 3496 sionem
692 3433 1089 3514 peccatorum
1135 3430 1450 3511 (manente
1508 3426 1889 3511 obligatione
1945 3424 2300 3509 poenitendi
2346 3425 2647 3507 explicite,
2698 3424 2876 3487 cuius

412 3535 630 3598 votum
667 3536 763 3598 est
798 3533 860 3597 in
897 3533 1032 3616 ipso
1074 3532 1218 3596 actu
1255 3530 1592 3612 caritatis);
1636 3530 1785 3611 quia
1816 3530 1879 3592 in
1919 3548 1990 3593 eo
2023 3546 2190 3604 casu,
2227 3546 2369 3590 cum
2408 3545 2514 3609 per
2561 3527 2872 3590 hominem

413 3655 533 3701 non
573 3638 720 3709 stet,
753 3635 986 3700 sufficit
1015 3635 1193 3699 dolor
1224 3633 1458 3697 virtute
1496 3633 1559 3696 et
1589 3633 1737 3696 voto
1777 3632 1840 3694 in
1881 3648 2089 3695 amore
2120 3629 2449 3693 contentus
2480 3653 2541 3690 ».

504 3737 569 3803 Si
614 3738 765 3802 haec
813 3736 1022 3802 omnia
1066 3736 1186 3800 rite
1230 3734 1581 3807 teneantur,
1615 3732 1791 3796 nulla
1838 3733 2045 3814 potest
2092 3749 2223 3795 esse
2263 3729 2630 3804 difficultas3
2665 3727 2880 3792 eadem

423 3838 650 3904 scilicet
678 3841 774 3904 est
809 3839 993 3915 ratio,
1029 3839 1103 3902 ut
1135 3838 1227 3902 ait
1258 3836 1458 3920 Lug0,
1486 3834 1559 3897 de
1592 3834 1958 3897 necessitate
1983 3831 2279 3915 baptismi
2316 3834 2380 3897 et
2410 3831 2484 3896 de
2517 3830 2881 3895 necessitate

418 3941 590 4006 illius
624 3942 765 4007 fidei
795 3945 860 4007 et
890 3943 1054 4006 sicut
1083 3940 1451 4025 baptismuS‚
1486 3938 1579 4001 ita
1614 3936 1724 4001 illa
1762 3936 1912 4000 fides
1957 3936 2078 4000 dici
2126 3936 2334 4019 potest
2371 3935 2646 4000 medium
2683 3950 2885 3997 neccs-

419 4045 652 4110 sarium
700 4045 776 4110 ad
824 4045 1093 4109 salutem
1139 4044 1201 4108 in
1253 4062 1317 4106 re
1364 4042 1465 4106 vel
1512 4041 1573 4105 in
1622 4041 1794 4104 voto.
1829 4041 1862 4078 '¹‘

509 4148 576 4221 9.
610 4151 683 4214 In
714 4150 832 4214 hac
865 4151 1075 4214 autem
1099 4148 1462 4230 quaestione
1487 4165 1565 4209 an
1603 4144 1752 4208 fides
1778 4143 2064 4227 explicita
2092 4144 2316 4207 Trinit.
2355 4145 2417 4207 et
2446 4144 2644 4207 Incar.
2674 4140 2758 4205 sit
2787 4159 2888 4203 ne-

422 4254 684 4318 cessaria
708 4252 1074 4317 necessitate
1096 4249 1301 4327 medii,
1327 4248 1559 4313 frustra
1585 4247 1959 4330 provocatur
1998 4246 2075 4309 ad
2107 4263 2352 4328 propos,
2391 4245 2495 4307 64.
2522 4242 2886 4308 damnatam

422 4355 500 4419 ab
544 4354 905 4420 Innocentio
935 4353 1084 4418 XL:
1113 4350 1527 4415 absolutionis
1573 4368 1776 4428 capax
1822 4351 1917 4412 est
1959 4346 2154 4419 homo,
2205 4347 2604 4426 quantumvis
2653 4342 2894 4407 laboret

421 4458 787 4539 iynorantia
815 4456 1254 4539 mysteriorum
1283 4452 1435 4534 fidei
1469 4456 1531 4515 et
1558 4451 1808 4515 etiamsi
1832 4470 1956 4530 per
1986 4449 2436 4532 -neyl‘e'qentiam
2460 4449 2648 4511 etiam
2685 4444 2891 4522 culpa-

424 4559 613 4624 bilem
641 4560 881 4624 nesciat
900 4557 1266 4640 mysterium
1294 4575 1377 4620 ss.
1417 4554 1761 4618 Trinitatis
1785 4556 1846 4616 et
1873 4551 2351 4616 Imm-nationis
2374 4550 2641 4614 Domini
2661 4544 2894 4610 Nostri
