3497 5147
669 330 779 384 266
882 342 1095 383 TRACT.
1124 343 1201 383 vr.
1231 341 1391 383 sacr.
1420 344 1459 381 1.
1498 342 1584 381 nn
1610 342 1802 382 paruo
1826 341 2045 381 rame.
2070 339 2401 381 nncALom.
2429 338 2564 380 car.
2602 340 2644 380 1.
2668 340 2813 381 nun.
2843 341 2899 379 v.
2993 323 3138 399 [363]

670 442 788 506 hoc
824 440 1196 525 experientia
1241 442 1461 504 notum
1509 442 1621 504 est.
1656 438 2045 523 Quapropter
2077 439 2426 504 destructor
2466 438 2632 523 signi
2677 456 2800 502 non
2846 438 3138 502 innititur

669 544 851 627 pacto
883 543 1039 607 inito
1079 562 1116 605 a
1148 542 1444 607 daemone
1477 542 1604 607 sive
1651 561 1861 607 secum
1901 541 2030 606 sive
2077 560 2217 604 cnm
2266 541 2410 616 alio,
2446 542 2519 605 ut
2550 540 2717 605 certo
2752 539 2965 604 credat
3009 559 3138 603 ma-

667 646 936 710 leficium
983 644 1416 719 interiturum3
1467 664 1611 709 nam
1659 664 1771 709 nec
1809 663 1962 727 opus
2000 646 2095 709 est
2142 647 2216 707 ut
2246 643 2319 708 de
2357 644 2474 708 hac
2518 663 2583 707 re
2629 644 2713 707 sit
2751 643 2991 719 certus;
3033 662 3140 706 cur

669 748 879 812 autem
925 748 988 811 id
1035 747 1246 811 credat
1291 748 1680 823 eventurum,
1721 749 1815 811 est
1860 747 1997 829 ipsa
2040 747 2289 824 notitia,
2338 765 2497 828 quae
2544 765 2651 830 per
2696 745 3136 828 experientiam

668 850 951 926 habetur,
985 849 1356 933 regulariter
1394 852 1456 912 et
1479 849 1864 931 frequentius
1887 849 1980 913 ita
2012 849 2386 934 contingere,
2422 850 2495 911 ut
2519 849 2716 913 cesset
2738 847 3132 923 maleficium,

669 952 879 1016 ablato
906 951 1103 1035 signo.
1132 950 1429 1030 Quocirca
1455 952 1785 1015 honestum
1817 954 1912 1015 est
1935 952 2085 1015 haec
2109 952 2288 1035 signa
2310 951 2651 1027 destruere3
2680 951 2744 1014 et
2765 968 2915 1014 sane
2938 968 3136 1013 nonne

666 1053 1099 1136 superstitiosa
1147 1054 1421 1117 amuleta
1468 1055 1616 1117 sunt
1662 1054 1842 1138 signa.
1878 1053 2140 1118 foederis
2188 1073 2330 1117 cum
2378 1053 2675 1117 diabolo?
2719 1071 2878 1135 quae
2924 1054 3134 1116 tamen

669 1156 975 1238 optimum
1008 1156 1103 1218 est
1135 1155 1445 1219 destruere
1479 1175 1673 1238 neque
1708 1158 1803 1219 est
1835 1156 2000 1220 ullus
2033 1155 2442 1221 confessarius
2474 1155 2612 1238 pius
2660 1157 2725 1219 et
2756 1153 2989 1231 doctuS,
3024 1154 3134 1236 qui

668 1258 1084 1341 poenitentem
1103 1258 1389 1321 absolvat
1412 1258 1582 1340 prius
1608 1277 1796 1340 quam
1822 1259 1972 1322 haec
1998 1258 2299 1323 destruat.
2331 1258 2506 1323 Unde
2530 1256 2939 1334 concluditur,
2968 1255 3140 1338 quod

668 1360 815 1424 talis
862 1360 1197 1424 destructio
1247 1378 1368 1425 non
1415 1360 1618 1424 solum
1666 1360 1843 1424 licita
1888 1362 2000 1436 est,
2044 1361 2147 1425 sed
2185 1380 2291 1443 per
2337 1379 2402 1425 se
2448 1360 2754 1442 loquendo
2803 1360 2901 1422 est
2946 1358 3141 1422 etiam

666 1466 992 1546 praecepta
1017 1482 1202 1546 mago
1228 1463 1477 1544 quidem
1510 1483 1582 1527 ex
1612 1462 1878 1541 iustitia,
1909 1464 2048 1527 aliis
2074 1484 2144 1528 ex
2176 1464 2459 1528 caritate.
2489 1460 2711 1527 Cetera
2741 1463 2933 1526 clara.
2962 1462 2996 1500 *
3024 1460 3139 1525 Sed

666 1565 848 1629 fflud:
890 1569 1107 1628 contra
1138 1563 1434 1628 Delrium
1457 1565 1573 1630 sub
1597 1585 1874 1639 numero,
1902 1566 1974 1628 4⁰
1998 1566 2179 1630 debet
2216 1586 2345 1630 esse
2383 1566 2678 1629 mendum
2716 1584 2862 1629 nam
2889 1564 3139 1628 Delrius

668 1667 927 1749 disquis,
962 1668 1183 1749 mayz'c.
1219 1668 1260 1731 1.
1297 1668 1355 1731 6.
1392 1688 1441 1732 c.
1480 1670 1540 1733 2.
1570 1670 1629 1732 9.
1666 1668 1726 1731 3.
1755 1668 1917 1732 idem
1944 1668 2123 1733 docet
2154 1669 2318 1752 quod
2351 1668 2480 1744 alii,
2516 1686 2671 1750 quos
2705 1668 3046 1751 praevertit
3078 1669 3139 1730 et

669 1771 775 1853 qui
798 1771 1005 1853 ipsum
1036 1770 1253 1833 citant.

776 1932 1032 1985 xxxvn.
1060 1933 1303 1998 Quaeres:
1334 1933 1593 1999 Quomodo
1619 1932 1931 1987 confessario
1958 1934 2194 1997 agendum
2223 1947 2332 1986 cum
2362 1931 2751 1990 Divinatoribus,
2778 1929 2932 1995 Magis
2974 1937 3069 1982 etc.

776 2018 1019 2082 Respond.
1052 2018 1093 2067 l.
1121 2015 1441 2068 Examinandi
1480 2022 1608 2081 sunt,
1639 2024 1980 2083 praeterquam
2019 2019 2080 2071 de
2122 2017 2268 2070 variis
2308 2015 2756 2084 superstitionihuS,
2803 2019 2846 2068 l.
2888 2017 3001 2083 Quo
3041 2016 3134 2067 tine

669 2104 751 2160 tali
775 2104 1111 2172 superstitioni
1136 2120 1189 2159 se
1215 2105 1509 2170 addixerint,
1536 2121 1582 2157 v.
1610 2122 1655 2169 g.
1684 2121 1741 2160 an
1771 2107 1957 2161 ratione
1987 2107 2290 2160 vehementis
2317 2105 2575 2175 passionis»,
2601 2104 2847 2171 tristitiae,
2871 2103 3134 2167 vindictae,

668 2189 905 2243 avaritiae
933 2196 1014 2242 aut
1050 2188 1321 2242 sanctitatis
1361 2205 1536 2243 nomen
1575 2189 1884 2255 conciliandi,
1915 2206 2042 2258 quae
2082 2199 2213 2245 esset
2235 2191 2471 2255 sacrilega
2516 2186 2808 2256 hypocrisis.
2839 2192 2891 2242 2.
2920 2189 2996 2242 De
3022 2203 3136 2253 apo·

670 2274 835 2335 stasia,
862 2273 1137 2327 idololatria
1165 2282 1214 2328 et
1241 2273 1459 2337 haeresi3
1487 2277 1727 2339 abnegant
1755 2275 1882 2328 enim
1915 2274 2161 2329 Christum
2188 2282 2237 2328 et
2267 2277 2439 2337 Deum,
2467 2272 2755 2327 renunciant
2779 2271 3138 2326 Sacramentis:

668 2363 848 2413 hahent
874 2362 1159 2412 daemonem
1188 2375 1276 2426 pro
1301 2362 1403 2412 Deo
1428 2364 1503 2413 vel
1525 2367 1695 2413 sancto
1719 2374 1808 2413 nec
1834 2363 2112 2414 damnatum
2149 2364 2318 2425 putant
2340 2366 2424 2411 aut
2451 2358 2683 2411 miserum
2705 2358 3139 2423 et'consequenter

668 2443 799 2497 illius
826 2445 1037 2497 asseclas
1064 2459 1157 2497 non
1187 2459 1293 2497 esse
1326 2447 1641 2498 damnandos.
1664 2446 1713 2496 3.
1738 2447 1809 2496 De
1831 2444 2147 2512 blasphemiis
2173 2444 2220 2497 in
2245 2446 2399 2497 Deum
2427 2450 2477 2497 et
2501 2447 2722 2505 Sanctos,
2750 2444 2811 2496 dc
2839 2441 3140 2506 sacrilegiis3

671 2531 934 2583 abutuntur
958 2528 1085 2583 enim
1115 2533 1261 2583 rebus
1300 2530 1470 2596 sacriS,
1501 2540 1550 2584 ut
1581 2544 1705 2597 aqua
1746 2530 2018 2593 benedicta,
2049 2529 2353 2584 Eucharistia
2395 2536 2487 2583 etc.
2520 2529 2565 2582 4.
2599 2531 2668 2583 De
2699 2528 2894 2582 luxuria
2935 2535 2986 2581 et
3011 2542 3139 2582 com·

670 2614 903 2670 mixtione
933 2630 1041 2668 cum
1072 2618 1325 2669 daemone.
1348 2618 1395 2666 ὅ.
1427 2619 1498 2668 De
1526 2615 1714 2668 damnis
1739 2614 1963 2681 proximo
1990 2614 2156 2669 illatis
2186 2617 2328 2668 Suar.
2356 2619 2532 2668 Sancb.
2559 2613 2665 2667 Fill.
2693 2615 2814 2666 Bon.
2842 2615 2894 2665 ll.
2922 2628 2997 2666 cc.

777 2701 1058 2753 xxxvul.
1090 2703 1233 2767 Resp.
1263 2703 1310 2752 ⁶2.
1341 2699 1565 2753 Monendi
1591 2706 1719 2762 sunt,
1752 2715 1837 2752 eos
1867 2700 2036 2752 teneri.
2075 2702 2114 2752 1.
2145 2703 2341 2753 Pactum
2368 2713 2670 2766 expressum,
2698 2696 2741 2751 si
2772 2699 2905 2763 quod
2935 2700 3136 2759 babent,

670 2799 777 2836 cum
807 2787 1041 2836 daemone
1069 2792 1151 2837 aut
1178 2784 1522 2838 commercium
1552 2783 1782 2837 abiurare
1809 2790 1857 2837 et
1882 2782 2172 2837 dissolvere.
2201 2788 2250 2836 2.
2278 2783 2454 2837 Libros
2482 2797 2612 2846 sum,
2642 2782 2865 2846 schedaS‚
2902 2780 3142 2846 ligaturas

671 2867 861 2933 aliaque
879 2867 1200 2921 instrumenta
1228 2868 1349 2921 artis
1369 2873 1671 2922 comburere.
1695 2870 1743 2922 3.
1765 2868 2066 2922 Comburere
2085 2867 2482 2935 chirographum,
2503 2867 2546 2920 si
2568 2869 2771 2919 habent:
2796 2865 2837 2918 si
2861 2880 2983 2918 vero
3003 2869 3140 2919 solus

669 2955 877 3005 daemon
904 2952 951 3005 id
980 2955 1173 3014 habeat,
1196 2967 1288 3005 non
1317 2952 1593 3005 necessario
1619 2955 1868 3017 cogendus
1895 2960 1984 3017 est,
2009 2959 2058 3007 ut
2078 2955 2252 3007 reddat
2261 2968 2277 3020 3
2298 2953 2409 3018 quia
2430 2959 2623 3019 pactum
2652 2949 2950 3004 sufficienter
2969 2950 3142 3004 dissol-

669 3036 800 3090 vitur
833 3051 921 3102 per
949 3036 1311 3102 poenitentiam.
1343 3038 1390 3090 4.
1422 3039 1605 3090 Damna
1632 3037 1764 3090 illata
1799 3037 2053 3098 resarcire,
2082 3039 2141 3090 ad
2167 3039 2299 3104 quod
2333 3035 2536 3104 proinde
2570 3034 2714 3088 etiam
2747 3042 2943 3088 tenetur
2970 3034 3139 3089 Fiscus

674 3120 779 3184 (ubi
803 3124 1134 3173 veneticorum
1162 3123 1287 3173 bona
1315 3124 1665 3181 confiscantur)
1693 3121 1763 3175 uti
1789 3128 1838 3174 et
1866 3124 2088 3180 heredes,
2119 3121 2160 3174 si
2187 3123 2247 3174 ad
2274 3136 2360 3175 eos
2386 3124 2513 3174 hona
2547 3119 2824 3173 deveniant.
2850 3122 3016 3184 Laym.
3040 3121 3071 3172 l.
3090 3133 3137 3171 e.

667 3208 807 3259 Suar.
836 3212 869 3257 t.
906 3207 945 3257 1.
976 3203 1040 3257 de
1068 3203 1173 3258 Bel.
1204 3207 1232 3256 Ι.
1263 3209 1312 3257 2.
1341 3221 1383 3258 c.
1417 3207 1498 3258 17.
1526 3209 1702 3260 Sanch.
1731 3207 1765 3259 1.
1795 3222 1836 3259 c.
1864 3220 1906 3258 c.
1939 3207 2022 3259 40.
2051 3206 2159 3260 Fill.
2185 3213 2280 3259 etc.

784 3289 1022 3341 XXXlX.
1052 3290 1298 3356 Respond.
1327 3293 1373 3343 3.
1403 3293 1443 3343 Α
1484 3290 1710 3357 parochis
1753 3290 1936 3344 moneri
1962 3296 2010 3343 et
2035 3305 2061 3343 a
2087 3289 2402 3343 confessariis
2429 3288 2694 3343 examinari
2721 3288 2853 3342 circa
2880 3293 2975 3342 hoc
3004 3304 3143 3357 prae·

671 3380 866 3440 ceptum
896 3372 1200 3438 potissimum
1229 3376 1406 3428 debent
1438 3378 1482 3426 l.
1509 3374 1779 3442 OpilioneS,
1812 3374 1894 3441 qui
1933 3374 2084 3428 variis
2121 3374 2274 3427 dediti
2298 3389 2408 3428 esse
2434 3377 2591 3427 solent
2617 3373 3061 3432 observationibus.
3090 3381 3146 3428 ut

674 3471 871 3522 gregem
900 3472 1041 3510 suum
1069 3472 1095 3510 a
1124 3457 1250 3524 lupis
1282 3460 1362 3512 vel
1388 3458 1551 3511 scabie
1580 3460 1657 3512 vel
1688 3457 1796 3512 aliis
1820 3459 2142 3513 incommodis
2168 3465 2428 3514 tueantur:
2453 3461 2500 3513 2.
2517 3458 2660 3512 Fabri
2681 3458 2890 3520 terrarii,
2910 3458 3144 3524 quicirca

670 3563 825 3614 equos
849 3550 1090 3602 sanandos
1118 3557 1317 3601 utuntur
1343 3548 1511 3601 verbis
1531 3552 1606 3601 vet
1634 3563 1694 3601 ex
1721 3548 1922 3616 psalmis
1943 3549 2021 3603 vel
2047 3564 2108 3602 ex
2130 3548 2350 3602 oratione
2375 3548 2627 3602 Dominica
2649 3548 2924 3614 desumptis
2942 3568 2956 3602 ε
2973 3551 3024 3603 3.
3044 3550 3141 3602 Ru-

669 3631 797 3695 stici,
824 3632 908 3698 qui
935 3635 997 3686 ad
1023 3635 1234 3687 sananda
1263 3647 1439 3700 pecora
1464 3631 1690 3687 inanibus
1716 3640 1765 3688 et
1790 3633 2146 3702 superstitiosis
2184 3633 2617 3688 observationibus
2643 3641 2849 3688 utuntur
2875 3635 2957 3689 vel
2980 3649 3144 3688 recur-

670 3725 781 3771 runt
805 3720 864 3770 ad
894 3718 1074 3783 peritos
1103 3718 1269 3771 talium
1297 3718 1494 3772 artium:
1518 3719 1564 3772 4.
1595 3722 1820 3783 vetulae,
1847 3735 1973 3787 quae
1997 3719 2129 3775 circa
2155 3719 2389 3773 mulieres
2415 3720 2695 3774 laborantes
2719 3719 2770 3773 in
2797 3728 2944 3787 partu
2972 3723 3051 3774 vel
3077 3733 3142 3773 ex

672 3799 877 3853 matrice
903 3815 1054 3854 vanas
1080 3810 1127 3855 et
1154 3802 1523 3868 superstitiosas
1549 3803 1783 3857 adhibent
1822 3804 2085 3867 orationeS,
2113 3806 2163 3857 5.
2190 3803 2381 3866 Milites
2411 3803 2492 3869 qui
2531 3805 2754 3858 deterunt
2791 3818 2960 3858 secum
3000 3819 3140 3857 sacra

670 3883 861 3938 nomina
901 3888 978 3938 vel
1018 3887 1261 3940 orationes
1301 3890 1359 3940 ad
1398 3887 1755 3950 certitudinem,
1794 3891 1925 3954 quod
1965 3888 2012 3941 in
2055 3889 2200 3952 bello,
2229 3892 2306 3942 vel
2348 3889 2512 3941 duello
2552 3903 2647 3941 non
2692 3887 2788 3941 sint
2828 3888 3138 3950 vulnerandi,

678 3984 923 4035 nunquam
963 3984 1103 4036 aqua.
1131 3970 1241 4034 igne
1280 3973 1358 4025 vel
1398 3973 1559 4026 subita
1600 3981 1757 4026 morte
1797 3972 2017 4038 perituri.

759 4112 934 4187 363.
966 4117 998 4152 '⁸‘
1025 4115 1213 4180 Nota.
1250 4117 1341 4181 De
1374 4117 1470 4180 his
1504 4116 1863 4182 criminibus
1903 4115 2382 4197 superstitionis,
2419 4116 2816 4195 divinatione,
2842 4137 3008 4183 vana
3042 4117 3142 4182 ob-

672 4219 986 4282 servantia
1011 4238 1120 4282 seu
1144 4219 1353 4303 magia
1381 4221 1443 4283 et
1468 4218 1770 4282 maleficio
1798 4217 2011 4301 agitur
2035 4218 2096 4281 in
2131 4218 2373 4285 decreto
2402 4239 2454 4284 c.
2479 4219 2710 4284 XXVI.
2740 4239 2796 4284 a.
2819 4241 2878 4303 q.
2907 4221 2950 4284 l.
2978 4220 3055 4285 ad
3077 4223 3135 4283 5.

757 4321 1022 4389 Constat
1060 4325 1212 4389 olim
1244 4325 1645 4396 divinatores,
1679 4342 1919 4408 magoS,
1940 4324 2270 4409 sortilegos
2297 4328 2485 4408 atque
2518 4326 2595 4390 ad
2626 4345 2731 4392 eos
2755 4331 3134 4392 recurrentes

666 4426 1042 4491 subiacuisse
1080 4425 1701 4491 excommunicationi
1738 4424 2019 4490 ferendae
2068 4428 2441 4503 sententiae3
2491 4428 2657 4493 latae
2704 4448 2850 4494 vero
2898 4429 2953 4494 si
3001 4430 3134 4494 hae·

664 4528 817 4593 resis
851 4529 1310 4593 admisceretur.
1334 4527 1453 4590 Illa
1486 4527 1651 4609 prior
1683 4530 2234 4594 excommunicatio
2267 4548 2389 4595 non
2422 4530 2518 4595 est
2548 4530 2801 4595 dicenda
2829 4531 3129 4616 abrogata
