3497 5147
301 373 426 449 [241]
1131 386 1218 426 nn
1254 384 1590 428 3331111330.
1628 384 1780 434 Qum
1814 341 1914 428 ‘srr
2647 375 2754 430 179

305 484 597 569 telligunt,
632 500 956 566 personam
1004 481 1484 547 ecclesiasticam
1522 484 1634 545 aut
1666 482 2029 566 religiosam
2058 484 2310 566 propter
2355 485 2482 548 tale
2520 485 2751 554 crimen

305 606 419 653 esse
459 605 716 652 censura
761 586 1030 670 ligatam
1076 589 1140 650 et
1187 584 1323 650 ideo
1370 603 1494 649 non
1564 584 1926 664 sacrificare,
1978 586 2107 651 sive
2171 589 2497 672 peccatum
2559 589 2643 653 sit
2688 590 2752 652 in

304 694 524 759 actione
578 691 887 770 dissimili,
942 693 1018 757 ut
1063 692 1116 757 si
1161 690 1496 755 inducatur
1550 692 1818 775 populus
1864 711 1937 758 ea
1986 693 2305 758 occasione
2355 693 2432 758 ad
2479 714 2755 760 murmu-

303 796 543 862 randum
589 795 870 880 graviter
916 796 1015 861 vel
1064 795 1141 859 ad
1191 795 1421 859 temere
1467 791 1887 871 iudicandum,
1937 811 2059 858 non
2108 795 2318 859 solum
2349 795 2412 860 in
2468 815 2539 860 ea
2588 815 2756 862 occa-

303 901 475 974 sione,
512 897 621 962 sed
669 896 860 961 etiam
898 899 1115 980 postea
1159 896 1225 959 in
1274 895 1434 970 31113,
1474 896 1572 959 vel
1620 895 1697 959 ad
1746 896 1983 978 aliquid
2041 897 2262 963 simile.
2312 897 2545 964 Parum
2592 900 2755 964 enim

306 1001 488 1079 refert,
523 999 691 1082 quod
721 999 972 1081 peccata
997 999 1124 1062 sint
1151 996 1338 1062 huius
1369 998 1468 1062 vel
1499 997 1670 1063 illius
1693 999 1935 1082 speciei,
1975 1000 2338 1082 praesertim
2370 1001 2423 1064 si
2461 1001 2755 1066 mortalia

304 1104 446 1176 sint3
481 1121 630 1166 nam
667 1119 775 1184 per
807 1101 1014 1166 omnia
1037 1100 1314 1185 graviter
1344 1099 1614 1165 laeditur
1643 1101 1873 1166 caritas
1897 1102 1960 1165 et
1984 1100 2120 1165 ideo
2151 1101 2473 1183 quodlibet
2504 1103 2756 1168 scanda-

303 1205 424 1268 lum
457 1202 834 1280 huiusmodi,
872 1202 1235 1286 praesertim
1267 1201 1584 1285 publicum
1617 1206 1711 1267 est
1742 1203 2184 1287 gravissimum
2215 1202 2531 1268 damnum.
2566 1202 2754 1270 Secus

305 1326 433 1374 vero
476 1306 615 1384 erit,
665 1307 720 1369 si
751 1304 1115 1370 scandalum
1161 1323 1284 1372 non
1329 1305 1395 1368 in
1440 1322 1512 1368 eo
1560 1304 1766 1388 rigore
1814 1305 2119 1380 sumatur,
2154 1303 2260 1368 sed
2296 1302 2549 1385 vulyari
2578 1303 2755 1368 modo

303 1427 402 1492 pro
446 1408 725 1490 quadam
773 1406 1182 1473 admiratione
1227 1425 1385 1488 quae
1425 1406 1587 1470 solet
1631 1424 1704 1470 ex
1751 1406 1961 1487 aliqua
2018 1405 2334 1470 occasione
2398 1406 2755 1472 huiusmodi

303 1511 562 1594 (quando
610 1530 773 1577 nova
819 1511 914 1576 est
951 1511 1015 1573 et
1056 1508 1570 1591 extraordinaria)
1621 1508 1683 1571 in
1731 1507 1908 1590 plebe
1946 1506 2218 1582 excitari,
2258 1525 2400 1572 cum
2447 1506 2757 1590 frequenti

303 1613 803 1682 sermocinatione
834 1613 994 1678 circa
1026 1612 1218 1676 talem
1249 1612 1534 1676 effectum
1579 1611 1643 1674 et
1700 1628 1921 1674 causas
1954 1610 2114 1673 eius:
2164 1628 2321 1690 quae
2370 1610 2597 1686 omnia,
2652 1630 2759 1693 per

302 1735 363 1781 se
417 1716 741 1799 loquendo,
795 1715 1056 1798 possunt
1099 1712 1454 1797 contingere
1500 1713 1630 1777 sine
1678 1712 1928 1795 peccato
1976 1713 2040 1775 et
2083 1710 2219 1774 ideo
2270 1710 2429 1775 illud
2476 1729 2598 1776 non
2661 1714 2758 1777 est

301 1819 531 1900 proprie
580 1816 942 1882 scandalum
988 1817 1053 1879 et
1098 1815 1430 1879 necessitas
1481 1813 1722 1880 vitandi
1753 1814 1935 1878 illum
1968 1831 2281 1878 rumorem
2310 1831 2435 1878 non
2460 1815 2622 1879 esset
2653 1832 2760 1900 per

301 1937 366 1982 se
409 1919 707 1984 sufficiens
766 1938 838 1983 ex
900 1919 1018 1983 hoc
1080 1917 1283 2000 capite
1330 1916 1409 1981 ad
1457 1917 1898 1991 excusandum,
1949 1916 2069 1980 nisi
2113 1915 2253 1981 inde
2325 1916 2564 1984 oriatur
2634 1917 2757 1982 alia

297 2021 606 2086 excusatio
652 2021 723 2086 de
761 2019 1019 2086 vitanda
1049 2019 1230 2105 gravi
1259 2019 1536 2098 infamia,
1573 2037 1732 2101 quae
1771 2038 1843 2083 ex
1875 2019 2232 2084 huiusmodi
2271 2038 2518 2084 rumore
2551 2022 2616 2086 et
2646 2019 2760 2085 fre-

295 2124 502 2205 quenti
525 2124 920 2189 dictitatione
952 2122 1146 2187 creari
1170 2123 1329 2187 solet
1352 2122 1518 2206 (agit
1540 2122 1613 2186 de
1647 2122 2177 2187 excommunicato
2203 2121 2309 2204 qui
2332 2123 2573 2187 ratione
2591 2142 2759 2191 scan-

295 2226 414 2291 dali
446 2225 688 2292 vitandi
726 2227 1116 2291 sacramenta
1149 2225 1469 2290 ministrat
1505 2226 1670 2308 etc.).
1705 2224 1847 2288 Vid.
1882 2224 2029 2289 ibid.
2056 2245 2116 2288 n.
2163 2226 2263 2289 18.

376 2328 434 2394 S.
467 2330 693 2394 Thom.
729 2331 788 2392 2.
825 2331 886 2392 2.
919 2348 978 2410 q.
1013 2328 1119 2391 43.
1160 2329 1279 2391 art.
1312 2328 1368 2390 1.
1400 2350 1413 2392 :
1464 2352 1500 2386 ‹
1534 2326 1898 2403 Dicendum,
1932 2326 2097 2408 quod
2145 2327 2308 2391 sicut
2338 2327 2757 2412 Hieronymus

292 2431 352 2495 in
394 2432 626 2498 Matth.
672 2431 843 2508 dicit,
884 2430 1048 2512 quod
1090 2448 1308 2514 graece
1355 2430 1715 2495 scandalum
1752 2429 2002 2503 dicitur,
2050 2448 2163 2494 nos
2218 2431 2614 2496 offensionem
2660 2431 2758 2495 vel

291 2534 523 2599 ruinam
572 2535 643 2599 et
691 2534 1139 2617 impactionem
1186 2531 1356 2615 pedis
1389 2550 1720 2615 possumus
1752 2533 1972 2598 dicere.
2007 2531 2333 2620 Contingit
2371 2535 2556 2613 enim,
2592 2534 2758 2618 quod

287 2638 659 2720 quandoque
710 2637 939 2718 aliquis
988 2636 1139 2700 obex
1172 2636 1426 2718 ponitur
1458 2636 1648 2700 alicui
1677 2636 1741 2700 in
1775 2635 1878 2700 via
1913 2637 2239 2719 corporali,
2272 2637 2374 2703 cui
2410 2638 2757 2722 impingens

285 2738 638 2823 disponitur
687 2738 764 2805 ad
809 2737 1056 2803 ruinam
1103 2738 1167 2801 et
1213 2737 1360 2801 talis
1394 2738 1544 2803 obex
1575 2737 1804 2802 dicitur
1841 2737 2221 2811 scandalum.
2256 2739 2337 2805 Et
2369 2739 2657 2805 similiter
2693 2739 2757 2804 in

283 2860 566 2923 processu
615 2840 759 2905 viae
806 2839 1151 2923 spiritualis
1200 2839 1515 2923 contingit
1561 2839 1834 2921 aliquem
1880 2839 2123 2922 disponi
2169 2840 2247 2904 ad
2290 2841 2538 2906 ruinam
2584 2840 2760 2925 spiri-

285 2944 514 3009 tualem
563 2962 681 3027 per
726 2941 962 3006 dictum
1009 2943 1106 3006 vel
1154 2942 1397 3007 factum
1445 2941 1731 3018 alterius;
1781 2941 1850 3006 in
1899 2942 2204 3023 quantum
2252 2942 2485 3008 scilicet
2533 2942 2758 3025 aliquis

279 3062 393 3108 333
439 3044 870 3110 admonitione
915 3043 1011 3107 vel
1070 3043 1426 3107 inductione
1474 3043 1587 3107 aut
1631 3042 1910 3126 exemplo
1961 3043 2228 3108 alterum
2275 3044 2473 3108 trahit
2519 3043 2597 3107 ad
2629 3062 2760 3127 pec-

281 3146 561 3213 candum.
615 3146 707 3211 Et
765 3145 881 3211 hoc
929 3146 1173 3228 proprie
1219 3145 1448 3210 dicitur
1505 3145 1886 3210 scandalum.
1934 3146 2109 3211 Nihil
2163 3149 2377 3212 autem
2422 3146 2759 3217 secundum

279 3251 594 3334 propriam
644 3249 954 3313 rationem
1033 3247 1309 3332 disponit
1355 3249 1432 3311 ad
1481 3248 1873 3331 spiritualem
1940 3249 2207 3327 ruinam,
2257 3250 2377 3315 nisi
2425 3249 2760 3321 secundum

279 3353 440 3433 quod
489 3353 693 3418 habet
739 3351 1009 3433 aliquem
1057 3350 1364 3415 defectum
1409 3350 1829 3428 rectitudinis;
1872 3353 2019 3434 quia
2050 3352 2133 3428 id,
2167 3352 2343 3434 quod.
2364 3354 2459 3417 est
2496 3352 2760 3435 perfecte

279 3456 541 3534 rectum,
584 3453 797 3538 magis
827 3453 1034 3518 munit
1068 3452 1383 3517 hominem
1414 3454 1630 3517 contra
1677 3471 1913 3532 casum,
1962 3472 2152 3536 quam
2198 3454 2276 3517 ad
2310 3456 2559 3518 ruinam
2591 3453 2764 3523 indu-

279 3559 396 3620 cat.
435 3558 520 3622 Et
566 3557 715 3622 ideo
763 3556 1193 3620 convenienter
1245 3555 1495 3632 dicitur,
1529 3554 1695 3637 quod
1741 3555 1980 3621 dictum
2010 3556 2111 3621 vel
2148 3555 2386 3620 factum
2422 3557 2628 3620 minus
2674 3574 2765 3625 re-

279 3660 468 3738 ctum,
503 3659 816 3744 praebens
850 3658 1237 3723 occasionem
1268 3657 1507 3734 ruinae,
1533 3657 1618 3721 sit
1649 3657 2010 3722 scandalum
2043 3682 2104 3720 ».

363 3758 528 3833 241.
587 3761 934 3827 Distinctio
981 3761 1054 3827 A.
1104 3761 1169 3826 in
1243 3760 1604 3825 scandalum
1655 3780 1777 3840 per
1821 3779 1887 3824 se
1933 3763 1996 3825 31
2031 3780 2154 3841 per
2204 3760 2493 3827 accidens
2553 3764 2648 3828 est
2692 3782 2766 3835 ex

275 3882 323 3929 s.
359 3865 587 3932 Thom.
617 3867 686 3930 2.
723 3865 784 3929 2.
810 3884 870 3946 q.
895 3864 1002 3929 43.
1038 3865 1156 3929 art.
1191 3865 1290 3930 3.:
1325 3888 1361 3923 ‹
1393 3862 1766 3929 Scandalum
1805 3864 2075 3927 activum
2105 3866 2313 3948 potest
2345 3866 2537 3949 accipi
2567 3866 2767 3950 dupli-

276 3968 443 4047 citer,
477 3988 597 4052 per
637 3987 708 4033 se
740 3967 872 4032 scil.
923 3970 985 4032 et
1041 3987 1148 4050 per
1203 3966 1500 4032 accidens.
1558 3965 1697 4029 Per
1744 3966 2034 4031 accidens
2082 3968 2331 4049 quidem
2378 3969 2624 4052 quando
2670 3972 2768 4036 est

277 4073 522 4154 praeter
552 4068 973 4135 intentionem
1015 4068 1299 4153 agentis;
1349 4071 1424 4133 ut
1470 4070 1625 4151 puta
1655 4088 1799 4133 cum
1846 4069 2073 4153 aliquis
2104 4071 2271 4137 facto
2304 4091 2416 4137 suo
2450 4073 2550 4137 vel
2580 4073 2764 4139 verbo

277 4172 643 4238 inordinato
680 4189 803 4237 non
849 4171 1120 4237 intendit
1156 4170 1339 4236 alteri
1376 4171 1524 4236 dare
1559 4172 1944 4237 occasionem
1975 4174 2211 4251 ruinae,
2244 4175 2349 4239 sed
2379 4175 2585 4241 solum
2616 4193 2767 4239 suae

277 4276 646 4341 satisfacere
682 4274 1019 4348 voluntati,
1061 4276 1125 4338 et
1162 4274 1251 4338 sic
1293 4274 1655 4339 scandalum
1701 4276 1978 4340 activum
2012 4293 2137 4340 NON
2168 4292 2277 4341 asr
2309 4293 2597 4342 SPECIALE
2629 4294 2770 4343 Pac-

279 4392 506 4456 311311,
542 4377 709 4461 (1313
739 4377 902 4459 quod
930 4379 1024 4441 est
1064 4396 1174 4460 per
1205 4375 1501 4455 accidente,
1534 4396 1658 4444 non
1702 4378 2033 4445 constituit
2065 4378 2346 4461 speciem.
2386 4378 2526 4444 Per
2561 4399 2626 4443 se
2665 4399 2770 4445 33-

276 4482 402 4546 13111
450 4482 554 4546 331
605 4478 895 4545 activum
942 4478 1325 4556 scandalum,
1358 4479 1604 4561 quando
1637 4479 1865 4560 aliquis
1898 4498 2012 4545 suo
2061 4479 2411 4547 inordinato
2458 4481 2624 4547 dicto
2667 4483 2767 4545 vel

281 4581 446 4649 facto
479 4579 770 4648 intendit
816 4581 1011 4649 alium
1044 4581 1396 4664 pertrahere
1429 4580 1506 4647 ad
1537 4581 1913 4665 peccandum
1937 4583 2001 4646 et
2037 4581 2125 4647 sic
2157 4601 2227 4645 ex
2257 4582 2599 4647 intentione
2628 4581 2771 4651 finis
