3497 5147
337 337 484 414 [883]
1004 351 1090 390 Dm
1126 349 1444 391 occrsronm
1483 348 1680 397 mmm
1718 348 2135 391 Aoonnssoms
2697 336 2805 391 655

337 451 690 514 invasorem
734 447 1042 512 iniustum
1089 446 1165 510 ad
1205 445 1501 511 mendam
1538 446 1737 509 vitam
1776 464 1977 523 suam,
2013 446 2263 511 excedat
2295 446 2686 510 moderamen
2718 448 2805 511 in-

335 552 625 634 culpatae
662 550 921 626 tutelae,
955 547 1103 611 dum
1136 549 1405 631 praefert
1437 548 1635 611 vitam
1668 566 1849 611 suam
1882 548 2286 630 temporalem
2321 549 2604 612 aeternae
2637 548 2803 612 vitae

336 652 601 737 proximi
647 651 779 718 sui:
814 670 974 733 quae
1021 649 1271 733 quidem
1320 652 1570 714 aeterna
1615 650 1750 713 vita
1797 652 1892 714 est
1937 650 2192 714 maioris
2240 650 2424 733 pretii
2472 652 2536 713 et
2571 651 2804 715 bonum

339 756 569 820 ordinis
602 753 865 831 altioriS,
898 753 1064 835 quod
1097 753 1455 836 posthaberi
1486 753 1645 818 bono
1679 752 1987 817 inferioris
2027 752 2257 817 ordinis
2289 772 2410 817 non
2444 751 2683 816 debeat.

428 857 673 923 Scilicet
702 856 890 942 rigidi
922 856 1028 921 isti
1066 856 1346 921 homines
1394 876 1469 920 ne
1516 856 1953 941 intelligebant
1997 855 2266 938 quidem,
2301 855 2449 938 quid
2489 855 2571 920 sit
2602 855 2807 920 mode-

337 980 549 1024 ramen
580 960 933 1043 inculpatae
968 958 1221 1036 tutelae,
1257 958 1330 1022 de
1362 977 1485 1041 quo
1518 957 1594 1021 cf.
1636 959 1823 1022 verba
1861 977 1911 1022 s.
1945 958 2166 1022 Thom.
2201 958 2483 1041 superius
2514 958 2733 1022 relata.

427 1062 513 1126 At
559 1082 716 1145 resp.
766 1080 818 1126 0.
851 1061 1061 1145 Ligor.
1112 1081 1251 1125 cum
1302 1080 1525 1125 comm.
1576 1081 1636 1124 n.
1673 1061 1848 1137 380„
1890 1062 2036 1123 tunc
2082 1059 2289 1124 solum
2334 1078 2447 1123 nos
2485 1060 2679 1123 teneri
2729 1058 2807 1122 ad

336 1164 804 1249 praeferendum
850 1163 1113 1246 proximi
1159 1164 1390 1229 bonum
1439 1162 1680 1227 altioris
1714 1161 1944 1227 ordinis
1982 1161 2259 1226 inferiori
2304 1161 2465 1226 bono
2503 1161 2670 1225 vitae
2702 1180 2808 1225 no-

337 1268 525 1343 strae,
576 1266 821 1349 quando
869 1265 1056 1329 huius
1105 1265 1355 1331 omissio
1405 1266 1488 1330 sit
1536 1265 1820 1329 absolute
1885 1263 2228 1328 necessaria
2277 1264 2354 1327 ad
2417 1263 2805 1345 spiritualem

335 1369 600 1452 proximi
646 1369 933 1446 salutem,
985 1387 1093 1433 seu
1141 1369 1386 1450 quando
1434 1368 1751 1451 proximus
1790 1369 1906 1432 hac
1937 1367 2010 1432 de
2048 1387 2234 1431 causa
2272 1367 2575 1448 reperitur
2606 1367 2668 1429 in
2701 1386 2806 1430 ne-

336 1472 623 1536 cessitate
672 1471 955 1535 absolute
1003 1473 1297 1535 extrema.
1338 1470 1534 1553 Atqui
1581 1490 1703 1535 non
1752 1472 1847 1535 est
1893 1471 1956 1535 in
1995 1471 2110 1534 hac
2142 1471 2506 1535 necessitate
2540 1469 2662 1545 ille,
2697 1469 2804 1551 qui

301 1573 531 1655 ‚libera
578 1593 692 1640 sua
738 1573 1064 1637 voluntate
1111 1591 1175 1637 se
1222 1573 1284 1636 in
1333 1573 1659 1637 discrimen
1706 1572 1930 1637 salutis
1979 1591 2129 1636 suae
2176 1571 2453 1643 coniicit,
2489 1571 2606 1634 sibi
2639 1571 2803 1634 enim

335 1676 454 1740 soli
486 1676 794 1759 imputare
827 1664 1025 1753 debet,
1059 1676 1113 1739 si
1145 1695 1181 1739 a
1212 1694 1403 1758 pravo
1437 1678 1666 1741 conatu
1697 1695 1819 1740 non
1851 1675 2133 1751 desistat,
2161 1675 2222 1737 et
2254 1675 2341 1738 sic
2365 1674 2560 1739 semet
2585 1674 2802 1755 sponte

337 1778 573 1862 perdat.

426 1876 602 1950 883.
630 1881 664 1920 *
690 1880 951 1963 Oportet
976 1881 1188 1944 autem
1220 1898 1397 1944 nosse
1429 1899 1550 1962 quo
1585 1882 1820 1963 spectet
1851 1880 2119 1945 defensio
2146 1900 2254 1944 seu
2279 1881 2378 1944 ius
2411 1879 2798 1943 defensionis.

337 1983 625 2047 Defensio
672 2002 794 2048 non
843 1982 1164 2048 ordinatur
1211 1981 1290 2045 ad
1333 1982 1741 2064 reparandam
1788 1978 2122 2046 laesionem
2160 1981 2274 2047 sed
2322 1982 2399 2045 ad
2432 2000 2569 2045 eam
2615 1981 2803 2063 impe-

332 2084 639 2148 diendam.
682 2110 717 2143 «
750 2084 1057 2162 Defensi0‚
1109 2085 1199 2148 ait
1245 2084 1423 2168 Lugo
1472 2084 1626 2168 disp.
1666 2086 1769 2148 10.
1803 2106 1863 2150 n.
1903 2085 2049 2149 160.
2088 2105 2212 2150 non
2260 2088 2375 2162 est,
2424 2083 2668 2167 proprie
2714 2083 2803 2148 lo-

333 2186 600 2269 quend0,
629 2187 919 2252 adversus
945 2207 1107 2265 eum,
1135 2186 1243 2269 qui
1267 2188 1328 2250 te
1352 2187 1572 2264 laedit3
1607 2187 1759 2252 haec
1790 2188 1972 2265 enim,
2001 2191 2188 2271 prout
2220 2188 2325 2265 sie,
2355 2188 2473 2252 erit
2498 2185 2799 2250 vindicta:

335 2287 443 2353 sed
476 2289 767 2355 adversus
819 2309 979 2366 eum,
1021 2290 1127 2371 qui
1175 2290 1238 2353 te
1283 2289 1522 2353 laedere
1558 2290 1695 2354 vult
1732 2315 1794 2353 ».
1830 2289 2130 2369 Quocirca
2169 2311 2308 2354 cum
2356 2290 2494 2373 quis
2531 2290 2660 2354 iam
2697 2308 2801 2370 pa-

254 2386 268 2401 ”
330 2392 509 2455 ratus
547 2392 643 2455 est
688 2392 749 2456 te
797 2391 1071 2477 aggredi,
1111 2391 1165 2455 si
1212 2391 1394 2456 aliter
1432 2392 1629 2456 vitare
1675 2394 1943 2457 mortem
1988 2411 2111 2457 non
2160 2394 2356 2474 poteS,
2399 2391 2494 2456 ius
2543 2394 2636 2456 est
2678 2391 2798 2454 tibi

336 2493 703 2558 adoriendae
751 2494 1136 2560 defensionis

422 2596 740 2676 Quaerunt
771 2599 907 2662 DD.
936 2619 1013 2663 an
1045 2599 1231 2664 liceat
1264 2619 1326 2663 se
1358 2599 1702 2664 defendenti
1750 2599 2061 2664 intendere
2094 2601 2359 2663 mortem
2394 2599 2795 2684 aggressoris,

330 2700 581 2782 quando
607 2719 679 2765 ea
703 2701 1045 2766 necessaria
1079 2701 1465 2765 existimetur
1492 2701 1568 2765 ad
1593 2721 1656 2765 se
1680 2701 1999 2765 tuendum.
2026 2701 2269 2786 Negare
2293 2701 2537 2765 videtur
2561 2720 2609 2764 s.
2638 2701 2798 2764 Tho-

333 2821 467 2866 mas
502 2804 561 2865 2.
599 2804 659 2866 2.
695 2823 754 2885 q.
790 2803 895 2866 64.
931 2823 986 2867 3.
1027 2803 1107 2880 7.,
1143 2803 1251 2884 (1111
1296 2802 1620 2867 discrimen
1667 2803 1895 2867 statuit
1941 2804 2101 2866 inter
2133 2822 2294 2878 eum,
2330 2804 2435 2886 qui
2470 2803 2664 2867 alium
2697 2823 2798 2868 oc-

333 2903 484 2967 cidit
516 2904 594 2967 ob
626 2904 720 2969 sui
762 2904 1175 2970 defensionem
1208 2906 1270 2969 et
1304 2925 1466 2983 eum,
1500 2905 1606 2987 qui
1641 2905 1863 2970 occidit
1896 2905 2090 2969 alium
2121 2905 2366 2987 publica
2401 2905 2794 2981 auctoritate,

328 3008 537 3091 qualis
568 3011 663 3074 est
693 3009 870 3075 miles
902 3010 966 3074 in
997 3010 1160 3075 bello
1191 3010 1380 3089 iusto,
1415 3011 1696 3075 minister
1740 3010 1959 3075 iudicis
1993 3013 2055 3074 et
2092 3011 2220 3092 ipse
2252 3011 2452 3075 iudex.
2487 3012 2602 3075 Isti
2634 3012 2797 3076 enim

331 3110 643 3176 intendere
691 3115 971 3195 possunt,
1014 3115 1267 3196 propter
1312 3113 1627 3196 publicum
1660 3115 1913 3192 bonum,
1946 3115 2212 3178 mortem
2251 3114 2518 3178 hominis
2558 3115 2619 3177 et
2652 3133 2796 3178 sane

332 3232 452 3278 non
501 3215 759 3297 apparet
803 3216 1136 3297 quomodo,
1174 3216 1402 3298 absque
1450 3216 1566 3279 1130
1613 3217 1976 3293 intentione,
2015 3215 2214 3297 possit
2247 3215 2426 3280 iudex
2472 3216 2627 3280 ferre
2661 3235 2798 3279 sen-

332 3315 594 3380 tentiam
641 3317 862 3381 mortis
911 3318 975 3381 et
1019 3317 1303 3380 minister
1331 3337 1467 3381 eam
1501 3319 1770 3399 exsequi.
1811 3317 1897 3381 At
1929 3319 2034 3400 qui
2068 3338 2130 3382 se
2169 3316 2458 3394 defendit,
2495 3319 2648 3382 satis
2682 3318 2795 3392 est,

332 3417 503 3482 iuxta
536 3438 585 3482 s.
614 3419 938 3497 Thomam,
966 3419 1131 3502 quod
1163 3419 1446 3483 intendat
1478 3420 1888 3485 defensionem
1922 3441 2098 3484 suam
2133 3439 2240 3484 seu
2266 3421 2798 3483 conservationem

332 3520 497 3584 vitae
544 3539 710 3601 suae,
745 3541 856 3604 pro
904 3541 1025 3604 quo
1075 3521 1192 3585 fine
1241 3521 1569 3586 obtinendo
1622 3522 1823 3585 utitur
1870 3522 2078 3598 3111110,
2129 3521 2351 3602 (111111110
2400 3521 2643 3602 repellit
2690 3539 2794 3583 seu

331 3625 607 3688 removet
631 3623 1072 3700 adversarium,
1101 3623 1291 3689 donec
1323 3626 1517 3688 cesset
1557 3624 1634 3686 ab
1660 3609 2093 3707 aggressione:
2131 3622 2294 3703 quod
2327 3623 2380 3688 si
2411 3641 2578 3686 mors
2609 3622 2796 3685 huius

333 3728 646 3807 sequatur,
680 3726 743 3791 id
790 3726 907 3791 erit
953 3746 1061 3810 per
1107 3726 1403 3803 accidenS,
1441 3746 1655 3808 nempe
1701 3728 1946 3809 praeter
1991 3726 2414 3791 intentionem.

421 3828 597 3908 Quod
632 3831 726 3894 ita
763 3851 858 3896 res
906 3832 1010 3917 agi
1042 3832 1257 3914 possit,
1295 3832 1349 3897 si
1386 3831 1750 3914 praesertim
1783 3831 1922 3913 quis
1957 3850 2020 3897 se
2054 3833 2130 3896 ab
2163 3832 2411 3898 inimico
2460 3852 2603 3897 eum
2651 3833 2793 3897 actu

329 3930 655 3996 invadente
703 3932 988 3997 defendat
1035 3935 1097 3997 et
1145 3934 1351 3999 valeat
1397 3953 1461 3998 se
1499 3933 1837 4011 defendere,
1870 3934 2020 4017 quin
2052 3935 2473 4001 adversarium
2520 3937 2797 4022 graviter

329 4034 558 4112 laedat,
590 4035 771 4100 facile
818 4036 1237 4110 admittimus:
1273 4037 1376 4102 sed
1424 4037 1706 4120 quaestio
1756 4038 1850 4102 est
1897 4037 2044 4120 quid
2091 4038 2294 4103 liceat.
2329 4040 2402 4103 In
2441 4039 2656 4123 primis
2691 4058 2795 4101 ne-

324 4155 494 4201 cesse
541 4137 708 4202 haud
755 4140 851 4202 est
896 4157 961 4202 se
1007 4139 1352 4204 defendenti
1406 4140 1794 4221 praestolari,
1846 4144 1919 4205 ut
1967 4141 2250 4206 inimicus
2299 4142 2360 4206 in
2407 4161 2550 4206 eum
2596 4141 2796 4204 irruat

328 4238 428 4302 vel
460 4238 670 4317 feriat3
707 4258 853 4303 nam
876 4239 973 4303 ius
998 4239 1388 4317 defensioniS,
1414 4244 1509 4306 est
1541 4241 1637 4306 ius
1661 4243 2082 4326 impediendae
2119 4243 2428 4308 1300101110.
2456 4241 2615 4322 Quid
2648 4263 2793 4329 ergo

328 4339 384 4405 si
428 4341 672 4406 videam
718 4341 1039 4406 inimicum
1089 4361 1301 4426 parere
1341 4344 1403 4405 et
1434 4343 1737 4410 instruere
1785 4347 2149 4428 sclopetum,
2190 4347 2383 4411 ictum
2431 4346 2562 4411 eius
2601 4346 2665 4411 in
2696 4367 2794 4412 me

326 4441 671 4508 directurus
693 4448 722 4507 P
768 4463 987 4521 nonne,
1022 4443 1074 4507 si
1129 4442 1205 4506 ad
1252 4462 1508 4509 manum
1557 4447 1820 4511 habeam
1868 4448 2068 4513 simile
2115 4449 2616 4528 instrumentum,
2650 4451 2797 4515 licet

322 4542 481 4608 mihi
528 4545 883 4626 praevenire
932 4545 1149 4623 ictum,
1186 4545 1433 4628 exploso
1465 4547 1529 4610 in
1568 4548 1990 4615 adversarium
2037 4553 2352 4633 sclopetoP
2390 4551 2551 4632 Quid
2583 4555 2793 4618 autem
