3497 5147
678 316 790 371 348
875 328 1087 370 maor.
1118 329 1198 370 vr.
1229 329 1392 370 snc‘r.
1420 330 1459 369 1.
1488 330 1574 369 ma
1597 330 1790 371 PRIMO
1811 331 2028 372 Priamo.
2052 329 2381 382 DEQALOGI.
2406 331 2540 373 cu.
2566 330 2631 371 11.
2657 331 2800 374 nun.
2832 330 2924 371 111.
2997 316 3139 390 [461]

683 423 893 479 mabilis.
922 424 1066 478 Ratio
1104 432 1195 489 cst,
1225 424 1336 490 quia
1374 424 1487 479 illae
1512 425 1730 479 actiones
1761 441 1821 479 ex
1857 433 2024 479 natura
2051 441 2140 481 sua
2164 426 2453 481 ordinantur
2478 428 2539 480 ad
2565 425 2747 492 aliquid
2777 429 3140 493 supernaturale

682 517 733 562 et
772 512 831 562 ad
871 511 1093 572 salutem,
1125 525 1219 562 non
1261 518 1419 563 autem
1462 511 1521 563 ad
1550 509 1729 576 aliquid
1758 512 2050 579 temporale3
2077 511 2203 565 sicut
2229 511 2394 565 doctio
2431 525 2767 578 quaecumque
2804 510 2950 564 etiam
2980 513 3143 564 Theo·

685 593 858 659 legiae,
884 610 1010 660 quae
1037 594 1196 662 pretio
1234 594 1551 649 aestimabilis
1588 604 1677 648 est.
1720 599 1840 649 Bon.
1881 599 1912 650 1.
1941 612 1986 650 c.
2012 599 2154 650 Suar.
2181 596 2290 650 Fin.
2319 604 2375 650 tr.
2410 597 2493 650 45.
2521 610 2565 649 c.
2593 600 2641 649 2.
2669 603 2761 650 etc.
2788 611 2837 648 v.
2864 595 3006 665 infra,
3032 598 3065 650 l.
3091 598 3138 649 6.

682 684 721 732 t.
746 681 795 732 3.
823 695 865 733 e.
896 680 944 733 4.
972 682 1020 733 d.
1050 683 1096 733 1.
1127 683 1295 745 Laym.
1324 683 1355 732 Ι.
1383 695 1426 734 c.
1454 682 1503 747 S.
1532 681 1580 734 4.

772 795 930 870 461.
960 801 1280 866 Generalis
1303 803 1519 887 regula
1546 804 1657 879 est,
1685 803 1750 864 1⁰
1774 822 1894 867 non
1921 803 2100 866 licere
2125 823 2235 886 pro
2262 822 2436 867 sacro
2459 803 2806 868 ministerio
2827 802 3140 885 quidpiam

685 904 959 987 accipere
991 906 1171 986 quasi
1202 905 1472 987 pretium
1497 905 1653 969 sacri
1681 907 1913 989 operis:
1951 907 2019 968 2⁰
2041 906 2222 970 licere
2256 925 2364 989 pro
2398 925 2572 970 sacro
2597 905 2942 969 ministerio
2968 904 3142 987 quid·

686 1006 859 1090 piam
893 1008 1163 1091 accipere
1189 1027 1295 1091 per
1326 1007 1580 1072 modum
1614 1008 1902 1090 stipendii
1937 1008 2014 1071 ad
2045 1027 2386 1092 congruam
2425 1008 2963 1072 sustentationem.

776 1110 1000 1173 Paucis
1035 1111 1237 1173 totam
1270 1109 1615 1173 doctrinam
1648 1111 1735 1174 sic
1768 1111 2060 1193 proponit
2090 1130 2138 1174 S.
2166 1111 2439 1174 Thomas
2464 1113 2523 1174 2.
2554 1112 2615 1173 2.
2642 1130 2700 1191 q.
2733 1110 2881 1173 100.
2909 1112 3025 1173 art.
3049 1110 3137 1173 3.:

692 1236 728 1269 «
766 1211 1038 1274 Vendere
1078 1211 1244 1292 quod
1290 1211 1614 1293 spirituale
1662 1212 1758 1275 est
1804 1212 1868 1275 in
1916 1211 2216 1276 eiusmodi
2258 1212 2500 1276 actibus
2549 1214 2661 1275 aut
2706 1231 2926 1288 emere,
2960 1211 3143 1275 simo-

684 1312 932 1376 niacum
965 1314 1076 1376 est.
1118 1312 1232 1377 Sed
1273 1313 1541 1395 accipere
1575 1315 1685 1376 aut
1717 1313 1862 1376 dare
1901 1314 2136 1395 aliquid
2167 1333 2277 1397 pro
2311 1315 2764 1380 sustentatione
2795 1314 3145 1377 ministran-

682 1415 845 1478 tium
893 1414 1265 1497 spiritualia,
1300 1415 1634 1479 secundum
1683 1415 2133 1480 ordinationem
2179 1416 2485 1481 Ecclesiae
2531 1417 2596 1480 et
2640 1415 3143 1480 consuetudinem

686 1518 1116 1600 approbatam,
1149 1517 1396 1581 licitum
1443 1520 1565 1582 est:
1605 1518 1696 1581 ita
1736 1521 1945 1582 tamen
1993 1517 2155 1600 quod
2198 1518 2357 1582 desit
2401 1517 2666 1582 intentio
2707 1517 3040 1601 emptionis
3086 1519 3146 1582 et

686 1620 1058 1684 venditionis
1105 1621 1169 1684 et
1199 1620 1365 1702 quod
1412 1620 1489 1684 ab
1534 1621 1747 1684 invitis
1795 1639 1917 1684 non
1956 1620 2241 1704 exigatur
2285 1641 2391 1703 per
2438 1619 2861 1703 spiritualium
2909 1620 3148 1684 subtra-

683 1728 974 1805 ctionem,
1008 1747 1167 1809 quae
1204 1728 1353 1791 sunt
1388 1727 1758 1801 exhibenda3
1793 1728 1910 1791 hoc
1941 1727 2104 1791 enim
2134 1727 2390 1791 haberet
2425 1725 2738 1808 quandam
2773 1726 3144 1792 venditionis

686 1831 969 1914 speciem.
1005 1829 1218 1894 Gratis
1250 1831 1459 1893 tamen
1491 1830 1920 1912 spiritualibus
1953 1830 2123 1912 prius
2157 1827 2463 1906 exhibitis,
2502 1830 2673 1893 licite
2719 1831 2985 1912 possunt
3021 1831 3146 1893 sta-

686 1935 865 1999 tutae
898 1934 960 1995 et
991 1935 1320 1996 consuetae
1354 1933 1696 1996 oblationes
1729 1935 1792 1996 et
1823 1932 2194 2013 quicumque
2244 1931 2352 1995 alii
2382 1933 2718 2014 proventus
2766 1932 2930 2015 exigi
2963 1951 2999 1994 a
3047 1951 3146 1996 no-

688 2034 958 2099 lentibus
992 2037 1053 2096 et
1085 2034 1434 2099 valentibus
1466 2035 1720 2111 solvere,
1757 2035 2131 2099 auctoritate
2164 2033 2496 2118 superioris
2525 2035 2971 2099 interveniente
3002 2059 3060 2096 ›.

779 2136 1009 2199 Exinde
1042 2136 1305 2200 simonia
1346 2138 1464 2201 erit
1495 2137 1546 2200 si
1579 2137 1726 2219 quid
1775 2138 2042 2221 exigitur
2077 2141 2374 2217 tanquam
2406 2138 2686 2216 pret-ium.
2732 2156 2844 2220 pro
2895 2136 3145 2201 admini-

689 2239 992 2304 stratione
1017 2241 1565 2317 sacramentorum,
1594 2259 1703 2322 pro
1730 2239 2053 2322 sepultura
2085 2239 2517 2314 ecclesiastica,
2543 2258 2654 2323 pro
2680 2238 3144 2304 confirmatione

689 2341 1024 2419 electionis,
1065 2360 1175 2424 pro
1206 2341 1632 2406 installatione
1662 2343 1724 2405 in
1753 2341 2058 2406 beneficiis
2090 2342 2519 2406 ecclesiasticis
2543 2343 2606 2406 et
2640 2361 2751 2425 pro
2786 2341 2927 2404 aliis
2957 2340 3144 2405 sacris

687 2443 1125 2509 functionibus.
1154 2445 1339 2509 Secus
1356 2463 1519 2520 vero,
1540 2437 1785 2525 quando
1811 2463 1921 2527 pro
1949 2444 2112 2507 hisce
2139 2444 2457 2527 quidpiam
2475 2443 2744 2528 exigitur
2760 2445 2824 2506 et
2847 2443 3146 2526 accipitur

687 2548 990 2629 tanquam
1019 2547 1396 2630 stipendium
1427 2565 1735 2631 congruae
1768 2545 2261 2611 sustentationis.

774 2655 854 2717 Et
887 2655 1135 2737 quidem
1167 2655 1343 2718 iuxta
1376 2654 1559 2718 verba
1586 2651 1819 2717 Christi
1851 2653 1999 2717 Luc.
2027 2653 2103 2717 X.
2135 2654 2170 2716 7
2178 2676 2223 2717 .:
2250 2652 2508 2735 Diynus
2531 2657 2624 2717 cst
2645 2654 2975 2733 operarius
2998 2675 3145 2717 mer·

682 2758 826 2821 cede
848 2779 967 2822 sua
991 2762 1054 2824 et
1076 2760 1140 2823 in
1161 2759 1293 2823 iure
1312 2778 1527 2823 canon.
1553 2778 1685 2842 cap.
1711 2758 1816 2821 fin.
1844 2777 2010 2822 caus,
2043 2760 2100 2820 1.
2123 2778 2179 2839 q.
2218 2760 2278 2822 2.
2305 2758 2565 2822 dicitur:
2600 2781 2635 2814 «
2662 2756 2894 2821 Clerici·
2916 2778 3142 2831 omneS,

686 2862 799 2943 qui
826 2861 1113 2925 ecclesiae
1150 2861 1422 2941 fideliter
1465 2861 1919 2942 viye'lanterquc
1964 2860 2337 2937 deserviunt,
2369 2858 2682 2939 stipendia
2712 2861 2952 2923 saiwi-2⁶3
2986 2859 3146 2924 labo-

684 2964 863 3027 ribus·
887 2981 1111 3026 DEBITA
1133 2963 1469 3026 secundum
1490 2964 1733 3025 servitii
1754 2964 1857 3025 sui
1888 2965 2176 3025 meritum
2207 2983 2317 3045 per
2353 2962 2810 3026 ordinationem
2839 2983 3146 3027 canonum

683 3088 728 3130 a
772 3065 1195 3130 sacerdotibus
1241 3070 1698 3144 cmzsequantur
1730 3090 1791 3127 ›>.
1836 3064 2011 3129 Unde
2058 3065 2434 3129 concludunt
2479 3068 2542 3129 et
2587 3067 2800 3129 tenent
2849 3066 3141 3130 Doctores

687 3190 917 3247 omneS,
954 3168 1329 3251 stipendium
1360 3168 1564 3232 deberi
1600 3189 1678 3231 ex
1707 3169 1971 3231 iustitia.

777 3271 1009 3334 Exinde
1058 3270 1356 3351 sequitur,
1392 3270 1555 3351 quod
1603 3270 1999 3353 stipendium,
2034 3270 2198 3353 quod
2245 3270 2453 3336 fideles
2491 3290 2562 3335 ex
2607 3273 2853 3336 statuto
2903 3274 2967 3337 et
3014 3292 3146 3338 con-

686 3372 1013 3437 suetudine
1060 3373 1348 3437 tenentur
1404 3372 1639 3437 solvere
1686 3374 1926 3437 ratione
1973 3392 2288 3437 sacrorum
2334 3373 2843 3445 ministeriorum,
2893 3374 3146 3439 debetur

686 3476 1092 3555 ministranti,
1128 3476 1244 3540 etsi
1275 3495 1397 3541 non
1444 3475 1738 3561 indigeat.
1790 3475 1998 3554 Ratio,
2032 3476 2178 3558 quia
2225 3475 2287 3538 id
2334 3494 2456 3540 non
2488 3475 2673 3540 datur
2719 3476 2814 3539 ini
2850 3477 2950 3541 uti
2981 3496 3144 3542 mera

689 3580 1077 3664 eleemosyna
1104 3598 1176 3642 ex
1207 3578 1645 3653 misericordia,
1694 3578 1800 3642 sed
1832 3598 1943 3642 ceu
1976 3578 2251 3642 debitum
2291 3598 2362 3642 ex
2384 3577 2648 3642 iustitia.
2684 3577 2748 3642 Si
2780 3579 2944 3643 enim
2981 3580 3144 3645 omni

687 3682 980 3746 servienti
1010 3683 1139 3746 sive
1173 3681 1452 3765 operanti
1489 3680 1786 3764 competit
1817 3681 2192 3744 sustentatio
2226 3681 2289 3743 et
2319 3679 2575 3743 debetur
2607 3680 3007 3763 stipendium,
3039 3701 3141 3745 cur

686 3804 809 3848 non
848 3786 1036 3849 etiam
1084 3787 1387 3853 ministris
1435 3786 1772 3850 ecclesiae?
1809 3785 1970 3848 Hinc
2016 3784 2167 3847 illud
2218 3784 2402 3848 Pauli
2447 3784 2498 3848 Ι.
2532 3783 2671 3850 Cor.
2708 3785 2817 3848 IX.
2862 3787 2967 3850 13.
3006 3787 3136 3850 14.:

686 3889 966 3952 Nescitis
998 3889 1295 3969 quoniam
1324 3889 1434 3969 qui
1472 3890 1539 3951 in
1570 3892 1853 3952 sacrario
1891 3888 2144 3969 (veteris
2191 3907 2405 3970 nempe
2452 3886 2739 3971 foederis)
2786 3893 3135 3968 operantur,

688 4010 849 4072 quae
880 3990 954 4054 de
985 3991 1259 4054 secrario
1291 3994 1458 4065 sunt,
1492 3990 1683 4053 edunt
1713 3993 1775 4052 et
1802 3991 1913 4070 qui
1930 3989 2128 4053 altari
2150 3989 2524 4063 deserviunt,
2549 4010 2688 4052 cum
2716 3988 2920 4053 altari
2942 3992 3135 4071 parti-

686 4094 953 4173 cipant?
985 4094 1093 4159 Ita
1139 4097 1201 4156 et
1228 4092 1542 4157 Dominus
1587 4091 1904 4157 ordinavit
1937 4093 2036 4166 ivs,
2069 4093 2181 4173 qui
2209 4091 2596 4173 evanyelium
2630 4094 3037 4167 annuntiant,
3067 4091 3134 4155 de

687 4198 1007 4278 evangelio
1032 4198 1251 4261 vivere.
1287 4197 1427 4277 qu
1452 4201 1657 4259 autem
1687 4195 1863 4259 nullo
1896 4194 2114 4258 horum
2151 4215 2302 4259 usus
2329 4215 2486 4259 set-m.
2522 4194 2757 4259 Saltem
2789 4195 3045 4260 debetur
3063 4195 3131 4258 iis

692 4299 1087 4381 stipendium,
1115 4300 1169 4363 si
1199 4319 1272 4364 ex
1297 4298 1483 4363 officii
1509 4298 1605 4361 sui
1638 4299 1878 4361 ratione
1914 4298 1990 4361 ad
2022 4299 2170 4362 haec
2194 4298 2538 4362 ministeria
2562 4317 2680 4361 non
2709 4298 2836 4361 sint
2861 4297 3128 4383 obligati.

688 4401 876 4465 Ratio
904 4401 1092 4465 etiam
1125 4403 1238 4479 est,
1266 4401 1411 4482 quia
1444 4400 1608 4482 quod
1643 4400 1888 4465 aliunde
1920 4400 2326 4466 necessariam
2358 4420 2428 4466 ac
2460 4401 2870 4466 sufficientem
2902 4404 3130 4466 susten-

684 4498 989 4568 tationem
1012 4504 1298 4580 habeant,
1326 4504 1421 4567 est
1445 4523 1550 4586 per
1574 4502 1869 4579 accidenS,
1899 4524 2093 4585 neque
2115 4503 2394 4586 impedit,
2412 4504 2743 4587 quominus
2768 4504 3128 4587 stipendium

682 4626 757 4671 ex
793 4608 1038 4670 iustitia
1071 4608 1385 4670 debeatur.
