3497 5147
645 325 754 380 628
1096 338 1307 378 macr.
1336 337 1416 379 vr.
1444 336 1608 378 smr.
1635 337 1688 377 v.
1715 335 1801 375 nn:
1824 333 2051 382 ammo
2071 331 2286 373 paam.
2315 331 2627 373 macanoor
2956 318 3100 385 [851]

646 454 873 501 novam
920 435 1181 517 speciem
1228 435 1468 498 ratione
1517 432 1926 517 cognationis,
1975 429 2159 494 Certa
2204 431 2414 494 tamen
2463 429 2540 493 ab
2588 428 2842 493 incertis
2889 428 3106 493 distin-

690 536 909 600 uenda.

646 558 690 622 g
832 638 892 701 1ο
939 636 1194 702 Certum
1240 638 1337 701 est
1404 636 1547 700 addi
1607 637 1930 719 peccatum
1992 634 2284 700 adversus
2345 635 2643 718 pietatem
2689 633 2754 697 in
2802 633 3104 698 occisione

648 741 844 824 patris
893 741 990 805 vel
1035 741 1255 805 matris
1304 742 1415 804 aut
1468 741 1780 804 viceversa
1835 739 2116 822 propriae
2170 739 2363 823 prolis
2411 739 2599 820 atque
2646 736 2809 801 idem
2868 737 3103 801 servari
3173 748 3177 750 ’

643 843 807 908 inter
853 862 1004 908 avos
1048 843 1113 907 et
1156 844 1409 925 nepotes
1457 844 1520 907 et
1565 861 1689 906 uno
1729 842 1915 906 verbo
1975 840 2138 905 inter
2198 840 2591 905 ascendentes
2640 858 2850 904 omnes
2897 843 2961 904 et
3005 839 3106 904 de-

645 945 1021 1010 scandentes.

828 1048 898 1109 20
927 1043 1185 1109 Certum
1214 1047 1310 1109 est
1342 1046 1668 1128 specialem
1713 1046 1947 1129 pariter
1975 1045 2286 1109 malitiam
2321 1046 2519 1110 inesse
2565 1044 2698 1108 neci
2733 1043 2948 1108 fratris
2994 1046 3109 1108 aut

647 1166 896 1213 sororis.

828 1247 899 1313 3⁰
930 1250 1139 1331 Aeque
1162 1252 1401 1315 certum
1431 1252 1545 1327 est,
1579 1251 1843 1333 speciem
1865 1250 2007 1314 addi
2037 1251 2344 1315 diversam
2374 1270 2446 1314 ex
2478 1249 2946 1314 circumstantia
2970 1268 3108 1314 con-

646 1352 826 1437 iugii,
861 1372 942 1416 sc.
968 1353 1033 1416 in
1064 1373 1209 1418 nece
1232 1354 1445 1417 mariti
1475 1354 1574 1417 vel
1605 1353 1835 1417 uxoris

738 1458 880 1522 Duo
905 1477 1048 1522 vero
1074 1459 1641 1535 controvertuntur,
1680 1457 1916 1521 scilicet
1943 1457 2009 1519 10
2040 1477 2119 1522 an
2151 1476 2375 1522 novam
2417 1457 2606 1522 addat
2641 1459 2907 1541 speciem
2936 1476 3107 1521 mors

646 1560 829 1623 illata
853 1560 993 1624 aliis
1030 1561 1312 1643 cognatis
1343 1560 1443 1624 vel
1475 1560 1786 1636 affinibuS,
1819 1559 1986 1640 quod
2017 1579 2054 1624 a
2086 1558 2333 1624 Goritia
2380 1559 2672 1625 affirmat.
2720 1560 2807 1624 At
2854 1560 2962 1623 alii
3008 1579 3109 1623 ne-

647 1662 803 1746 gant
850 1663 922 1726 ut
967 1662 1383 1726 Tamburinus
1421 1660 1623 1725 Mem.
1657 1662 1870 1740 eoeped.
1914 1659 2189 1741 ConfeSS.
2223 1661 2330 1725 lib.
2368 1662 2428 1724 2.
2471 1680 2603 1744 cap.
2641 1662 2701 1725 5.
2747 1662 2804 1744 ἓ.
2842 1662 2901 1725 2.
2943 1681 3002 1725 n.
3042 1664 3104 1725 9.

649 1764 714 1827 et
748 1762 926 1847 Lugo
961 1762 1035 1826 de
1067 1764 1319 1827 Poenit.
1354 1764 1509 1846 disp.
1549 1763 1651 1827 16.
1687 1765 1834 1827 sect.
1864 1764 1924 1826 6.
1958 1784 2015 1827 n.
2053 1764 2239 1840 308.;
2281 1763 2649 1839 statuentes,
2685 1781 2816 1827 esse
2851 1763 3108 1828 circum-

649 1865 950 1928 stantiam
986 1884 1151 1929 mere
1182 1868 1633 1949 aggravantem
1665 1867 1853 1947 atque
1885 1866 2035 1929 adeo
2066 1883 2190 1929 non
2225 1864 2566 1928 necessario
2592 1864 3018 1947 explicandam
3041 1867 3106 1932 in

649 1966 1045 2031 confessione.
1108 1967 1416 2051 Intellige,
1467 1967 1677 2032 adesse
1737 1967 2271 2031 circumstantiam
2318 1967 2540 2049 speciei
2602 1967 2898 2047 diversae,
2949 1989 3111 2051 quae

651 2069 861 2132 tamen
892 2088 1014 2133 non
1053 2070 1353 2153 pertingit
1387 2070 1627 2133 ratione
1659 2070 1759 2133 sui
1791 2069 1867 2133 ad
1904 2088 2158 2153 gravem
2191 2069 2458 2152 culpam,
2494 2070 2591 2134 uti
2623 2070 2838 2134 dicunt
2864 2072 2997 2135 DD.
3033 2072 3109 2137 de

651 2190 845 2255 prava
880 2171 1260 2255 cogitatione
1290 2172 1355 2235 in
1386 2172 1676 2250 ecclesiis,
1710 2172 1810 2236 vel
1841 2172 2224 2255 turpiloquio
2256 2173 2320 2236 in
2351 2172 2504 2237 locis
2536 2173 2747 2238 sacris,

741 2272 1101 2338 Consentire
1132 2274 1379 2338 videtur
1409 2274 1474 2338 et
1502 2274 1818 2339 Bonacina
1849 2274 1923 2336 de
1938 2273 2191 2337 Poenit.
2226 2274 2382 2357 disp.
2417 2276 2478 2338 5.
2512 2278 2752 2357 quaest.
2789 2277 2849 2339 5.
2877 2279 3022 2341 sect.
3045 2278 3107 2341 2.

650 2378 859 2461 punct.
902 2379 961 2440 2.
992 2378 1050 2460 ξ.
1084 2378 1144 2440 3.
1180 2377 1364 2442 diffie.
1407 2378 1467 2440 3.
1503 2396 1561 2440 n.
1611 2377 1733 2452 [5.;
1762 2377 1961 2440 solam
1992 2376 2156 2440 enim
2200 2377 2734 2442 circumstantiam
2783 2378 3114 2458 Ρήηεέμζς

650 2480 716 2545 et
761 2477 1120 2559 Superioris
1165 2480 1622 2562 exprimendam
1669 2477 1838 2542 dicit.
1874 2479 2117 2543 Priores
2161 2498 2445 2543 normam
2489 2480 2978 2564 desumpserunt,
3029 2483 3108 2546 ut

654 2584 898 2649 videtur
943 2604 1014 2647 ex
1057 2583 1193 2667 lege
1242 2582 1314 2646 de
1345 2581 1802 2665 impedimentis
1835 2582 2245 2658 matrimonii3
2282 2583 2391 2646 alii
2421 2602 2564 2648 vero
2612 2583 2716 2666 (ut
2761 2584 2936 2669 Lugo
2961 2604 3109 2650 cum

654 2691 821 2775 aliis)
854 2709 1136 2755 normam
1181 2688 1518 2753 desumunt
1560 2707 1630 2751 ex
1679 2687 2079 2773 obligatione,
2114 2708 2303 2770 quam
2334 2689 2573 2754 inducit
2618 2691 2817 2774 pietas
2860 2692 2924 2756 in
2971 2712 3113 2758 con-

647 2795 914 2867 iunctos,
948 2811 1106 2876 quae
1143 2793 1426 2875 specialis
1473 2792 1571 2856 est
1620 2791 1825 2856 solum
1871 2792 1935 2855 in
1982 2794 2288 2874 parenteS‚
2325 2794 2436 2856 aut
2480 2793 2663 2871 filios,
2691 2794 2857 2859 inter
2901 2796 3111 2861 coniu-

652 2915 761 2981 ges
791 2896 855 2959 et
886 2895 1107 2959 fratres
1139 2913 1475 2960 sororesve.

744 2993 898 3067 851.
938 2997 1146 3060 Aliam
1194 2996 1678 3060 controversiam
1709 2996 1922 3059 movet
1952 2995 2316 3060 Tamburini
2355 2997 2397 3060 1.
2432 3017 2483 3061 c.
2520 3018 2575 3061 n.
2618 2998 2677 3062 6.
2714 3018 2794 3063 an
2825 3000 3114 3067 differant

653 3101 851 3186 specie
895 3100 1121 3164 ultima
1154 3098 1573 3181 parricidium,
1613 3097 2024 3162 uxoricidium
2055 3098 2119 3161 et
2147 3097 2596 3165 fratricidium:
2630 3121 2773 3166 cum
2804 3103 2939 3168 heic
2975 3124 3115 3187 pro·

654 3206 911 3289 pendere
950 3203 1236 3266 videatur
1258 3202 1323 3266 in
1361 3202 1803 3266 affirmativam
1836 3203 2224 3279 sententiam,
2258 3205 2468 3268 tamen
2505 3204 2665 3268 infra
2696 3205 2844 3269 ibid.
2878 3226 3011 3290 cap.
3052 3209 3110 3272 7.

653 3328 714 3370 n.
753 3307 859 3368 48.
894 3305 1000 3368 ubi
1047 3305 1293 3381 statuit,
1334 3305 1674 3386 quemlibet
1719 3305 1990 3368 incestus
2037 3305 2164 3369 sive
2204 3305 2281 3371 ob
2328 3309 2933 3393 consanguinitatem
2981 3311 3112 3377 sive

656 3409 733 3474 ob
773 3406 1161 3485 affinitatem,
1197 3407 1478 3488 quisquis
1516 3407 1600 3471 sit
1645 3407 1896 3490 graduS,
1945 3408 2142 3490 specie
2195 3427 2318 3474 non
2364 3408 2623 3486 differre,
2674 3410 2966 3491 affirmat,
3015 3432 3112 3478 ra-

652 3510 820 3576 tione
867 3509 1176 3594 paritatiS,
1210 3508 1613 3591 probabiliter
1650 3508 1840 3573 etiam
1873 3510 2130 3574 iniurias
2177 3511 2391 3575 illatas
2431 3514 2544 3576 aut
2587 3515 2947 3596 parentibus
2995 3518 3110 3582 aut

653 3615 830 3679 uxori
877 3614 990 3676 aut
1033 3612 1215 3675 fratri
1262 3629 1383 3675 non
1431 3610 1668 3675 differre
1715 3612 1914 3695 specie
1960 3613 2201 3676 morali.
2251 3613 2415 3696 Ergo
2464 3616 2783 3697 poenitens
2822 3619 2975 3683 satis
3024 3618 3113 3683 di·

653 3717 836 3792 ceret,
869 3714 1166 3778 confitens
1213 3733 1276 3778 se
1309 3713 1599 3778 occidisse
1646 3733 1972 3797 personam
2020 3715 2136 3778 sibi
2184 3714 2525 3780 arctissime
2571 3719 2986 3800 coniunctam,
3022 3723 3114 3786 ta-

654 3818 862 3893 cendo,
904 3836 981 3879 an
1028 3816 1114 3879 sit
1158 3818 1353 3897 pater,
1388 3835 1559 3891 uxor,
1591 3817 1804 3892 frater,
1839 3833 2033 3892 soror,
2068 3815 2251 3878 filius.
2287 3813 2379 3880 cf.
2428 3817 2701 3898 dicenda,
2752 3821 2824 3885 de
2869 3823 3111 3888 incestu

652 3920 716 3984 111
754 3920 857 3983 Τι’.
893 3918 971 3982 X.
1006 3917 1079 3980 de
1118 3917 1523 3982 Poenitentia
1559 3938 1617 3981 n.
1659 3918 1809 3982 356.

744 4022 960 4087 Monet
992 4039 1135 4086 vero
1175 4021 1484 4103 sapienter
1512 4021 1691 4103 Lugo
1739 4020 1814 4082 de
1849 4019 2097 4083 Poemsst.
2137 4019 2291 4104 disp.
2346 4022 2447 4086 16.
2488 4043 2547 4088 n.
2598 4026 2747 4089 304.
2782 4025 3111 4093 discrimen

659 4125 908 4209 aliquod
929 4142 1058 4187 esse
1084 4123 1246 4187 inter
1275 4124 1556 4206 parentes
1591 4141 1661 4185 00
1677 4121 2006 4196 filios3nou
2038 4123 2218 4205 quasi
2246 4125 2462 4206 yravis
2493 4126 2719 4191 iniuria
2751 4129 2923 4211 (nam
2944 4131 3112 4212 quod

658 4229 883 4293 dicitur
919 4226 992 4290 de
1024 4226 1292 4290 laesione
1339 4242 1652 4307 personae,
1702 4222 1928 4287 dicitur
1959 4225 2146 4289 etiam
2173 4225 2246 4291 de
2278 4229 2689 4303 contumeliis,
2715 4230 2788 4295 de
2835 4231 3113 4297 diffama-

656 4331 824 4395 tione
859 4350 928 4393 ac
952 4329 1225 4410 reliquis,
1260 4345 1418 4409 quae
1463 4325 1698 4389 iustum
1748 4325 2023 4392 dolorem
2072 4329 2363 4413 afferunt)
2408 4349 2531 4395 non
2564 4333 2895 4396 contrahat
2940 4336 3114 4399 utro·

652 4434 835 4515 bique
882 4432 1145 4515 speeiem
1192 4430 1559 4513 peculiarem
1611 4428 1889 4493 malitiae
1937 4431 2228 4497 adversus
2275 4433 2591 4517 pietatem,
2642 4435 2745 4498 sed
2800 4438 3110 4517 quatenus

653 4535 922 4599 conditio
972 4532 1186 4615 patrie,
1236 4531 1343 4612 qui
1389 4533 1710 4612 paternam
1760 4533 1947 4597 habet
1993 4535 2434 4599 auctoritatem
2480 4538 2980 4619 potestatemque
3038 4559 3113 4605 ac
