<?xml version="1.0" encoding="UTF-8"?>
<!DOCTYPE html PUBLIC "-//W3C//DTD XHTML 1.0 Transitional//EN"
    "http://www.w3.org/TR/xhtml1/DTD/xhtml1-transitional.dtd">
<html xmlns="http://www.w3.org/1999/xhtml" xml:lang="en" lang="en">
 <head>
  <title>
</title>
<meta http-equiv="Content-Type" content="text/html;charset=utf-8" />
  <meta name='ocr-system' content='tesseract 3.04.00' />
  <meta name='ocr-capabilities' content='ocr_page ocr_carea ocr_par ocr_line ocrx_word'/>
</head>
<body>
  <div class='ocr_page' id='page_1' title='image "./opustheologicum00ballgoog/opustheologicum00ballgoog_0733.png"; bbox 0 0 3497 5147; ppageno 0'>
   <div class='ocr_carea' id='block_1_1' title="bbox 731 340 3198 417">
    <p class='ocr_par' dir='ltr' id='par_1_1' title="bbox 731 340 3198 417">
     <span class='ocr_line' id='line_1_1' title="bbox 731 340 3198 417; baseline -0 -19"><span class='ocrx_word' id='word_1_1' title='bbox 731 343 838 398; x_wconf 81' lang='lat'>726</span> <span class='ocrx_word' id='word_1_2' title='bbox 934 355 1146 397; x_wconf 58' lang='lat' dir='ltr'>masor.</span> <span class='ocrx_word' id='word_1_3' title='bbox 1175 357 1256 398; x_wconf 90' lang='lat' dir='ltr'>v1.</span> <span class='ocrx_word' id='word_1_4' title='bbox 1284 355 1446 399; x_wconf 72' lang='lat' dir='ltr'>saer.</span> <span class='ocrx_word' id='word_1_5' title='bbox 1468 358 1549 400; x_wconf 83' lang='lat' dir='ltr'>vr.</span> <span class='ocrx_word' id='word_1_6' title='bbox 1576 357 1662 398; x_wconf 74' lang='lat' dir='ltr'>nx:</span> <span class='ocrx_word' id='word_1_7' title='bbox 1680 357 1873 400; x_wconf 74' lang='lat' dir='ltr'>sax-ro</span> <span class='ocrx_word' id='word_1_8' title='bbox 1891 358 1969 398; x_wconf 82' lang='lat' dir='ltr'>m·</span> <span class='ocrx_word' id='word_1_9' title='bbox 1994 357 2156 399; x_wconf 70' lang='grc'>110110</span> <span class='ocrx_word' id='word_1_10' title='bbox 2184 356 2400 400; x_wconf 63' lang='lat' dir='ltr'>panno.</span> <span class='ocrx_word' id='word_1_11' title='bbox 2425 355 2756 399; x_wconf 65' lang='lat' dir='ltr'>nmanom.</span> <span class='ocrx_word' id='word_1_12' title='bbox 2777 356 2919 399; x_wconf 76' lang='lat' dir='ltr'>nun.</span> <span class='ocrx_word' id='word_1_13' title='bbox 2944 357 2985 398; x_wconf 86' lang='lat'>1.</span> <span class='ocrx_word' id='word_1_14' title='bbox 3051 340 3198 417; x_wconf 85' lang='grc'>[985]</span> 
     </span>
    </p>
   </div>
   <div class='ocr_carea' id='block_1_2' title="bbox 727 450 3230 4637">
    <p class='ocr_par' dir='ltr' id='par_1_2' title="bbox 727 450 3199 845">
     <span class='ocr_line' id='line_1_2' title="bbox 727 450 3198 538; baseline -0 -19"><span class='ocrx_word' id='word_1_15' title='bbox 727 454 962 519; x_wconf 87' lang='lat' dir='ltr'>scilicet</span> <span class='ocrx_word' id='word_1_16' title='bbox 986 456 1256 536; x_wconf 89' lang='lat' dir='ltr'>peccato.</span> <span class='ocrx_word' id='word_1_17' title='bbox 1290 450 1484 518; x_wconf 82' lang='lat' dir='ltr'>Cuius</span> <span class='ocrx_word' id='word_1_18' title='bbox 1515 454 1606 519; x_wconf 89' lang='lat' dir='ltr'>rei</span> <span class='ocrx_word' id='word_1_19' title='bbox 1636 455 1984 538; x_wconf 89' lang='lat' dir='ltr'>exemplum</span> <span class='ocrx_word' id='word_1_20' title='bbox 2025 454 2202 519; x_wconf 86' lang='lat' dir='ltr'>affert</span> <span class='ocrx_word' id='word_1_21' title='bbox 2232 473 2282 518; x_wconf 92' lang='lat' dir='ltr'>s.</span> <span class='ocrx_word' id='word_1_22' title='bbox 2322 454 2507 537; x_wconf 88' lang='lat' dir='ltr'>Alph.</span> <span class='ocrx_word' id='word_1_23' title='bbox 2541 475 2602 519; x_wconf 91' lang='lat' dir='ltr'>n.</span> <span class='ocrx_word' id='word_1_24' title='bbox 2639 455 2792 518; x_wconf 86' lang='lat'>420.</span> <span class='ocrx_word' id='word_1_25' title='bbox 2843 455 2908 517; x_wconf 91' lang='lat' dir='ltr'>in</span> <span class='ocrx_word' id='word_1_26' title='bbox 2945 453 3198 520; x_wconf 88' lang='lat' dir='ltr'>medicis</span> 
     </span>
     <span class='ocr_line' id='line_1_3' title="bbox 729 555 3198 640; baseline -0 -19"><span class='ocrx_word' id='word_1_27' title='bbox 729 558 794 621; x_wconf 89' lang='lat' dir='ltr'>et</span> <span class='ocrx_word' id='word_1_28' title='bbox 838 556 1143 640; x_wconf 88' lang='lat' dir='ltr'>chirurgis</span> <span class='ocrx_word' id='word_1_29' title='bbox 1190 557 1595 640; x_wconf 76' lang='lat' dir='ltr'><strong>tangentibus</strong></span> <span class='ocrx_word' id='word_1_30' title='bbox 1643 561 1706 622; x_wconf 92' lang='lat' dir='ltr'>et</span> <span class='ocrx_word' id='word_1_31' title='bbox 1754 557 2194 639; x_wconf 76' lang='lat' dir='ltr'>aspicientibus</span> <span class='ocrx_word' id='word_1_32' title='bbox 2240 557 2582 621; x_wconf 73' lang='lat' dir='ltr'>curationis</span> <span class='ocrx_word' id='word_1_33' title='bbox 2642 575 2853 630; x_wconf 89' lang='lat' dir='ltr'>causa,</span> <span class='ocrx_word' id='word_1_34' title='bbox 2916 555 3198 640; x_wconf 90' lang='lat' dir='ltr'>pudenda</span> 
     </span>
     <span class='ocr_line' id='line_1_4' title="bbox 732 659 3199 744; baseline -0 -21"><span class='ocrx_word' id='word_1_35' title='bbox 732 659 921 724; x_wconf 89' lang='lat' dir='ltr'>etiam</span> <span class='ocrx_word' id='word_1_36' title='bbox 968 659 1196 724; x_wconf 89' lang='lat' dir='ltr'>diversi</span> <span class='ocrx_word' id='word_1_37' title='bbox 1244 678 1424 724; x_wconf 89' lang='lat' dir='ltr'>sexus</span> <span class='ocrx_word' id='word_1_38' title='bbox 1471 661 1578 743; x_wconf 88' lang='lat' dir='ltr'>qui</span> <span class='ocrx_word' id='word_1_39' title='bbox 1624 680 1747 726; x_wconf 93' lang='lat' dir='ltr'>non</span> <span class='ocrx_word' id='word_1_40' title='bbox 1782 662 2055 744; x_wconf 90' lang='lat' dir='ltr'>peccant,</span> <span class='ocrx_word' id='word_1_41' title='bbox 2083 661 2146 724; x_wconf 92' lang='lat' dir='ltr'>et</span> <span class='ocrx_word' id='word_1_42' title='bbox 2177 660 2231 724; x_wconf 90' lang='lat' dir='ltr'>si</span> <span class='ocrx_word' id='word_1_43' title='bbox 2262 679 2370 744; x_wconf 91' lang='lat' dir='ltr'>per</span> <span class='ocrx_word' id='word_1_44' title='bbox 2402 659 2679 724; x_wconf 88' lang='lat' dir='ltr'>accidens</span> <span class='ocrx_word' id='word_1_45' title='bbox 2710 659 3199 724; x_wconf 77' lang='lat' dir='ltr'>involuntariam</span> 
     </span>
     <span class='ocr_line' id='line_1_5' title="bbox 731 760 3151 845; baseline -0.001 -18"><span class='ocrx_word' id='word_1_46' title='bbox 731 761 1140 845; x_wconf 83' lang='lat' dir='ltr'>pollutionem</span> <span class='ocrx_word' id='word_1_47' title='bbox 1188 762 1529 845; x_wconf 88' lang='lat' dir='ltr'>patiantur.</span> <span class='ocrx_word' id='word_1_48' title='bbox 1565 761 1701 843; x_wconf 82' lang='lat' dir='ltr'>Qua</span> <span class='ocrx_word' id='word_1_49' title='bbox 1740 763 1814 827; x_wconf 90' lang='lat' dir='ltr'>de</span> <span class='ocrx_word' id='word_1_50' title='bbox 1860 781 1926 826; x_wconf 93' lang='lat' dir='ltr'>re</span> <span class='ocrx_word' id='word_1_51' title='bbox 1957 762 2086 826; x_wconf 90' lang='lat' dir='ltr'>iam</span> <span class='ocrx_word' id='word_1_52' title='bbox 2119 761 2270 826; x_wconf 89' lang='lat' dir='ltr'>alibi</span> <span class='ocrx_word' id='word_1_53' title='bbox 2301 760 2539 826; x_wconf 90' lang='lat' dir='ltr'>dictum</span> <span class='ocrx_word' id='word_1_54' title='bbox 2569 779 2702 826; x_wconf 88' lang='lat' dir='ltr'>esse</span> <span class='ocrx_word' id='word_1_55' title='bbox 2737 761 3151 826; x_wconf 81' lang='lat' dir='ltr'>meminimus,</span> 
     </span>
    </p>

    <p class='ocr_par' dir='ltr' id='par_1_3' title="bbox 736 862 3207 1565">
     <span class='ocr_line' id='line_1_6' title="bbox 823 862 3201 947; baseline 0 -20"><span class='ocrx_word' id='word_1_56' title='bbox 823 863 1013 928; x_wconf 93' lang='lat' dir='ltr'>Modo</span> <span class='ocrx_word' id='word_1_57' title='bbox 1062 863 1442 929; x_wconf 82' lang='lat' dir='ltr'>advertimus</span> <span class='ocrx_word' id='word_1_58' title='bbox 1489 864 1652 947; x_wconf 88' lang='lat' dir='ltr'>quod</span> <span class='ocrx_word' id='word_1_59' title='bbox 1701 883 1844 929; x_wconf 89' lang='lat' dir='ltr'>cum</span> <span class='ocrx_word' id='word_1_60' title='bbox 1877 864 2175 929; x_wconf 90' lang='lat' dir='ltr'>honestus</span> <span class='ocrx_word' id='word_1_61' title='bbox 2206 863 2348 927; x_wconf 89' lang='lat' dir='ltr'>finis</span> <span class='ocrx_word' id='word_1_62' title='bbox 2388 862 2583 940; x_wconf 88' lang='lat' dir='ltr'>adest,</span> <span class='ocrx_word' id='word_1_63' title='bbox 2618 881 2805 945; x_wconf 89' lang='lat' dir='ltr'>quem</span> <span class='ocrx_word' id='word_1_64' title='bbox 2835 862 3000 927; x_wconf 89' lang='lat' dir='ltr'>ratio</span> <span class='ocrx_word' id='word_1_65' title='bbox 3033 881 3201 946; x_wconf 89' lang='lat' dir='ltr'>prae-</span> 
     </span>
     <span class='ocr_line' id='line_1_7' title="bbox 737 965 3200 1049; baseline 0 -19"><span class='ocrx_word' id='word_1_66' title='bbox 737 965 952 1031; x_wconf 89' lang='lat' dir='ltr'>scribit</span> <span class='ocrx_word' id='word_1_67' title='bbox 997 966 1508 1049; x_wconf 90' lang='lat' dir='ltr'>prosequendum,</span> <span class='ocrx_word' id='word_1_68' title='bbox 1549 966 1717 1033; x_wconf 89' lang='lat' dir='ltr'>haud</span> <span class='ocrx_word' id='word_1_69' title='bbox 1748 966 1998 1031; x_wconf 90' lang='lat' dir='ltr'>difficile</span> <span class='ocrx_word' id='word_1_70' title='bbox 2029 967 2126 1030; x_wconf 91' lang='lat' dir='ltr'>est</span> <span class='ocrx_word' id='word_1_71' title='bbox 2154 965 2499 1048; x_wconf 89' lang='lat' dir='ltr'>periculum</span> <span class='ocrx_word' id='word_1_72' title='bbox 2542 965 2916 1049; x_wconf 85' lang='lat' dir='ltr'>proximum,</span> <span class='ocrx_word' id='word_1_73' title='bbox 2955 966 3008 1030; x_wconf 90' lang='lat' dir='ltr'>si</span> <span class='ocrx_word' id='word_1_74' title='bbox 3038 966 3200 1049; x_wconf 92' lang='lat' dir='ltr'>quod</span> 
     </span>
     <span class='ocr_line' id='line_1_8' title="bbox 736 1071 3204 1149; baseline -0 -12"><span class='ocrx_word' id='word_1_75' title='bbox 736 1091 808 1137; x_wconf 88' lang='lat' dir='ltr'>ex</span> <span class='ocrx_word' id='word_1_76' title='bbox 837 1071 1202 1136; x_wconf 88' lang='lat' dir='ltr'>infirmitate</span> <span class='ocrx_word' id='word_1_77' title='bbox 1240 1072 1517 1149; x_wconf 82' lang='lat' dir='ltr'>exsistat,</span> <span class='ocrx_word' id='word_1_78' title='bbox 1567 1091 1900 1137; x_wconf 91' lang='lat' dir='ltr'>consensus</span> <span class='ocrx_word' id='word_1_79' title='bbox 1951 1071 2016 1135; x_wconf 91' lang='lat' dir='ltr'>in</span> <span class='ocrx_word' id='word_1_80' title='bbox 2064 1090 2387 1135; x_wconf 82' lang='lat' dir='ltr'>veneream</span> <span class='ocrx_word' id='word_1_81' title='bbox 2432 1071 2929 1148; x_wconf 81' lang='lat' dir='ltr'>delectationem,</span> <span class='ocrx_word' id='word_1_82' title='bbox 2968 1072 3204 1136; x_wconf 85' lang='lat' dir='ltr'>efficere</span> 
     </span>
     <span class='ocr_line' id='line_1_9' title="bbox 736 1174 3204 1258; baseline 0.001 -21"><span class='ocrx_word' id='word_1_83' title='bbox 736 1174 1066 1251; x_wconf 90' lang='lat' dir='ltr'>remotum,</span> <span class='ocrx_word' id='word_1_84' title='bbox 1100 1175 1239 1238; x_wconf 90' lang='lat' dir='ltr'>tum</span> <span class='ocrx_word' id='word_1_85' title='bbox 1285 1174 1536 1258; x_wconf 85' lang='lat' dir='ltr'>propter</span> <span class='ocrx_word' id='word_1_86' title='bbox 1582 1174 1885 1239; x_wconf 88' lang='lat' dir='ltr'>auxilium</span> <span class='ocrx_word' id='word_1_87' title='bbox 1923 1174 2039 1238; x_wconf 91' lang='lat' dir='ltr'>Dei</span> <span class='ocrx_word' id='word_1_88' title='bbox 2086 1174 2417 1251; x_wconf 82' lang='lat' dir='ltr'>efficaciuS,</span> <span class='ocrx_word' id='word_1_89' title='bbox 2468 1174 2633 1256; x_wconf 87' lang='lat' dir='ltr'>quod</span> <span class='ocrx_word' id='word_1_90' title='bbox 2686 1174 2909 1239; x_wconf 88' lang='lat' dir='ltr'>merito</span> <span class='ocrx_word' id='word_1_91' title='bbox 2956 1193 3204 1240; x_wconf 90' lang='lat' dir='ltr'>exorare</span> 
     </span>
     <span class='ocr_line' id='line_1_10' title="bbox 738 1275 3204 1359; baseline 0.001 -21"><span class='ocrx_word' id='word_1_92' title='bbox 738 1277 802 1340; x_wconf 92' lang='lat' dir='ltr'>et</span> <span class='ocrx_word' id='word_1_93' title='bbox 846 1276 1214 1358; x_wconf 90' lang='lat' dir='ltr'>praestolari</span> <span class='ocrx_word' id='word_1_94' title='bbox 1259 1277 1456 1359; x_wconf 76' lang='lat' dir='ltr'>poteS,</span> <span class='ocrx_word' id='word_1_95' title='bbox 1492 1278 1630 1341; x_wconf 90' lang='lat' dir='ltr'>tum</span> <span class='ocrx_word' id='word_1_96' title='bbox 1668 1276 1816 1358; x_wconf 90' lang='lat' dir='ltr'>quia</span> <span class='ocrx_word' id='word_1_97' title='bbox 1863 1294 2036 1340; x_wconf 91' lang='lat' dir='ltr'>mens</span> <span class='ocrx_word' id='word_1_98' title='bbox 2085 1295 2121 1339; x_wconf 92' lang='lat' dir='ltr'>a</span> <span class='ocrx_word' id='word_1_99' title='bbox 2169 1275 2469 1340; x_wconf 88' lang='lat' dir='ltr'>nobiliore</span> <span class='ocrx_word' id='word_1_100' title='bbox 2502 1278 2565 1340; x_wconf 90' lang='lat' dir='ltr'>et</span> <span class='ocrx_word' id='word_1_101' title='bbox 2595 1275 2915 1359; x_wconf 85' lang='lat' dir='ltr'>spirituali</span> <span class='ocrx_word' id='word_1_102' title='bbox 2952 1275 3072 1340; x_wconf 90' lang='lat' dir='ltr'>fine</span> <span class='ocrx_word' id='word_1_103' title='bbox 3108 1279 3204 1341; x_wconf 90' lang='lat' dir='ltr'>at-</span> 
     </span>
     <span class='ocr_line' id='line_1_11' title="bbox 740 1378 3207 1463; baseline 0 -20"><span class='ocrx_word' id='word_1_104' title='bbox 740 1379 945 1443; x_wconf 87' lang='lat' dir='ltr'>tracta</span> <span class='ocrx_word' id='word_1_105' title='bbox 991 1379 1055 1443; x_wconf 89' lang='lat' dir='ltr'>et</span> <span class='ocrx_word' id='word_1_106' title='bbox 1098 1379 1163 1444; x_wconf 85' lang='lat' dir='ltr'>in</span> <span class='ocrx_word' id='word_1_107' title='bbox 1210 1398 1280 1446; x_wconf 93' lang='lat' dir='ltr'>eo</span> <span class='ocrx_word' id='word_1_108' title='bbox 1327 1378 1748 1462; x_wconf 89' lang='lat' dir='ltr'>prosequendo</span> <span class='ocrx_word' id='word_1_109' title='bbox 1789 1381 2108 1462; x_wconf 89' lang='lat' dir='ltr'>occupata,</span> <span class='ocrx_word' id='word_1_110' title='bbox 2136 1379 2367 1461; x_wconf 87' lang='lat' dir='ltr'>absque</span> <span class='ocrx_word' id='word_1_111' title='bbox 2396 1397 2624 1463; x_wconf 86' lang='lat' dir='ltr'>magno</span> <span class='ocrx_word' id='word_1_112' title='bbox 2672 1379 2815 1444; x_wconf 88' lang='lat' dir='ltr'>nisu</span> <span class='ocrx_word' id='word_1_113' title='bbox 2844 1381 3052 1462; x_wconf 89' lang='lat' dir='ltr'>potest</span> <span class='ocrx_word' id='word_1_114' title='bbox 3079 1398 3207 1444; x_wconf 88' lang='lat' dir='ltr'>cor-</span> 
     </span>
     <span class='ocr_line' id='line_1_12' title="bbox 738 1481 2192 1565; baseline -0.002 -18"><span class='ocrx_word' id='word_1_115' title='bbox 738 1484 962 1565; x_wconf 88' lang='lat' dir='ltr'>ruptae</span> <span class='ocrx_word' id='word_1_116' title='bbox 993 1483 1254 1546; x_wconf 88' lang='lat' dir='ltr'>naturae</span> <span class='ocrx_word' id='word_1_117' title='bbox 1283 1481 1752 1546; x_wconf 89' lang='lat' dir='ltr'>inclinationem</span> <span class='ocrx_word' id='word_1_118' title='bbox 1783 1484 2192 1546; x_wconf 87' lang='lat' dir='ltr'>contemnere.</span> 
     </span>
    </p>

    <p class='ocr_par' dir='ltr' id='par_1_4' title="bbox 736 1582 3212 1955">
     <span class='ocr_line' id='line_1_13' title="bbox 831 1582 3209 1667; baseline -0 -19"><span class='ocrx_word' id='word_1_119' title='bbox 831 1583 1099 1664; x_wconf 84' lang='lat' dir='ltr'>Quaeres</span> <span class='ocrx_word' id='word_1_120' title='bbox 1147 1603 1225 1648; x_wconf 87' lang='lat' dir='ltr'>an</span> <span class='ocrx_word' id='word_1_121' title='bbox 1272 1604 1459 1649; x_wconf 88' lang='lat' dir='ltr'>cansa</span> <span class='ocrx_word' id='word_1_122' title='bbox 1505 1602 1821 1660; x_wconf 89' lang='lat' dir='ltr'>excusans,</span> <span class='ocrx_word' id='word_1_123' title='bbox 1857 1603 2091 1667; x_wconf 83' lang='lat' dir='ltr'>nempe,</span> <span class='ocrx_word' id='word_1_124' title='bbox 2127 1584 2479 1662; x_wconf 79' lang='lat' dir='ltr'>necessitaS,</span> <span class='ocrx_word' id='word_1_125' title='bbox 2515 1602 2674 1667; x_wconf 90' lang='lat' dir='ltr'>quae</span> <span class='ocrx_word' id='word_1_126' title='bbox 2705 1601 2823 1666; x_wconf 94' lang='lat' dir='ltr'>pro</span> <span class='ocrx_word' id='word_1_127' title='bbox 2856 1582 3110 1648; x_wconf 87' lang='lat' dir='ltr'>medicis</span> <span class='ocrx_word' id='word_1_128' title='bbox 3146 1585 3209 1648; x_wconf 88' lang='lat' dir='ltr'>et</span> 
     </span>
     <span class='ocr_line' id='line_1_14' title="bbox 739 1684 3209 1771; baseline -0.001 -20"><span class='ocrx_word' id='word_1_129' title='bbox 739 1686 1047 1771; x_wconf 78' lang='lat' dir='ltr'>chirurgia</span> <span class='ocrx_word' id='word_1_130' title='bbox 1118 1686 1405 1764; x_wconf 88' lang='lat' dir='ltr'>occurrit,</span> <span class='ocrx_word' id='word_1_131' title='bbox 1468 1687 1680 1751; x_wconf 89' lang='lat' dir='ltr'>valeat</span> <span class='ocrx_word' id='word_1_132' title='bbox 1750 1687 1945 1750; x_wconf 88' lang='lat' dir='ltr'>etiam</span> <span class='ocrx_word' id='word_1_133' title='bbox 1990 1686 2054 1750; x_wconf 91' lang='grc'>111</span> <span class='ocrx_word' id='word_1_134' title='bbox 2100 1687 2442 1769; x_wconf 85' lang='lat' dir='ltr'>pictoribus</span> <span class='ocrx_word' id='word_1_135' title='bbox 2491 1687 2556 1749; x_wconf 90' lang='lat' dir='ltr'>et</span> <span class='ocrx_word' id='word_1_136' title='bbox 2616 1684 3053 1768; x_wconf 86' lang='lat' dir='ltr'>sculptoribus,</span> <span class='ocrx_word' id='word_1_137' title='bbox 3102 1686 3209 1767; x_wconf 91' lang='lat' dir='ltr'>qui</span> 
     </span>
     <span class='ocr_line' id='line_1_15' title="bbox 736 1787 3212 1872; baseline -0.001 -18"><span class='ocrx_word' id='word_1_138' title='bbox 736 1789 937 1854; x_wconf 87' lang='lat' dir='ltr'>nudas</span> <span class='ocrx_word' id='word_1_139' title='bbox 969 1808 1259 1872; x_wconf 89' lang='lat' dir='ltr'>personas</span> <span class='ocrx_word' id='word_1_140' title='bbox 1297 1788 1524 1853; x_wconf 88' lang='lat' dir='ltr'>diversi</span> <span class='ocrx_word' id='word_1_141' title='bbox 1569 1807 1747 1853; x_wconf 89' lang='lat' dir='ltr'>sexus</span> <span class='ocrx_word' id='word_1_142' title='bbox 1787 1807 1898 1872; x_wconf 93' lang='lat' dir='ltr'>pro</span> <span class='ocrx_word' id='word_1_143' title='bbox 1945 1788 2278 1870; x_wconf 90' lang='lat' dir='ltr'>exemplari</span> <span class='ocrx_word' id='word_1_144' title='bbox 2302 1787 2627 1871; x_wconf 88' lang='lat' dir='ltr'>(modello)</span> <span class='ocrx_word' id='word_1_145' title='bbox 2685 1787 2806 1852; x_wconf 88' lang='lat' dir='ltr'>sibi</span> <span class='ocrx_word' id='word_1_146' title='bbox 2861 1789 3212 1870; x_wconf 87' lang='lat' dir='ltr'>praesentes</span> 
     </span>
     <span class='ocr_line' id='line_1_16' title="bbox 745 1890 1585 1955; baseline -0.001 0"><span class='ocrx_word' id='word_1_147' title='bbox 745 1891 979 1955; x_wconf 87' lang='lat' dir='ltr'>sistunt</span> <span class='ocrx_word' id='word_1_148' title='bbox 1009 1892 1071 1955; x_wconf 91' lang='lat' dir='ltr'>et</span> <span class='ocrx_word' id='word_1_149' title='bbox 1103 1890 1211 1954; x_wconf 89' lang='lat' dir='ltr'>diu</span> <span class='ocrx_word' id='word_1_150' title='bbox 1241 1891 1585 1955; x_wconf 87' lang='lat' dir='ltr'>intuentur.</span> 
     </span>
    </p>

    <p class='ocr_par' dir='ltr' id='par_1_5' title="bbox 740 1991 3213 2485">
     <span class='ocr_line' id='line_1_17' title="bbox 833 1991 3208 2077; baseline 0.001 -21"><span class='ocrx_word' id='word_1_151' title='bbox 833 1992 1118 2057; x_wconf 86' lang='lat' dir='ltr'>Profecto</span> <span class='ocrx_word' id='word_1_152' title='bbox 1164 1992 1517 2077; x_wconf 88' lang='lat' dir='ltr'>negandum</span> <span class='ocrx_word' id='word_1_153' title='bbox 1549 1995 1661 2070; x_wconf 90' lang='lat' dir='ltr'>est,</span> <span class='ocrx_word' id='word_1_154' title='bbox 1696 2012 1907 2076; x_wconf 91' lang='lat' dir='ltr'>parem</span> <span class='ocrx_word' id='word_1_155' title='bbox 1941 2012 2070 2057; x_wconf 90' lang='lat' dir='ltr'>esse</span> <span class='ocrx_word' id='word_1_156' title='bbox 2107 2012 2397 2068; x_wconf 73' lang='lat' dir='ltr'>causam3</span> <span class='ocrx_word' id='word_1_157' title='bbox 2431 1991 2581 2073; x_wconf 89' lang='lat' dir='ltr'>quia</span> <span class='ocrx_word' id='word_1_158' title='bbox 2631 1992 2806 2056; x_wconf 87' lang='lat' dir='ltr'>nulla</span> <span class='ocrx_word' id='word_1_159' title='bbox 2852 1991 3208 2058; x_wconf 87' lang='lat' dir='ltr'>huiusmodi</span> 
     </span>
     <span class='ocr_line' id='line_1_18' title="bbox 740 2093 3212 2177; baseline -0 -18"><span class='ocrx_word' id='word_1_160' title='bbox 740 2112 892 2159; x_wconf 90' lang='lat' dir='ltr'>usus</span> <span class='ocrx_word' id='word_1_161' title='bbox 940 2094 1035 2158; x_wconf 88' lang='lat' dir='ltr'>est</span> <span class='ocrx_word' id='word_1_162' title='bbox 1077 2095 1324 2177; x_wconf 88' lang='lat' dir='ltr'>proprie</span> <span class='ocrx_word' id='word_1_163' title='bbox 1370 2094 1536 2159; x_wconf 87' lang='lat' dir='ltr'>dicta</span> <span class='ocrx_word' id='word_1_164' title='bbox 1582 2095 1937 2170; x_wconf 84' lang='lat' dir='ltr'>necessitas,</span> <span class='ocrx_word' id='word_1_165' title='bbox 1978 2114 2121 2158; x_wconf 89' lang='lat' dir='ltr'>cum</span> <span class='ocrx_word' id='word_1_166' title='bbox 2169 2093 2234 2158; x_wconf 92' lang='lat' dir='ltr'>et</span> <span class='ocrx_word' id='word_1_167' title='bbox 2286 2095 2553 2177; x_wconf 87' lang='lat' dir='ltr'>pictores</span> <span class='ocrx_word' id='word_1_168' title='bbox 2594 2093 3076 2176; x_wconf 85' lang='lat' dir='ltr'>praeclarissimi</span> <span class='ocrx_word' id='word_1_169' title='bbox 3119 2113 3212 2158; x_wconf 87' lang='lat' dir='ltr'>ex-</span> 
     </span>
     <span class='ocr_line' id='line_1_19' title="bbox 743 2196 3212 2280; baseline -0 -18"><span class='ocrx_word' id='word_1_170' title='bbox 743 2196 1038 2274; x_wconf 88' lang='lat' dir='ltr'>stiterint,</span> <span class='ocrx_word' id='word_1_171' title='bbox 1094 2196 1202 2278; x_wconf 93' lang='lat' dir='ltr'>qui</span> <span class='ocrx_word' id='word_1_172' title='bbox 1249 2196 1478 2279; x_wconf 86' lang='lat' dir='ltr'>absque</span> <span class='ocrx_word' id='word_1_173' title='bbox 1526 2197 1650 2262; x_wconf 90' lang='lat' dir='ltr'>ista</span> <span class='ocrx_word' id='word_1_174' title='bbox 1686 2197 1980 2261; x_wconf 87' lang='lat' dir='ltr'>methodo</span> <span class='ocrx_word' id='word_1_175' title='bbox 2026 2197 2212 2261; x_wconf 92' lang='lat' dir='ltr'>finem</span> <span class='ocrx_word' id='word_1_176' title='bbox 2269 2197 2548 2280; x_wconf 77' lang='lat' dir='ltr'>picturae</span> <span class='ocrx_word' id='word_1_177' title='bbox 2598 2196 2837 2279; x_wconf 87' lang='lat' dir='ltr'>optime</span> <span class='ocrx_word' id='word_1_178' title='bbox 2884 2198 3033 2261; x_wconf 90' lang='lat' dir='ltr'>sunt</span> <span class='ocrx_word' id='word_1_179' title='bbox 3078 2215 3212 2261; x_wconf 89' lang='lat' dir='ltr'>con-</span> 
     </span>
     <span class='ocr_line' id='line_1_20' title="bbox 747 2297 3213 2383; baseline 0 -20"><span class='ocrx_word' id='word_1_180' title='bbox 747 2297 945 2363; x_wconf 87' lang='lat' dir='ltr'>secuti</span> <span class='ocrx_word' id='word_1_181' title='bbox 976 2300 1039 2362; x_wconf 90' lang='lat' dir='ltr'>et</span> <span class='ocrx_word' id='word_1_182' title='bbox 1082 2317 1403 2380; x_wconf 88' lang='lat' dir='ltr'>nunqnam</span> <span class='ocrx_word' id='word_1_183' title='bbox 1448 2318 1690 2364; x_wconf 90' lang='lat' dir='ltr'>necesse</span> <span class='ocrx_word' id='word_1_184' title='bbox 1737 2300 1824 2363; x_wconf 89' lang='lat' dir='ltr'>sit</span> <span class='ocrx_word' id='word_1_185' title='bbox 1869 2318 1975 2382; x_wconf 91' lang='lat' dir='ltr'>per</span> <span class='ocrx_word' id='word_1_186' title='bbox 2021 2318 2084 2364; x_wconf 92' lang='lat' dir='ltr'>se</span> <span class='ocrx_word' id='word_1_187' title='bbox 2117 2318 2220 2364; x_wconf 91' lang='lat' dir='ltr'>eas</span> <span class='ocrx_word' id='word_1_188' title='bbox 2251 2298 2450 2363; x_wconf 87' lang='lat' dir='ltr'>facere</span> <span class='ocrx_word' id='word_1_189' title='bbox 2478 2298 2758 2382; x_wconf 89' lang='lat' dir='ltr'>picturas</span> <span class='ocrx_word' id='word_1_190' title='bbox 2798 2300 2910 2363; x_wconf 87' lang='lat' dir='ltr'>aut</span> <span class='ocrx_word' id='word_1_191' title='bbox 2941 2299 3213 2383; x_wconf 86' lang='lat' dir='ltr'>sculptu-</span> 
     </span>
     <span class='ocr_line' id='line_1_21' title="bbox 744 2401 2762 2485; baseline -0.001 -19"><span class='ocrx_word' id='word_1_192' title='bbox 744 2420 865 2476; x_wconf 74' lang='lat' dir='ltr'>rae,</span> <span class='ocrx_word' id='word_1_193' title='bbox 901 2420 1011 2484; x_wconf 89' lang='lat' dir='ltr'>pro</span> <span class='ocrx_word' id='word_1_194' title='bbox 1050 2401 1275 2483; x_wconf 90' lang='lat' dir='ltr'>quibus</span> <span class='ocrx_word' id='word_1_195' title='bbox 1310 2421 1466 2485; x_wconf 90' lang='lat' dir='ltr'>opus</span> <span class='ocrx_word' id='word_1_196' title='bbox 1506 2403 1589 2466; x_wconf 89' lang='lat' dir='ltr'>sit</span> <span class='ocrx_word' id='word_1_197' title='bbox 1622 2402 1852 2467; x_wconf 89' lang='lat' dir='ltr'>artifici</span> <span class='ocrx_word' id='word_1_198' title='bbox 1882 2402 2115 2466; x_wconf 86' lang='lat' dir='ltr'>talibus</span> <span class='ocrx_word' id='word_1_199' title='bbox 2151 2401 2248 2465; x_wconf 91' lang='lat' dir='ltr'>uti</span> <span class='ocrx_word' id='word_1_200' title='bbox 2287 2401 2762 2484; x_wconf 85' lang='lat' dir='ltr'>exemplaribus.</span> 
     </span>
    </p>

    <p class='ocr_par' dir='ltr' id='par_1_6' title="bbox 740 2502 3221 4007">
     <span class='ocr_line' id='line_1_22' title="bbox 835 2502 3213 2588; baseline 0 -20"><span class='ocrx_word' id='word_1_201' title='bbox 835 2502 1014 2569; x_wconf 87' lang='lat' dir='ltr'>Certe</span> <span class='ocrx_word' id='word_1_202' title='bbox 1045 2504 1100 2568; x_wconf 92' lang='lat' dir='ltr'>si</span> <span class='ocrx_word' id='word_1_203' title='bbox 1131 2504 1441 2588; x_wconf 84' lang='lat' dir='ltr'>exemplar</span> <span class='ocrx_word' id='word_1_204' title='bbox 1473 2504 1803 2569; x_wconf 86' lang='lat' dir='ltr'>adhibetur</span> <span class='ocrx_word' id='word_1_205' title='bbox 1835 2504 1912 2568; x_wconf 90' lang='lat' dir='ltr'>ad</span> <span class='ocrx_word' id='word_1_206' title='bbox 1947 2523 2166 2569; x_wconf 88' lang='lat' dir='ltr'>oscena</span> <span class='ocrx_word' id='word_1_207' title='bbox 2199 2502 2506 2588; x_wconf 88' lang='lat' dir='ltr'>pingenda</span> <span class='ocrx_word' id='word_1_208' title='bbox 2539 2505 2653 2568; x_wconf 90' lang='lat' dir='ltr'>aut</span> <span class='ocrx_word' id='word_1_209' title='bbox 2683 2503 3031 2588; x_wconf 90' lang='lat' dir='ltr'>sculpenda,</span> <span class='ocrx_word' id='word_1_210' title='bbox 3066 2521 3213 2568; x_wconf 87' lang='lat' dir='ltr'>cum</span> 
     </span>
     <span class='ocr_line' id='line_1_23' title="bbox 740 2606 3215 2693; baseline -0.001 -20"><span class='ocrx_word' id='word_1_211' title='bbox 740 2610 873 2693; x_wconf 91' lang='lat' dir='ltr'>ipse</span> <span class='ocrx_word' id='word_1_212' title='bbox 918 2608 1058 2673; x_wconf 91' lang='lat' dir='ltr'>finis</span> <span class='ocrx_word' id='word_1_213' title='bbox 1106 2608 1190 2672; x_wconf 91' lang='lat' dir='ltr'>sit</span> <span class='ocrx_word' id='word_1_214' title='bbox 1236 2609 1459 2686; x_wconf 90' lang='lat' dir='ltr'>malus,</span> <span class='ocrx_word' id='word_1_215' title='bbox 1493 2608 1669 2672; x_wconf 89' lang='lat' dir='ltr'>nulla</span> <span class='ocrx_word' id='word_1_216' title='bbox 1701 2609 1798 2672; x_wconf 91' lang='lat' dir='ltr'>est</span> <span class='ocrx_word' id='word_1_217' title='bbox 1829 2607 2164 2672; x_wconf 77' lang='lat' dir='ltr'>excusatio.</span> <span class='ocrx_word' id='word_1_218' title='bbox 2220 2606 2456 2671; x_wconf 90' lang='lat' dir='ltr'>Verum</span> <span class='ocrx_word' id='word_1_219' title='bbox 2501 2607 2791 2688; x_wconf 87' lang='lat' dir='ltr'>quamvis</span> <span class='ocrx_word' id='word_1_220' title='bbox 2824 2626 2947 2672; x_wconf 91' lang='lat' dir='ltr'>non</span> <span class='ocrx_word' id='word_1_221' title='bbox 2981 2607 3085 2671; x_wconf 88' lang='lat' dir='ltr'>hic</span> <span class='ocrx_word' id='word_1_222' title='bbox 3128 2607 3215 2672; x_wconf 89' lang='lat' dir='ltr'>sit</span> 
     </span>
     <span class='ocr_line' id='line_1_24' title="bbox 743 2710 3211 2796; baseline -0.001 -19"><span class='ocrx_word' id='word_1_223' title='bbox 743 2712 905 2790; x_wconf 87' lang='lat' dir='ltr'>finis,</span> <span class='ocrx_word' id='word_1_224' title='bbox 938 2711 1044 2776; x_wconf 90' lang='lat' dir='ltr'>sed</span> <span class='ocrx_word' id='word_1_225' title='bbox 1076 2711 1280 2776; x_wconf 91' lang='lat' dir='ltr'>solum</span> <span class='ocrx_word' id='word_1_226' title='bbox 1312 2710 1587 2775; x_wconf 86' lang='lat' dir='ltr'>studium</span> <span class='ocrx_word' id='word_1_227' title='bbox 1630 2710 2051 2794; x_wconf 88' lang='lat' dir='ltr'>dispositionis</span> <span class='ocrx_word' id='word_1_228' title='bbox 2091 2712 2154 2776; x_wconf 90' lang='lat' dir='ltr'>et</span> <span class='ocrx_word' id='word_1_229' title='bbox 2189 2711 2481 2774; x_wconf 90' lang='lat' dir='ltr'>motuum</span> <span class='ocrx_word' id='word_1_230' title='bbox 2519 2710 2964 2786; x_wconf 89' lang='lat' dir='ltr'>membrorum,</span> <span class='ocrx_word' id='word_1_231' title='bbox 2998 2710 3211 2796; x_wconf 88' lang='lat' dir='ltr'>negari</span> 
     </span>
     <span class='ocr_line' id='line_1_25' title="bbox 747 2811 3212 2896; baseline -0 -18"><span class='ocrx_word' id='word_1_232' title='bbox 747 2814 982 2896; x_wconf 90' lang='lat' dir='ltr'>nequit,</span> <span class='ocrx_word' id='word_1_233' title='bbox 1010 2833 1081 2878; x_wconf 91' lang='lat' dir='ltr'>ea</span> <span class='ocrx_word' id='word_1_234' title='bbox 1108 2813 1313 2878; x_wconf 89' lang='lat' dir='ltr'>omnia</span> <span class='ocrx_word' id='word_1_235' title='bbox 1337 2813 1401 2876; x_wconf 90' lang='lat' dir='ltr'>in</span> <span class='ocrx_word' id='word_1_236' title='bbox 1425 2814 1541 2878; x_wconf 88' lang='lat' dir='ltr'>hac</span> <span class='ocrx_word' id='word_1_237' title='bbox 1572 2832 1637 2878; x_wconf 87' lang='lat' dir='ltr'>re</span> <span class='ocrx_word' id='word_1_238' title='bbox 1660 2814 1926 2878; x_wconf 89' lang='lat' dir='ltr'>maxime</span> <span class='ocrx_word' id='word_1_239' title='bbox 1953 2813 2177 2888; x_wconf 88' lang='lat' dir='ltr'>valere,</span> <span class='ocrx_word' id='word_1_240' title='bbox 2205 2831 2364 2894; x_wconf 88' lang='lat' dir='ltr'>quae</span> <span class='ocrx_word' id='word_1_241' title='bbox 2395 2811 2532 2876; x_wconf 93' lang='lat' dir='ltr'>DD.</span> <span class='ocrx_word' id='word_1_242' title='bbox 2559 2812 2875 2878; x_wconf 90' lang='lat' dir='ltr'>communi</span> <span class='ocrx_word' id='word_1_243' title='bbox 2910 2813 3212 2878; x_wconf 82' lang='lat' dir='ltr'>sententia</span> 
     </span>
     <span class='ocr_line' id='line_1_26' title="bbox 746 2914 3214 3000; baseline 0 -18"><span class='ocrx_word' id='word_1_244' title='bbox 746 2916 1004 2982; x_wconf 88' lang='lat' dir='ltr'>tradunt</span> <span class='ocrx_word' id='word_1_245' title='bbox 1050 2916 1123 2981; x_wconf 90' lang='lat' dir='ltr'>de</span> <span class='ocrx_word' id='word_1_246' title='bbox 1170 2916 1520 3000; x_wconf 89' lang='lat' dir='ltr'>aspectibus</span> <span class='ocrx_word' id='word_1_247' title='bbox 1571 2916 1871 2992; x_wconf 86' lang='lat' dir='ltr'>obscenis,</span> <span class='ocrx_word' id='word_1_248' title='bbox 1906 2916 1998 2981; x_wconf 89' lang='lat' dir='ltr'>ita</span> <span class='ocrx_word' id='word_1_249' title='bbox 2035 2918 2108 2979; x_wconf 90' lang='lat' dir='ltr'>ut</span> <span class='ocrx_word' id='word_1_250' title='bbox 2140 2917 2204 2980; x_wconf 92' lang='lat' dir='ltr'>et</span> <span class='ocrx_word' id='word_1_251' title='bbox 2233 2914 2602 2980; x_wconf 88' lang='lat' dir='ltr'>recentiores</span> <span class='ocrx_word' id='word_1_252' title='bbox 2635 2916 2799 2981; x_wconf 87' lang='lat' dir='ltr'>hunc</span> <span class='ocrx_word' id='word_1_253' title='bbox 2831 2935 3046 2982; x_wconf 89' lang='lat' dir='ltr'>casum</span> <span class='ocrx_word' id='word_1_254' title='bbox 3080 2935 3214 3000; x_wconf 88' lang='lat' dir='ltr'>spe-</span> 
     </span>
     <span class='ocr_line' id='line_1_27' title="bbox 747 3017 3212 3103; baseline -0.001 -19"><span class='ocrx_word' id='word_1_255' title='bbox 747 3019 988 3085; x_wconf 89' lang='lat' dir='ltr'>cialiter</span> <span class='ocrx_word' id='word_1_256' title='bbox 1017 3037 1140 3083; x_wconf 91' lang='lat' dir='ltr'>non</span> <span class='ocrx_word' id='word_1_257' title='bbox 1175 3019 1526 3103; x_wconf 83' lang='lat' dir='ltr'>attingant;</span> <span class='ocrx_word' id='word_1_258' title='bbox 1561 3018 1709 3099; x_wconf 89' lang='lat' dir='ltr'>quia</span> <span class='ocrx_word' id='word_1_259' title='bbox 1741 3037 1958 3100; x_wconf 91' lang='lat' dir='ltr'>nempe</span> <span class='ocrx_word' id='word_1_260' title='bbox 1984 3019 2099 3081; x_wconf 89' lang='lat' dir='ltr'>sub</span> <span class='ocrx_word' id='word_1_261' title='bbox 2124 3017 2397 3102; x_wconf 87' lang='lat' dir='ltr'>generali</span> <span class='ocrx_word' id='word_1_262' title='bbox 2428 3017 2565 3102; x_wconf 86' lang='lat' dir='ltr'>lege</span> <span class='ocrx_word' id='word_1_263' title='bbox 2596 3036 2742 3082; x_wconf 90' lang='lat' dir='ltr'>eum</span> <span class='ocrx_word' id='word_1_264' title='bbox 2780 3018 3212 3101; x_wconf 87' lang='lat' dir='ltr'>comprehendi</span> 
     </span>
     <span class='ocr_line' id='line_1_28' title="bbox 748 3120 3217 3205; baseline -0.001 -18"><span class='ocrx_word' id='word_1_265' title='bbox 748 3123 1135 3188; x_wconf 89' lang='lat' dir='ltr'>censuerunt.</span> <span class='ocrx_word' id='word_1_266' title='bbox 1177 3122 1260 3186; x_wconf 87' lang='lat' dir='ltr'>Et</span> <span class='ocrx_word' id='word_1_267' title='bbox 1305 3141 1450 3186; x_wconf 88' lang='lat' dir='ltr'>sane</span> <span class='ocrx_word' id='word_1_268' title='bbox 1499 3121 1949 3184; x_wconf 84' lang='lat' dir='ltr'>adolescentem</span> <span class='ocrx_word' id='word_1_269' title='bbox 1996 3120 2296 3203; x_wconf 90' lang='lat' dir='ltr'>pictorem</span> <span class='ocrx_word' id='word_1_270' title='bbox 2346 3123 2460 3184; x_wconf 89' lang='lat' dir='ltr'>aut</span> <span class='ocrx_word' id='word_1_271' title='bbox 2490 3121 2874 3204; x_wconf 89' lang='lat' dir='ltr'>sculptorem</span> <span class='ocrx_word' id='word_1_272' title='bbox 2909 3122 3217 3205; x_wconf 86' lang='lat' dir='ltr'>exemplar</span> 
     </span>
     <span class='ocr_line' id='line_1_29' title="bbox 749 3220 3215 3306; baseline -0 -18"><span class='ocrx_word' id='word_1_273' title='bbox 749 3224 983 3289; x_wconf 87' lang='lat' dir='ltr'>nudum</span> <span class='ocrx_word' id='word_1_274' title='bbox 1014 3224 1244 3289; x_wconf 89' lang='lat' dir='ltr'>intueri</span> <span class='ocrx_word' id='word_1_275' title='bbox 1276 3224 1339 3288; x_wconf 92' lang='lat' dir='ltr'>et</span> <span class='ocrx_word' id='word_1_276' title='bbox 1363 3224 1601 3288; x_wconf 89' lang='lat' dir='ltr'>attente</span> <span class='ocrx_word' id='word_1_277' title='bbox 1633 3222 2016 3287; x_wconf 86' lang='lat' dir='ltr'>considerare</span> <span class='ocrx_word' id='word_1_278' title='bbox 2056 3220 2555 3287; x_wconf 88' lang='lat' dir='ltr'>adolescentulae</span> <span class='ocrx_word' id='word_1_279' title='bbox 2590 3222 2906 3289; x_wconf 86' lang='lat' dir='ltr'>formosae</span> <span class='ocrx_word' id='word_1_280' title='bbox 2954 3224 3101 3306; x_wconf 88' lang='lat' dir='ltr'>(nisi</span> <span class='ocrx_word' id='word_1_281' title='bbox 3131 3225 3215 3287; x_wconf 88' lang='lat' dir='ltr'>sit</span> 
     </span>
     <span class='ocr_line' id='line_1_30' title="bbox 750 3324 3218 3409; baseline -0 -18"><span class='ocrx_word' id='word_1_282' title='bbox 750 3327 881 3392; x_wconf 90' lang='lat' dir='ltr'>eius</span> <span class='ocrx_word' id='word_1_283' title='bbox 912 3328 1114 3409; x_wconf 83' lang='lat' dir='ltr'>uxor),</span> <span class='ocrx_word' id='word_1_284' title='bbox 1149 3328 1387 3390; x_wconf 91' lang='lat' dir='ltr'>certum</span> <span class='ocrx_word' id='word_1_285' title='bbox 1420 3325 1764 3408; x_wconf 88' lang='lat' dir='ltr'>periculum</span> <span class='ocrx_word' id='word_1_286' title='bbox 1801 3324 2078 3389; x_wconf 89' lang='lat' dir='ltr'>continet</span> <span class='ocrx_word' id='word_1_287' title='bbox 2110 3343 2446 3407; x_wconf 87' lang='lat' dir='ltr'>pravorum</span> <span class='ocrx_word' id='word_1_288' title='bbox 2482 3344 2917 3391; x_wconf 89' lang='lat' dir='ltr'>consensuum.</span> <span class='ocrx_word' id='word_1_289' title='bbox 2952 3325 3131 3406; x_wconf 79' lang='lat' dir='ltr'>Quod</span> <span class='ocrx_word' id='word_1_290' title='bbox 3164 3325 3218 3390; x_wconf 88' lang='lat' dir='ltr'>si</span> 
     </span>
     <span class='ocr_line' id='line_1_31' title="bbox 750 3428 3214 3510; baseline -0.001 -14"><span class='ocrx_word' id='word_1_291' title='bbox 750 3431 1084 3496; x_wconf 87' lang='lat' dir='ltr'>identidem</span> <span class='ocrx_word' id='word_1_292' title='bbox 1130 3448 1236 3493; x_wconf 90' lang='lat' dir='ltr'>eae</span> <span class='ocrx_word' id='word_1_293' title='bbox 1284 3428 1787 3494; x_wconf 89' lang='lat' dir='ltr'>circumstantiae</span> <span class='ocrx_word' id='word_1_294' title='bbox 1837 3430 2180 3503; x_wconf 88' lang='lat' dir='ltr'>occurrant,</span> <span class='ocrx_word' id='word_1_295' title='bbox 2233 3447 2392 3510; x_wconf 89' lang='lat' dir='ltr'>quae</span> <span class='ocrx_word' id='word_1_296' title='bbox 2424 3430 2611 3493; x_wconf 90' lang='lat' dir='ltr'>huius</span> <span class='ocrx_word' id='word_1_297' title='bbox 2657 3430 2746 3494; x_wconf 90' lang='lat' dir='ltr'>rei</span> <span class='ocrx_word' id='word_1_298' title='bbox 2783 3430 3214 3495; x_wconf 86' lang='lat' dir='ltr'>necessitatem</span> 
     </span>
     <span class='ocr_line' id='line_1_32' title="bbox 750 3530 3214 3615; baseline -0.002 -15"><span class='ocrx_word' id='word_1_299' title='bbox 750 3535 1065 3609; x_wconf 88' lang='lat' dir='ltr'>inducant,</span> <span class='ocrx_word' id='word_1_300' title='bbox 1084 3532 1241 3596; x_wconf 88' lang='lat' dir='ltr'>illud</span> <span class='ocrx_word' id='word_1_301' title='bbox 1265 3532 1538 3615; x_wconf 86' lang='lat' dir='ltr'>profecto</span> <span class='ocrx_word' id='word_1_302' title='bbox 1563 3530 1906 3596; x_wconf 88' lang='lat' dir='ltr'>cavendum</span> <span class='ocrx_word' id='word_1_303' title='bbox 1930 3531 2077 3595; x_wconf 88' lang='lat' dir='ltr'>erit:</span> <span class='ocrx_word' id='word_1_304' title='bbox 2112 3532 2178 3594; x_wconf 70' lang='grc' dir='ltr'>1ο</span> <span class='ocrx_word' id='word_1_305' title='bbox 2202 3532 2275 3596; x_wconf 90' lang='lat' dir='ltr'>ut</span> <span class='ocrx_word' id='word_1_306' title='bbox 2301 3531 2465 3596; x_wconf 87' lang='lat' dir='ltr'>absit</span> <span class='ocrx_word' id='word_1_307' title='bbox 2488 3532 2829 3615; x_wconf 88' lang='lat' dir='ltr'>periculum</span> <span class='ocrx_word' id='word_1_308' title='bbox 2863 3551 3214 3609; x_wconf 85' lang='lat' dir='ltr'>consensus,</span> 
     </span>
     <span class='ocr_line' id='line_1_33' title="bbox 753 3634 3214 3720; baseline -0.002 -18"><span class='ocrx_word' id='word_1_309' title='bbox 753 3636 919 3720; x_wconf 92' lang='lat' dir='ltr'>quod</span> <span class='ocrx_word' id='word_1_310' title='bbox 963 3635 1209 3701; x_wconf 89' lang='lat' dir='ltr'>facilius</span> <span class='ocrx_word' id='word_1_311' title='bbox 1255 3637 1316 3700; x_wconf 89' lang='lat' dir='ltr'>in</span> <span class='ocrx_word' id='word_1_312' title='bbox 1364 3637 1498 3701; x_wconf 89' lang='lat' dir='ltr'>viro</span> <span class='ocrx_word' id='word_1_313' title='bbox 1546 3637 1816 3708; x_wconf 80' lang='lat' dir='ltr'>matum,</span> <span class='ocrx_word' id='word_1_314' title='bbox 1867 3634 2149 3709; x_wconf 83' lang='lat' dir='ltr'>uxorato,</span> <span class='ocrx_word' id='word_1_315' title='bbox 2202 3634 2459 3699; x_wconf 91' lang='lat' dir='ltr'>honesto</span> <span class='ocrx_word' id='word_1_316' title='bbox 2507 3635 2739 3699; x_wconf 88' lang='lat' dir='ltr'>aberit:</span> <span class='ocrx_word' id='word_1_317' title='bbox 2775 3636 2845 3697; x_wconf 84' lang='lat'>2⁰</span> <span class='ocrx_word' id='word_1_318' title='bbox 2873 3636 2950 3697; x_wconf 89' lang='lat' dir='ltr'>ut</span> <span class='ocrx_word' id='word_1_319' title='bbox 2988 3635 3214 3711; x_wconf 87' lang='lat' dir='ltr'>omnia,</span> 
     </span>
     <span class='ocr_line' id='line_1_34' title="bbox 754 3736 3218 3822; baseline -0.002 -17"><span class='ocrx_word' id='word_1_320' title='bbox 754 3742 1061 3822; x_wconf 89' lang='lat' dir='ltr'>quantum</span> <span class='ocrx_word' id='word_1_321' title='bbox 1092 3738 1226 3803; x_wconf 89' lang='lat' dir='ltr'>fieri</span> <span class='ocrx_word' id='word_1_322' title='bbox 1256 3740 1481 3821; x_wconf 89' lang='lat' dir='ltr'>potest,</span> <span class='ocrx_word' id='word_1_323' title='bbox 1516 3756 1658 3800; x_wconf 90' lang='lat' dir='ltr'>cum</span> <span class='ocrx_word' id='word_1_324' title='bbox 1690 3736 2032 3801; x_wconf 85' lang='lat' dir='ltr'>reverentia</span> <span class='ocrx_word' id='word_1_325' title='bbox 2070 3738 2449 3821; x_wconf 83' lang='lat' dir='ltr'>peragantur</span> <span class='ocrx_word' id='word_1_326' title='bbox 2480 3739 2544 3800; x_wconf 93' lang='lat' dir='ltr'>et</span> <span class='ocrx_word' id='word_1_327' title='bbox 2566 3736 2794 3813; x_wconf 83' lang='lat' dir='ltr'>solum,</span> <span class='ocrx_word' id='word_1_328' title='bbox 2831 3736 3037 3817; x_wconf 88' lang='lat' dir='ltr'>quoad</span> <span class='ocrx_word' id='word_1_329' title='bbox 3063 3753 3218 3819; x_wconf 87' lang='lat' dir='ltr'>opus</span> 
     </span>
     <span class='ocr_line' id='line_1_35' title="bbox 755 3837 3221 3923; baseline -0.002 -18"><span class='ocrx_word' id='word_1_330' title='bbox 755 3843 867 3917; x_wconf 89' lang='lat' dir='ltr'>est,</span> <span class='ocrx_word' id='word_1_331' title='bbox 908 3843 1115 3923; x_wconf 89' lang='lat' dir='ltr'>partes</span> <span class='ocrx_word' id='word_1_332' title='bbox 1138 3840 1499 3906; x_wconf 87' lang='lat' dir='ltr'>inhonestae</span> <span class='ocrx_word' id='word_1_333' title='bbox 1531 3837 1932 3921; x_wconf 84' lang='lat' dir='ltr'>detegantur:</span> <span class='ocrx_word' id='word_1_334' title='bbox 1969 3839 2040 3902; x_wconf 82' lang='lat'>3⁰</span> <span class='ocrx_word' id='word_1_335' title='bbox 2065 3841 2138 3902; x_wconf 92' lang='lat' dir='ltr'>ut</span> <span class='ocrx_word' id='word_1_336' title='bbox 2173 3839 2286 3902; x_wconf 91' lang='lat' dir='ltr'>Dei</span> <span class='ocrx_word' id='word_1_337' title='bbox 2319 3838 2621 3903; x_wconf 85' lang='lat' dir='ltr'>auxilium</span> <span class='ocrx_word' id='word_1_338' title='bbox 2647 3838 2972 3903; x_wconf 82' lang='lat' dir='ltr'>humiliter</span> <span class='ocrx_word' id='word_1_339' title='bbox 3002 3838 3221 3920; x_wconf 89' lang='lat' dir='ltr'>implo-</span> 
     </span>
     <span class='ocr_line' id='line_1_36' title="bbox 758 3944 951 4007; baseline 0.005 -1"><span class='ocrx_word' id='word_1_340' title='bbox 758 3944 951 4007; x_wconf 89' lang='lat' dir='ltr'>retur.</span> 
     </span>
    </p>

    <p class='ocr_par' dir='ltr' id='par_1_7' title="bbox 756 4041 3230 4637">
     <span class='ocr_line' id='line_1_37' title="bbox 848 4041 3217 4126; baseline -0.002 -18"><span class='ocrx_word' id='word_1_341' title='bbox 848 4041 1022 4116; x_wconf 76' lang='grc'><strong>985.</strong></span> <span class='ocrx_word' id='word_1_342' title='bbox 1057 4043 1131 4107; x_wconf 88' lang='lat' dir='ltr'>A.</span> <span class='ocrx_word' id='word_1_343' title='bbox 1170 4043 1233 4105; x_wconf 94' lang='lat' dir='ltr'>in</span> <span class='ocrx_word' id='word_1_344' title='bbox 1272 4042 1478 4106; x_wconf 89' lang='lat' dir='ltr'>Resol.</span> <span class='ocrx_word' id='word_1_345' title='bbox 1516 4041 1573 4106; x_wconf 90' lang='lat'>7.</span> <span class='ocrx_word' id='word_1_346' title='bbox 1607 4043 2027 4126; x_wconf 84' lang='lat' dir='ltr'>exceptionem</span> <span class='ocrx_word' id='word_1_347' title='bbox 2057 4043 2372 4125; x_wconf 88' lang='lat' dir='ltr'>quandam</span> <span class='ocrx_word' id='word_1_348' title='bbox 2410 4043 2679 4108; x_wconf 87' lang='lat' dir='ltr'>subiicit.</span> <span class='ocrx_word' id='word_1_349' title='bbox 2714 4041 2781 4107; x_wconf 87' lang='lat' dir='ltr'>Si</span> <span class='ocrx_word' id='word_1_350' title='bbox 2809 4061 3029 4125; x_wconf 90' lang='lat' dir='ltr'>nempe</span> <span class='ocrx_word' id='word_1_351' title='bbox 3066 4041 3217 4106; x_wconf 86' lang='lat' dir='ltr'>dicti</span> 
     </span>
     <span class='ocr_line' id='line_1_38' title="bbox 756 4144 3219 4226; baseline -0.002 -14"><span class='ocrx_word' id='word_1_352' title='bbox 756 4148 965 4212; x_wconf 89' lang='lat' dir='ltr'>tactus</span> <span class='ocrx_word' id='word_1_353' title='bbox 987 4147 1050 4208; x_wconf 90' lang='lat' dir='ltr'>et</span> <span class='ocrx_word' id='word_1_354' title='bbox 1075 4144 1359 4225; x_wconf 87' lang='lat' dir='ltr'>aspectus</span> <span class='ocrx_word' id='word_1_355' title='bbox 1383 4144 1656 4226; x_wconf 88' lang='lat' dir='ltr'>partium</span> <span class='ocrx_word' id='word_1_356' title='bbox 1678 4145 2151 4210; x_wconf 88' lang='lat' dir='ltr'>inhonestarum</span> <span class='ocrx_word' id='word_1_357' title='bbox 2175 4146 2452 4223; x_wconf 78' lang='lat' dir='ltr'>alteriuS,</span> <span class='ocrx_word' id='word_1_358' title='bbox 2480 4145 2754 4210; x_wconf 88' lang='lat' dir='ltr'>eiusdem</span> <span class='ocrx_word' id='word_1_359' title='bbox 2781 4147 2993 4209; x_wconf 89' lang='lat' dir='ltr'>tamen</span> <span class='ocrx_word' id='word_1_360' title='bbox 3019 4163 3219 4219; x_wconf 85' lang='lat' dir='ltr'>sexus,</span> 
     </span>
     <span class='ocr_line' id='line_1_39' title="bbox 760 4243 3228 4329; baseline -0.001 -17"><span class='ocrx_word' id='word_1_361' title='bbox 760 4268 880 4313; x_wconf 90' lang='lat' dir='ltr'>non</span> <span class='ocrx_word' id='word_1_362' title='bbox 913 4244 1158 4320; x_wconf 83' lang='lat' dir='ltr'>diversi,</span> <span class='ocrx_word' id='word_1_363' title='bbox 1193 4243 1348 4307; x_wconf 89' lang='lat' dir='ltr'>fiant</span> <span class='ocrx_word' id='word_1_364' title='bbox 1394 4264 1464 4309; x_wconf 87' lang='lat' dir='ltr'>ex</span> <span class='ocrx_word' id='word_1_365' title='bbox 1502 4247 1850 4329; x_wconf 88' lang='lat' dir='ltr'>petulantia</span> <span class='ocrx_word' id='word_1_366' title='bbox 1898 4247 1994 4311; x_wconf 88' lang='lat' dir='ltr'>vel</span> <span class='ocrx_word' id='word_1_367' title='bbox 2041 4248 2423 4326; x_wconf 90' lang='lat' dir='ltr'>curiositate,</span> <span class='ocrx_word' id='word_1_368' title='bbox 2457 4249 2614 4313; x_wconf 86' lang='lat' dir='ltr'>citra</span> <span class='ocrx_word' id='word_1_369' title='bbox 2652 4247 2943 4313; x_wconf 83' lang='lat' dir='ltr'>affectum</span> <span class='ocrx_word' id='word_1_370' title='bbox 2975 4248 3040 4312; x_wconf 91' lang='lat' dir='ltr'>et</span> <span class='ocrx_word' id='word_1_371' title='bbox 3069 4247 3228 4329; x_wconf 87' lang='lat' dir='ltr'>peri·</span> 
     </span>
     <span class='ocr_line' id='line_1_40' title="bbox 762 4348 3224 4434; baseline 0 -21"><span class='ocrx_word' id='word_1_372' title='bbox 762 4349 974 4413; x_wconf 88' lang='lat' dir='ltr'>culum</span> <span class='ocrx_word' id='word_1_373' title='bbox 1019 4366 1350 4414; x_wconf 88' lang='lat' dir='ltr'>consensus</span> <span class='ocrx_word' id='word_1_374' title='bbox 1398 4349 1657 4423; x_wconf 88' lang='lat' dir='ltr'>venerei,</span> <span class='ocrx_word' id='word_1_375' title='bbox 1710 4349 1802 4412; x_wconf 88' lang='lat' dir='ltr'>ait</span> <span class='ocrx_word' id='word_1_376' title='bbox 1848 4350 1944 4425; x_wconf 66' lang='lat' dir='ltr'>A„</span> <span class='ocrx_word' id='word_1_377' title='bbox 1987 4350 2328 4434; x_wconf 76' lang='lat' dir='ltr'>Laymann,</span> <span class='ocrx_word' id='word_1_378' title='bbox 2370 4370 2442 4415; x_wconf 85' lang='lat' dir='ltr'>ex</span> <span class='ocrx_word' id='word_1_379' title='bbox 2466 4350 2759 4427; x_wconf 87' lang='lat' dir='ltr'>Sanchez‚</span> <span class='ocrx_word' id='word_1_380' title='bbox 2794 4349 3008 4415; x_wconf 91' lang='lat' dir='ltr'>docere</span> <span class='ocrx_word' id='word_1_381' title='bbox 3054 4348 3224 4431; x_wconf 90' lang='lat' dir='ltr'>quod</span> 
     </span>
     <span class='ocr_line' id='line_1_41' title="bbox 765 4450 3229 4537; baseline 0.002 -24"><span class='ocrx_word' id='word_1_382' title='bbox 765 4450 1003 4533; x_wconf 88' lang='lat' dir='ltr'>possint</span> <span class='ocrx_word' id='word_1_383' title='bbox 1049 4451 1325 4515; x_wconf 85' lang='lat' dir='ltr'>excusari</span> <span class='ocrx_word' id='word_1_384' title='bbox 1373 4471 1408 4514; x_wconf 91' lang='lat' dir='ltr'>a</span> <span class='ocrx_word' id='word_1_385' title='bbox 1455 4450 1727 4515; x_wconf 87' lang='lat' dir='ltr'>mortali.</span> <span class='ocrx_word' id='word_1_386' title='bbox 1778 4451 2099 4536; x_wconf 80' lang='lat' dir='ltr'>Laymann</span> <span class='ocrx_word' id='word_1_387' title='bbox 2147 4453 2189 4516; x_wconf 91' lang='lat'>1.</span> <span class='ocrx_word' id='word_1_388' title='bbox 2239 4473 2291 4518; x_wconf 88' lang='lat' dir='ltr'>c.</span> <span class='ocrx_word' id='word_1_389' title='bbox 2326 4455 2435 4520; x_wconf 92' lang='lat' dir='ltr'>ait.</span> <span class='ocrx_word' id='word_1_390' title='bbox 2492 4481 2526 4511; x_wconf 85' lang='lat'><strong>«</strong></span> <span class='ocrx_word' id='word_1_391' title='bbox 2560 4452 2677 4519; x_wconf 90' lang='lat' dir='ltr'>Sed</span> <span class='ocrx_word' id='word_1_392' title='bbox 2721 4453 2885 4517; x_wconf 90' lang='lat' dir='ltr'>inter</span> <span class='ocrx_word' id='word_1_393' title='bbox 2930 4472 3229 4537; x_wconf 87' lang='lat' dir='ltr'>personas</span> 
     </span>
     <span class='ocr_line' id='line_1_42' title="bbox 761 4551 3230 4637; baseline 0.001 -20"><span class='ocrx_word' id='word_1_394' title='bbox 761 4552 1035 4618; x_wconf 90' lang='lat' dir='ltr'>eiusdem</span> <span class='ocrx_word' id='word_1_395' title='bbox 1080 4573 1259 4619; x_wconf 88' lang='lat' dir='ltr'>sexus</span> <span class='ocrx_word' id='word_1_396' title='bbox 1305 4555 1492 4637; x_wconf 90' lang='lat' dir='ltr'>putat</span> <span class='ocrx_word' id='word_1_397' title='bbox 1538 4551 1807 4618; x_wconf 88' lang='lat' dir='ltr'>Sanchez</span> <span class='ocrx_word' id='word_1_398' title='bbox 1855 4552 1930 4617; x_wconf 78' lang='lat' dir='ltr'>de</span> <span class='ocrx_word' id='word_1_399' title='bbox 1975 4554 2180 4620; x_wconf 80' lang='lat' dir='ltr'>Matr.</span> <span class='ocrx_word' id='word_1_400' title='bbox 2219 4557 2261 4620; x_wconf 91' lang='lat' dir='ltr'>l.</span> <span class='ocrx_word' id='word_1_401' title='bbox 2313 4558 2373 4621; x_wconf 88' lang='grc'>9.</span> <span class='ocrx_word' id='word_1_402' title='bbox 2414 4556 2473 4621; x_wconf 90' lang='lat' dir='ltr'>d.</span> <span class='ocrx_word' id='word_1_403' title='bbox 2514 4556 2619 4620; x_wconf 87' lang='lat'>46.</span> <span class='ocrx_word' id='word_1_404' title='bbox 2653 4576 2714 4620; x_wconf 88' lang='lat' dir='ltr'>n.</span> <span class='ocrx_word' id='word_1_405' title='bbox 2769 4556 2871 4620; x_wconf 89' lang='grc'>12.</span> <span class='ocrx_word' id='word_1_406' title='bbox 2920 4555 3230 4620; x_wconf 85' lang='lat' dir='ltr'>eiusmodi</span> 
     </span>
    </p>
   </div>
  </div>
 </body>
</html>
