3497 5147
417 337 527 412 [28]
584 353 918 395 onmem-10
940 355 1116 396 mum
1144 353 1355 402 Quom
1381 353 1632 408 rennos,
1658 353 1988 395 rur-munus
2016 355 2081 395 m
2105 354 2604 408 rmrarromnus‚
2626 353 2756 395 mc.
2810 341 2879 394 19

512 476 547 508 «
581 448 872 516 Ceterum
919 452 1038 516 1100
1082 469 1205 515 11011
1237 451 1440 535 placet
1469 450 1564 514 ita
1597 449 1977 532 yeneraliter
2021 451 2272 514 dictum.
2321 449 2558 534 Quippe
2595 451 2744 515 dum
2790 451 2878 514 in-

419 552 618 618 fidelis
666 553 786 617 sibi
830 572 1195 637 persuasum
1241 553 1431 618 habet
1475 571 1655 618 suam
1702 554 1934 617 sectam
1966 572 2096 618 esse
2143 553 2542 636 probabilem,
2592 553 2878 635 quamvis

417 655 730 720 contraria
749 654 834 719 sit
860 654 1258 739 probabilior,
1277 657 1593 719 teneretur
1615 655 1834 736 utique
1855 655 1918 720 in
1944 655 2208 721 articulo
2232 656 2452 720 mortis
2477 655 2875 732 constitutus,

419 757 484 820 in
530 775 654 838 quo
703 757 776 821 de
824 757 1098 822 extrema
1129 757 1332 821 salute
1380 757 1610 841 agitur,
1658 776 1869 821 veram
1905 758 2108 834 fidem,
2158 776 2348 839 quam
2403 756 2878 841 probabiliorem

416 857 672 935 iudicat,
706 858 1002 941 amplecti
1039 877 1111 922 ac
1137 857 1393 941 proinde
1438 861 1699 941 partem,
1733 878 1922 940 quam
1955 860 2251 924 tutiorem
2291 879 2361 923 30
2399 859 2878 942 probabiliorem

417 961 670 1037 iudicat,
713 961 1006 1044 amplecti
1052 962 1318 1026 tenetur.
1351 962 1438 1025 At
1469 963 1641 1026 extra
1688 981 1832 1027 eum
1880 963 2214 1027 articulum
2252 981 2373 1027 non
2410 963 2684 1039 tenetur3
2716 962 2880 1043 quod

417 1064 619 1128 adhuc
649 1064 966 1129 existimet
997 1064 1328 1147 prudenter
1357 1064 1422 1127 in
1447 1083 1561 1128 sua
1593 1066 1760 1129 secta
1793 1084 1859 1130 se
1892 1084 2070 1148 posse
2093 1068 2479 1148 perseverare
2511 1080 2877 1138 TEMPUSQUE

422 1182 533 1229 nm
585 1182 814 1230 Msnms
861 1182 1317 1230 nummum
1366 1182 1721 1231 surnnsrr...
1773 1166 1932 1247 Quia
1970 1166 2031 1231 S.
2066 1168 2338 1233 Thomas
2374 1168 2573 1250 petiit,
2623 1169 2697 1232 ut
2742 1167 2881 1249 quis

419 1268 658 1333 credere
711 1269 1020 1346 teneatur,
1075 1267 1281 1333 videre
1341 1288 1457 1346 133,
1517 1288 1676 1351 quae
1727 1271 2178 1353 proponuntur,
2228 1269 2547 1334 credibiles
2593 1288 2743 1335 esse.
2794 1270 2881 1334 At

416 1370 565 1435 dum
624 1370 1008 1436 contrarium
1069 1372 1569 1454 repraesentatur
1620 1373 1695 1436 ut
1740 1370 2047 1448 credibile,
2095 1390 2217 1437 non
2264 1373 2360 1437 est
2404 1372 2710 1437 evidentia
2758 1391 2881 1436 cre-

418 1473 747 1539 dibilitatis
781 1473 1040 1538 alterius
1086 1472 1302 1557 partis.
1342 1471 1544 1552 Quare
1591 1476 1741 1538 tunc
1778 1491 1993 1537 censeo
2037 1494 2134 1538 res
2172 1473 2315 1539 fidei
2358 1474 2452 1538 ita
2499 1474 2880 1538 sufficienter

418 1575 770 1640 infidelibus
793 1575 1072 1659 proponi,
1100 1575 1175 1638 ut
1196 1574 1317 1658 ipsi
1339 1576 1663 1659 praecepto
1689 1576 1898 1641 divino
1917 1576 1994 1641 ad
2018 1576 2385 1640 credendum
2411 1576 2881 1658 adstringantur

414 1680 477 1743 et
506 1698 632 1742 non
663 1677 1057 1742 credentibus
1090 1678 1432 1756 imputetur
1460 1678 1675 1757 culpae
1706 1677 2073 1757 infidelitas,
2107 1678 2353 1759 quando
2383 1678 2534 1742 fides
2565 1679 2656 1742 ita
2688 1679 2882 1743 ratio-

419 1779 993 1863 nibus'proponitur
1028 1781 1093 1845 et
1115 1779 1311 1864 signis
1336 1779 1759 1855 confirmatur,
1799 1783 1872 1844 ut
1903 1780 2233 1864 prudenter
2263 1781 2427 1845 ratio
2457 1781 2592 1863 ipsa
2624 1780 2882 1863 incipiat

424 1877 1116 1967 praescribere,res'fidei
1133 1900 1263 1946 esse
1287 1880 1616 1946 credendas
1641 1883 1706 1947 et
1720 1881 2097 1947 contrariam
2114 1883 2348 1946 sectam
2367 1901 2497 1946 esse
2514 1882 2801 1946 falsam...
2817 1905 2877 1944 ».

495 1980 619 2054 27.
641 1982 831 2048 Ρο110
855 1984 910 2048 31
927 1984 1155 2067 agatur
1178 1982 1253 2048 de
1278 1982 1657 2068 obligatione
1682 1984 1981 2061 credendi,
2002 1984 2210 2068 palam
2236 1986 2350 2060 est,
2377 2004 2611 2050 errasse
2634 1986 2880 2049 Bannez

413 2090 480 2153 et
513 2085 836 2151 Ledesma.
876 2085 1161 2151 Habetur
1193 2086 1356 2151 enim
1393 2086 1519 2150 alia
1549 2087 1893 2170 propositio
1934 2089 2038 2151 21.
2061 2086 2357 2152 damnata
2390 2088 2467 2151 ab
2499 2088 2708 2151 1111100.
2744 2087 2877 2149 ΧΙ.;

419 2216 456 2250 «
495 2190 803 2254 Assensus
832 2188 975 2253 fidei
1020 2174 1511 2272 supernaturalis
1557 2190 1622 2253 et
1666 2189 1843 2254 utilis
1877 2189 1955 2253 ad
1989 2189 2259 2255 salutem
2296 2191 2426 2254 stat
2463 2209 2606 2255 011111
2652 2189 2881 2254 notitia

411 2294 619 2358 solum
669 2291 978 2376 probabili
1025 2291 1452 2356 revelationis:
1500 2291 1628 2356 imo
1675 2311 1819 2357 cum
1849 2290 2195 2368 formidine,
2236 2310 2358 2373 qua
2391 2293 2530 2374 quis
2567 2292 2877 2368 formidet,

412 2414 489 2459 ne
516 2412 640 2458 non
675 2395 762 2459 sit
804 2394 1055 2458 locutus
1087 2395 1257 2458 Deus
1294 2417 1358 2457 ›.
1393 2393 1530 2473 Qua
1561 2394 1738 2476 parte
1771 2413 1918 2479 ergo
1956 2396 2147 2478 negat
2183 2393 2472 2471 Sanchez,
2508 2395 2772 2480 obligari
2804 2394 2881 2459 ad

418 2496 810 2577 credendum,
845 2496 990 2561 dum
1018 2516 1161 2580 pars
1184 2515 1306 2561 non
1341 2498 1598 2581 apparet
1628 2496 1941 2561 evidenter
1957 2495 2284 2573 credibilis,
2311 2496 2416 2560 sed
2439 2497 2703 2563 formido
2737 2518 2877 2581 pru-

415 2601 565 2665 dens
610 2603 706 2666 est
741 2600 816 2665 de
852 2598 1150 2678 falsitate,
1189 2599 1348 2664 nihil
1378 2600 1595 2665 absoni
1640 2600 1810 2665 dicit.
1845 2601 1979 2666 Imo
2028 2599 2506 2683 prudentissime
2536 2600 2766 2673 subdit,
2817 2601 2880 2664 in

422 2703 683 2767 articulo
713 2702 938 2766 mortis
988 2720 1162 2767 secus
1201 2701 1559 2778 dicendum3
1586 2702 1735 2783 quia
1773 2702 2030 2779 tutiora,
2071 2702 2189 2766 etsi
2219 2721 2341 2766 11011
2378 2701 2566 2781 certa,
2590 2702 2795 2766 media
2819 2702 2880 2766 in

419 2807 540 2871 hoc
569 2825 715 2872 casu
745 2807 895 2871 sunt
927 2804 1293 2882 adhibenda,
1329 2806 1519 2887 prout
1547 2803 1808 2869 dicimus
1847 2805 2038 2869 etiam
2069 2804 2143 2869 de
2180 2803 2613 2869 Sacramentis.
2663 2803 2728 2869 Si
2777 2824 2881 2869 au-

412 2909 543 2973 tem
598 2926 722 2973 non
778 2908 1025 2972 tenetur
1085 2906 1565 2990 probabiliorem
1610 2907 1785 2970 extra
1838 2925 2052 2971 casum
2096 2906 2318 2971 mortis
2383 2907 2691 2991 amplecti,
2742 2926 2882 2990 pru-

409 3009 627 3074 denter
650 3010 867 3075 manet,
892 3009 957 3073 in
990 3009 1177 3087 secta,
1196 3026 1321 3073 non
1346 3007 1525 3090 quasi
1550 3008 1662 3072 aut
1692 3025 1906 3072 veram
1938 3010 2051 3072 aut
2075 3009 2376 3073 veriorem
2407 3009 2631 3073 habere
2662 3010 2879 3090 possit,

408 3112 521 3178 sed
545 3112 695 3176 dum
720 3111 1000 3194 inquirit,
1018 3112 1115 3175 uti
1128 3115 1289 3174 certe
1313 3111 1632 3192 inquirere
1651 3114 1911 3173 tenetur.
1932 3108 2117 3174 Secus
2135 3110 2381 3174 deberet
2396 3129 2612 3175 exuere
2638 3129 2880 3175 omnem

410 3214 600 3279 fidem
630 3215 693 3279 et
725 3215 1085 3299 religionem
1120 3214 1381 3278 abiicere
1412 3214 1476 3278 et
1505 3213 1664 3277 nihil
1698 3212 1917 3277 facere.
1957 3212 2038 3276 Et
2067 3212 2225 3276 illud
2263 3214 2376 3292 est,
2424 3213 2590 3294 quod
2626 3212 2884 3277 damnat

411 3316 904 3401 propositionem
931 3316 1111 3381 illam
1156 3319 1447 3398 quartam
1484 3316 1617 3380 3011.
1665 3316 1831 3397 quod
1869 3315 2075 3397 quiete
2121 3335 2367 3380 manere
2413 3315 2611 3398 possit
2657 3316 2719 3380 in
2767 3335 2881 3380 sua

411 3421 604 3484 secta.
639 3419 783 3484 Non
828 3419 969 3484 ideo
1017 3418 1181 3483 enim
1230 3419 1369 3500 quis
1408 3419 1757 3497 excusatur,
1791 3417 1845 3482 si
1902 3418 2154 3481 maneat
2196 3418 2262 3482 in
2307 3416 2693 3494 infidelitate,
2734 3418 2880 3499 quia

411 3521 666 3585 ducitur
700 3521 985 3604 opinione
1015 3520 1353 3603 probabili3
1385 3520 1450 3584 in
1488 3539 1560 3585 eo
1608 3520 1772 3584 enim
1818 3519 1992 3585 statu
2041 3519 2286 3583 tenetur
2324 3518 2610 3582 adhibere
2656 3519 2876 3594 media,

415 3623 646 3705 quibus
693 3622 772 3686 ad
823 3623 1155 3688 veritatem
1179 3622 1497 3707 pertingat
1528 3640 1722 3703 eoque
1753 3621 1956 3705 magis
1988 3622 2253 3697 tenetur,
2289 3639 2410 3702 quo
2443 3621 2691 3702 potiora
2731 3621 2882 3684 exci—

418 3726 635 3790 tantur
668 3725 860 3790 dubia
899 3726 976 3790 ob
1008 3725 1306 3790 maiorem
1363 3724 1622 3788 alterius
1666 3725 1870 3787 sectae
1924 3721 2448 3804 probabilitatem,
2496 3721 2642 3786 licet
2680 3722 2881 3788 maior

420 3825 571 3891 haec
602 3826 1013 3911 probabilitas
1044 3827 1247 3911 impar
1277 3826 1363 3890 sit
1400 3825 1478 3889 ad
1527 3824 1973 3909 obligationem
2003 3822 2147 3887 fidei
2175 3823 2630 3906 imponendam.

1116 4031 1217 4097 De
1252 4031 1698 4097 tentationibus
1728 4035 1946 4096 contra
1970 4030 2176 4112 fidem.

501 4219 629 4293 28.
668 4222 969 4287 Doctrina
1000 4221 1268 4288 Sanchez
1292 4223 1334 4287 1.
1370 4241 1421 4287 0.
1456 4240 1507 4285 0.
1546 4221 1604 4285 1.
1638 4242 1698 4285 11.
1733 4222 1818 4298 3.,
1852 4239 2041 4302 quam
2073 4220 2261 4285 refert
2283 4219 2357 4284 A.
2386 4222 2482 4285 est
2512 4223 2875 4287 communis.

413 4325 819 4391 Tentationes
850 4326 1063 4391 tamen
1093 4344 1216 4390 non
1247 4325 1383 4390 heic
1427 4324 1866 4408 intelliguntur
1912 4322 2224 4404 quaelibet
2270 4323 2613 4399 molestiae,
2655 4324 2878 4406 quibus

419 4430 600 4494 vexet
631 4427 915 4504 daemon,
948 4428 1054 4492 sed
1086 4427 1498 4512 cogitationes
1531 4426 1843 4503 subortae,
1878 4444 2036 4507 quae
2070 4425 2134 4488 in
2165 4425 2508 4508 periculum
2540 4445 2753 4507 reapse
2779 4425 2881 4488 ad-

417 4530 641 4596 ducere
671 4533 935 4615 possunt
965 4531 1341 4596 amittendae
1378 4529 1539 4594 fidei.
1568 4528 1867 4608 Quocirca
1907 4527 2208 4611 obligatio
2250 4527 2448 4592 oritur
2481 4528 2559 4592 ab
2593 4527 2729 4609 ipsa
2761 4526 2881 4588 vir-
