3497 5147
360 310 544 386 [1080]
796 324 948 373 Qum
987 325 1083 366 srr
1118 327 1200 367 m
1235 326 1409 374 Quam
1444 327 1656 369 onam
1695 326 2019 370 PEGOATUM
2057 328 2404 369 nmmc‘no
2719 314 2753 369 ‘i'
2756 315 2826 369 99

364 423 477 487 aut
524 421 834 486 similibus
874 420 1115 486 delictis
1147 423 1307 487 solet
1343 423 1595 502 iactare,
1630 426 1743 489 aut
1774 425 1847 489 de
1879 424 2105 507 quibus
2151 426 2279 490 iam
2326 426 2683 498 diffamatus
2731 427 2826 491 est

360 523 625 607 publice.

450 627 535 691 Et
564 627 912 712 generatim
959 628 1034 692 ut
1062 628 1362 694 revelatio
1411 629 1684 694 criminis
1731 629 1995 695 alicuius
2042 630 2126 694 sit
2173 631 2397 696 saltem
2428 632 2644 695 contra
2676 631 2828 695 cari-

360 729 579 807 tatem,
623 729 871 811 oportet
900 729 1343 795 revelationem
1376 732 1590 795 afferre
1615 731 1868 813 aliquod
1906 733 2201 797 damnum
2232 733 2346 810 illi,
2381 733 2559 797 cuius
2597 734 2826 797 crimen

358 831 674 896 revelatur
708 831 809 895 vel
838 830 904 895 in
937 831 1105 897 fama
1142 834 1242 898 vel
1272 834 1335 897 in
1367 833 1714 919 privatione
1746 838 2156 918 consequente
2189 835 2447 900 alterius
2494 836 2667 912 boni3
2717 835 2826 899 ubi

364 933 528 997 enim
574 933 821 998 nullum
876 935 1115 999 malum
1164 934 1427 1001 infertur
1456 936 1758 1020 proximo,
1792 936 2008 1019 nequit
2056 956 2186 1003 esse
2241 939 2562 1020 peccatum
2609 938 2826 1002 contra

361 1035 622 1100 caritate
652 1036 938 1119 proximi.

471 1182 558 1234 Xl.
583 1182 633 1234 t.
658 1180 788 1235 Fieri
817 1188 977 1235 tamen
1004 1188 1181 1249 potest,
1217 1188 1268 1235 ut
1294 1184 1537 1236 narrando
1563 1184 1782 1236 delectus
1805 1181 1953 1235 etiam
1992 1185 2254 1245 naturaleS,
2285 1187 2501 1247 spectata
2536 1179 2824 1234 conditione

362 1272 411 1319 et
446 1272 575 1319 statu
610 1264 757 1331 illius,
781 1266 996 1331 graviter
1033 1281 1210 1320 noceas
1247 1274 1295 1320 et
1332 1266 1403 1320 sic
1440 1265 1655 1330 graviter
1692 1281 1890 1334 pecces:
1915 1275 1967 1319 ut
1993 1266 2034 1320 si
2070 1281 2270 1331 gravem
2314 1273 2364 1320 et
2402 1265 2574 1332 optimi
2614 1264 2825 1319 nominis

361 1352 654 1415 praelatum,
681 1356 763 1403 aut
787 1349 1104 1414 Religiosum‚
1129 1350 1396 1404 mendaciis
1420 1358 1669 1404 assuetum
1694 1365 1822 1414 esse,
1862 1349 2020 1403 virum
2046 1365 2247 1415 gravem
2275 1364 2331 1404 ac
2357 1352 2692 1416 consularem,
2716 1349 2820 1403 ille-

360 1434 526 1498 gitime
553 1440 735 1499 uatum,
769 1436 997 1488 iudaeum
1023 1443 1115 1489 etc.
1144 1434 1296 1488 dicas.
1325 1437 1453 1488 ldem
1477 1439 1567 1499 est,
1589 1434 1680 1488 etsi
1707 1437 1769 1489 de
1796 1438 1947 1487 altero
1978 1433 2096 1488 ninil
2122 1434 2169 1488 in
2200 1433 2498 1500 particulari,
2520 1435 2606 1487 sed
2636 1440 2823 1487 tantum

362 1518 409 1572 in
445 1532 624 1582 genere
661 1518 809 1583 dicas,
842 1533 890 1571 v.
919 1533 991 1583 gr.
1018 1526 1067 1573 te
1104 1519 1233 1573 scire
1262 1519 1444 1586 aliquid
1482 1522 1543 1572 de
1581 1518 1682 1585 illo,
1710 1521 1859 1585 quod,
1893 1519 1933 1572 si
1973 1518 2123 1584 dicas,
2153 1533 2324 1584 magno
2362 1518 2500 1571 illum
2540 1522 2720 1571 rubore
2761 1516 2827 1569 sit

364 1606 667 1657 affectatum.
692 1600 839 1657 Card.
869 1605 987 1667 Lug.
1017 1606 1064 1656 d.
1094 1604 1178 1656 44.
1205 1618 1252 1656 n.
1282 1604 1365 1656 49.

455 1716 662 1789 1078.
698 1720 732 1760 *
756 1720 872 1784 Est
917 1720 1218 1785 limitatio
1256 1721 1346 1784 1⁸⁸
1377 1722 1440 1784 et
1474 1723 1565 1784 2·‘
1602 1721 1814 1785 Resol.
1863 1721 2164 1786 Doctrina
2201 1722 2368 1785 clara
2417 1723 2531 1785 est.
2583 1719 2827 1804 Regula

364 1823 687 1908 generalis,
728 1823 821 1887 ait
853 1823 1030 1908 Lugo
1071 1823 1225 1907 disp.
1252 1824 1357 1888 cit.
1397 1844 1457 1888 n.
1493 1824 1621 1901 49„
1658 1823 1735 1887 ad
1769 1823 2150 1908 gravitatem
2198 1823 2618 1899 detractioniS,
2653 1822 2828 1886 desu-

365 1925 585 1990 menda
615 1928 712 1991 est
748 1945 821 1991 ex
851 1926 1337 1991 circumstantiis
1376 1945 1690 2010 personae,
1724 1926 2000 1991 defectus
2033 1928 2140 2009 qui
2171 1931 2482 2006 narratur,
2518 1927 2831 1991 existima-

364 2028 573 2104 tionis
609 2047 797 2110 quam
835 2047 1097 2111 persona
1143 2028 1253 2092 illa
1288 2028 1451 2111 apud
1496 2029 1777 2093 homines
1824 2029 2013 2094 habet
2044 2031 2108 2093 et
2139 2029 2469 2105 similibus,
2503 2029 2567 2093 in
2601 2027 2828 2110 quibus

368 2130 421 2194 si
452 2149 640 2214 grave
671 2130 1132 2223 detrimentum,
1167 2131 1488 2213 prudentis
1521 2131 1800 2208 arbitrio,
1820 2130 2022 2196 famae
2053 2132 2336 2207 infertur,
2372 2130 2674 2196 detractio
2709 2130 2828 2193 erit

364 2231 595 2316 gravis,
629 2251 802 2297 secus
831 2232 1007 2297 levis.

457 2333 645 2399 Ratio
693 2336 1042 2419 postremae
1074 2335 1270 2419 partis
1324 2335 1569 2401 evidens
1601 2336 1715 2400 est.
1752 2333 1852 2400 Sic
1905 2335 2068 2399 enim
2117 2336 2245 2398 iam
2293 2336 2357 2399 in
2409 2353 2596 2399 eausa
2635 2353 2719 2411 eS,
2746 2334 2830 2396 .ut

367 2435 474 2499 alii
503 2436 578 2501 de
615 2454 685 2503 eo
724 2437 971 2501 sinistre
1005 2434 1337 2520 opinentur
1366 2441 1429 2502 et
1479 2439 1863 2504 occasionem
1901 2437 2154 2520 praebes
2182 2436 2419 2519 aliquid
2451 2437 2624 2520 peius
2658 2435 2828 2519 cogi-

366 2538 558 2618 tandi,
598 2558 788 2622 quam
820 2539 905 2605 sit
935 2538 998 2603 id
1031 2540 1197 2622 quod
1230 2541 1426 2606 dicere
1457 2542 1788 2625 potuisses
1808 2542 1843 2579 *

474 2699 581 2751 Xll.
606 2698 657 2752 ὅ.
681 2697 895 2763 Crimen,
922 2705 1008 2752 aut
1044 2700 1287 2752 detectum
1322 2697 1547 2762 alicuius,
1573 2701 1719 2752 modo
1758 2712 1951 2765 verum,
1978 2712 2125 2766 saepe
2162 2696 2281 2753 licet
2320 2698 2526 2762 prodere
2567 2699 2630 2749 ob
2669 2696 2827 2749 iustas

364 2796 567 2837 causas:
595 2797 643 2836 v.
666 2797 735 2848 gr.
764 2786 810 2835 l.
832 2797 945 2837 cum
972 2782 1169 2849 expedit
1199 2782 1503 2850 superiorem
1529 2781 1655 2837 scire
1681 2797 1884 2836 suorum
1912 2785 2144 2846 delectuS,
2182 2788 2233 2834 ut
2262 2783 2597 2846 emendentur,
2626 2782 2687 2834 de
2725 2794 2823 2846 quo

365 2881 412 2919 v,
446 2881 592 2934 supra
630 2865 696 2921 de
733 2867 856 2923 Gor.
896 2866 1050 2921 Frat.
1090 2874 1138 2921 et
1175 2866 1246 2921 sic
1282 2882 1383 2930 θος,
1421 2865 1504 2933 qui
1534 2866 1718 2919 crimen
1758 2869 2004 2920 occultum
2045 2866 2256 2920 filiorum
2295 2865 2598 2933 parentibus,
2639 2867 2717 2917 vel
2760 2867 2826 2916 la·

364 2954 603 3004 mulorum
639 2950 789 3015 heris,
826 2950 877 3004 in
914 2950 1082 3004 ordine
1120 2953 1180 3005 ad
1219 2950 1577 3005 correctionem
1621 2953 1862 3018 (cavendo
1900 2957 2077 3013 tamen,
2118 2966 2178 3005 ne
2220 2965 2283 3004 ex
2324 2949 2629 3004 revelatione
2675 2948 2832 3001 maius

366 3036 595 3089 damnum
632 3037 887 3104 sequatur)
930 3034 1220 3104 significant,
1244 3035 1567 3091 communiter
1601 3036 1829 3089 excusari
1868 3038 2013 3091 docet
2047 3038 2201 3090 Trull.
2242 3038 2274 3087 l.
2316 3037 2368 3088 7.
2395 3050 2440 3090 c.
2471 3038 2554 3088 ⁴0.
2581 3038 2630 3088 d.
2660 3037 2743 3087 ll.
2770 3047 2831 3086 ex

364 3120 544 3174 Bonae.
570 3126 665 3174 etc.
706 3119 776 3174 uti
812 3128 862 3174 et
902 3135 1105 3175 uxorem
1144 3125 1422 3186 loquentem
1461 3136 1571 3175 cum
1610 3120 1783 3175 marito
1821 3121 1921 3188 (vel
1959 3123 2152 3185 contra)
2196 3123 2257 3174 de
2298 3120 2582 3175 criminibus
2620 3117 2830 3173 occultis

365 3204 576 3260 illiorum
615 3209 693 3261 vel
726 3209 1033 3261 ramulorum.
1064 3209 1114 3259 2.
1142 3204 1301 3259 Causa
1329 3206 1538 3272 consilii,
1566 3209 1643 3260 vel
1670 3206 1844 3260 auxilii
1885 3206 2134 3273 capiendi;
2159 3205 2210 3258 in
2237 3220 2333 3269 quo
2362 3213 2522 3259 tamen
2549 3204 2831 3269 videndum,

366 3297 419 3343 ut
443 3305 552 3344 cum
590 3290 788 3344 minimo
826 3293 1001 3343 damno
1034 3288 1166 3342 tertii
1203 3293 1303 3342 flat.
1334 3293 1382 3342 3.
1409 3292 1567 3346 Causa
1596 3289 1803 3344 cavendi
1829 3290 2033 3344 alterius
2071 3288 2263 3341 damni:
2295 3297 2346 3341 ut
2373 3289 2413 3341 si
2455 3290 2661 3344 alicuius
2689 3288 2834 3342 aesti-

365 3374 514 3427 matio
553 3376 672 3428 lalso
712 3381 946 3439 concepta
986 3377 1046 3425 de
1085 3373 1190 3425 eius
1216 3373 1453 3436 doctrina,
1486 3375 1743 3440 probitate,
1774 3381 1848 3427 est
1874 3375 1982 3427 aliis
2022 3372 2312 3439 perniciosa.
2343 3374 2498 3438 Unde,
2526 3388 2633 3426 cum
2664 3373 2825 3435 agitur

368 3461 428 3509 ue
463 3460 759 3511 conterendo
796 3455 977 3519 officio,
1003 3458 1063 3508 de
1093 3459 1428 3510 contrahendo
1469 3458 1796 3520 matrimonio,
1824 3460 1886 3511 de
1911 3457 2221 3523 suscipienda
2254 3454 2504 3520 religione,
2533 3459 2825 3510 assumendo

368 3541 575 3607 medico,
602 3548 939 3608 praeceptore,
968 3542 1165 3605 lamule,
1191 3543 1366 3593 ramula
1404 3549 1516 3606 etc„
1545 3542 1658 3596 licet
1698 3541 2010 3596 manifestare
2038 3542 2159 3610 (imo
2196 3541 2459 3607 aliquando
2498 3545 2713 3607 oportet)
2745 3556 2828 3595 oc·

367 3627 494 3678 culta
534 3626 737 3680 alterius
771 3624 1132 3692 impedimenta,
1161 3625 1531 3694 inhabilitatem,
1555 3626 1772 3689 crimina,
1813 3629 1939 3680 unde
1979 3626 2192 3681 notabile
2230 3626 2428 3692 aliquod
2466 3626 2827 3679 incommodum

368 3707 545 3764 merito
577 3709 859 3765 timeretur:
887 3713 1151 3765 dummodo
1176 3713 1307 3766 nulla
1334 3711 1427 3764 alia
1454 3711 1517 3765 sit
1541 3712 1668 3765 ratio
1696 3711 1998 3765 commodior
2023 3710 2321 3777 impediendi
2347 3720 2395 3765 et
2422 3714 2667 3772 damnum,
2696 3712 2824 3775 quod

367 3794 593 3862 proximo
629 3794 843 3860 timetur,
869 3794 931 3848 sit
969 3796 1127 3850 miaus
1163 3803 1245 3849 aut
1271 3798 1444 3849 saltem
1470 3797 1672 3863 aequale
1710 3797 1901 3860 damno,
1928 3799 2057 3862 quod
2085 3811 2144 3849 ex
2191 3794 2575 3849 manifestatione
2616 3797 2833 3849 delectus

365 3886 451 3934 aut
488 3878 705 3933 criminis
742 3879 946 3934 alterius
985 3880 1028 3934 ei
1070 3880 1343 3935 obveniret.
1378 3883 1512 3934 LesS.
1543 3883 1573 3934 l.
1603 3883 1650 3934 2.
1681 3896 1722 3934 c.
1759 3883 1837 3935 ll.
1866 3883 1914 3934 d.
1947 3884 2027 3934 12.

469 4002 681 4077 1080.
714 4006 963 4073 Primus
987 4026 1186 4087 casus,
1228 4027 1351 4091 quo
1384 4008 1550 4086 licet,
1586 4009 1700 4086 est,
1740 4008 1986 4090 quando
2021 4008 2213 4094 exigit
2247 4008 2393 4073 ordo
2441 4008 2836 4073 correctionis

366 4111 698 4188 fraternae,
740 4109 987 4192 quando
1037 4110 1321 4193 privatus
1382 4130 1505 4176 non
1558 4112 1767 4195 potest
1822 4131 1931 4195 per
1977 4132 2040 4176 se
2093 4112 2348 4188 efficere,
2390 4114 2463 4177 ut
2519 4112 2630 4175 aut
2679 4111 2836 4175 alter

365 4213 729 4279 emendetur
759 4213 874 4278 aut
906 4211 1197 4277 scandala
1229 4214 1555 4278 tollantur.

456 4316 792 4394 Secundus,
845 4315 1092 4398 quando
1146 4315 1210 4379 id
1270 4316 1464 4400 exigit
1511 4318 1743 4382 bonum
1790 4318 2115 4402 spirituale
2148 4320 2260 4383 aut
2305 4317 2646 4402 temporale
2693 4334 2835 4400 pro-

369 4421 601 4503 prium,
635 4437 759 4503 qua
791 4417 865 4482 de
901 4437 1091 4482 causa
1112 4417 1352 4503 indiges
1379 4420 1635 4484 consilio
1668 4423 1782 4485 aut
1814 4421 2067 4486 auxilio.
2101 4421 2347 4485 Dicitur
2377 4421 2602 4499 minuS,
2629 4418 2835 4502 quoad

369 4521 501 4587 fieri
540 4522 766 4606 potest,
816 4521 1117 4588 damnum
1163 4539 1293 4585 esse
1324 4521 1727 4588 inferendum.
1763 4522 1929 4608 Ergo
1982 4523 2048 4586 1⁰
2080 4542 2200 4588 non
2246 4522 2393 4586 licet
2436 4521 2835 4587 manifestare
