3497 5147
380 354 522 424 [976]
904 373 986 412 AN
1027 374 1102 413 arr
1139 374 1387 422 QUANTA
1425 375 1701 418 PnccA‘rA
1741 377 1876 418 sm‘r
1916 377 2150 420 oscum
2187 378 2318 419 mc.
2731 367 2835 422 721

378 466 549 532 aliud
579 487 794 551 reapse
839 470 923 533 sit
955 469 1284 536 delectatio
1321 492 1597 550 venerea,
1638 492 1798 555 quae
1829 473 1892 537 in
1926 492 2108 539 sensu
2141 476 2467 555 excitatur,
2502 477 2672 541 aliud
2705 479 2838 543 eius

374 569 639 635 intentio
678 572 776 635 vel
807 590 1139 637 consensus
1164 573 1509 639 voluntatis
1533 575 1599 639 in
1627 593 1800 639 eam:
1835 576 2044 659 potest
2066 576 2402 642 identidem
2435 579 2646 644 adesse
2671 580 2840 644 iusta

375 690 562 736 causa
610 692 748 737 eam
793 674 1210 756 permittendi,
1261 676 1418 741 citra
1465 696 1832 741 consensum
1880 677 1943 742 in
1990 679 2212 762 ipsam,
2268 681 2445 746 cuius
2494 683 2839 766 periculum

375 777 685 840 remotum
722 775 853 839 fiat.
2005 803 2008 806 ¹

485 918 547 972 V.
567 920 615 970 3.
635 919 832 982 Oscula,
853 922 1122 986 amplexuS,
1141 919 1527 986 compressiones
1554 936 1782 975 manuum
1806 929 1852 974 et
1873 921 2049 975 similia
2075 937 2170 975 non
2191 925 2420 989 obscena,
2444 924 2621 980 sitiant
2645 933 2832 981 tantum

373 1001 521 1055 officii
561 1009 644 1055 aut
681 1003 833 1056 moris
871 1003 1016 1070 patrii
1053 1010 1136 1058 aut
1173 1004 1356 1058 amoris
1394 1006 1585 1059 honesti
1627 1008 1705 1060 vel
1746 1006 2117 1060 benevolentiae
2155 1011 2405 1072 augendae
2442 1025 2608 1075 causa,
2642 1010 2836 1066 etiamsi

371 1085 631 1140 delectatio
669 1101 879 1141 venerea
916 1087 1195 1143 suboriatur
1227 1090 1395 1156 (modo
1421 1088 1471 1142 in
1510 1104 1616 1144 eam
1655 1106 1752 1143 non
1787 1090 2138 1156 consentiatur)
2164 1105 2260 1145 non
2298 1100 2413 1147 sunt
2449 1101 2665 1161 peccata.
2692 1098 2832 1150 Less.

370 1170 479 1225 Fill.
507 1174 537 1224 l.
564 1187 607 1225 c.
634 1185 682 1225 n.
720 1173 833 1226 t7l.

462 1289 632 1364 975.
660 1293 1051 1359 Advertenda
1083 1295 1400 1361 distinctio
1432 1295 1595 1361 inter
1625 1297 1900 1380 corporis
1926 1298 2135 1381 partes
2159 1298 2469 1376 honestas,
2494 1301 2705 1365 minus
2735 1300 2836 1366 ho-

368 1399 599 1475 nestaS,
629 1396 986 1461 inhonestas
1002 1416 1111 1462 seu
1135 1400 1347 1480 turpes
1375 1400 1488 1463 aut
1513 1399 1826 1463 obscenae.
1853 1399 2170 1465 Honestae
2196 1403 2344 1466 sunt
2367 1402 2560 1481 visuS,
2585 1423 2828 1483 manus,

369 1500 641 1581 dorsum,
676 1502 884 1583 caput,
923 1501 1138 1584 pedes:
1179 1502 1386 1565 minus
1424 1501 1720 1567 honestae
1752 1504 1986 1585 pectus,
2024 1503 2293 1581 brachia,
2336 1524 2544 1569 crura:
2583 1505 2835 1572 inhone-

369 1604 502 1666 stae
550 1604 757 1684 partes
804 1603 1106 1687 genitales
1152 1603 1370 1685 hisque
1418 1604 1753 1686 proximae.
1795 1604 2038 1668 Rursus
2075 1604 2238 1669 inter
2272 1606 2483 1670 oscula
2516 1609 2578 1671 et
2625 1609 2834 1673 tactus

367 1704 484 1769 hoc
516 1707 611 1770 est
642 1704 985 1782 discrimen,
1022 1705 1188 1787 quod
1220 1704 1548 1769 adhibendi
1589 1707 1798 1770 tactus
1833 1705 1909 1769 ad
1941 1708 2149 1789 partes
2181 1707 2372 1771 etiam
2404 1709 2618 1792 turpes
2663 1710 2834 1774 iusta

369 1806 701 1889 aliquando
748 1826 937 1871 causa
983 1808 1230 1872 subesse
1286 1807 1493 1890 potest
1539 1826 1590 1872 e.
1640 1827 1701 1891 g.
1755 1807 1830 1871 ad
1891 1807 2280 1887 medendum,
2341 1828 2466 1874 non
2520 1830 2663 1875 vero
2728 1830 2832 1876 eas

367 1909 781 1975 deosculandi.

455 2013 779 2080 Resolutio
813 2015 888 2079 A.
921 2013 1234 2095 loquentis
1267 2014 1338 2077 de
1380 2014 1626 2090 osculis,
1654 2013 1929 2078 tactibus
1968 2015 2083 2078 etc.
2118 2033 2241 2079 non
2274 2015 2570 2093 obscenis,
2605 2016 2831 2082 intelli-

364 2116 563 2201 genda
596 2121 690 2182 est
727 2117 799 2181 de
840 2116 1087 2194 osculis,
1136 2117 1408 2181 tactibus
1457 2118 1572 2181 etc.
1614 2116 1692 2180 ad
1730 2118 1938 2199 partes
1985 2116 2306 2181 honestas:
2342 2137 2463 2184 non
2494 2121 2590 2184 est
2627 2122 2831 2185 exten-

364 2219 562 2284 denda
596 2219 672 2283 ad
703 2220 946 2285 eosdem
995 2219 1171 2284 actus
1212 2219 1522 2284 adhibitos
1555 2219 1837 2303 partibus
1869 2219 2075 2283 minus
2107 2219 2402 2284 honestis.
2441 2219 2575 2301 Quo
2623 2223 2828 2305 posito

364 2323 683 2400 resolutio,
710 2323 914 2406 quoad
950 2323 1217 2406 priorem
1251 2323 1512 2406 partem,
1550 2324 1644 2387 est
1690 2321 1879 2386 clara.
1929 2321 2065 2386 Iam
2105 2321 2372 2387 vidimus
2404 2343 2463 2387 n.
2500 2324 2650 2387 962.
2687 2344 2828 2388 cum

364 2444 411 2488 s.
449 2424 688 2490 Thoma
718 2424 1077 2490 huiusmodi
1117 2428 1294 2489 actus
1330 2424 1666 2490 secundum
1714 2424 1978 2507 speciem
2010 2442 2190 2487 suam
2228 2423 2642 2489 indifferentes
2677 2444 2826 2503 esse,

363 2527 620 2611 ideoque
654 2527 729 2593 ad
761 2529 994 2594 bonum
1041 2527 1226 2593 finem
1273 2530 1608 2612 usurpatos
1641 2546 1771 2593 esse
1810 2527 2039 2592 bonos:
2074 2525 2274 2592 bonus
2308 2528 2519 2593 autem
2553 2527 2692 2594 finis
2739 2529 2829 2594 in-

363 2630 638 2709 tercedit,
697 2652 839 2697 cum
901 2632 1040 2714 quis
1103 2632 1179 2696 iis
1242 2632 1445 2696 utitur
1501 2633 1574 2696 ut
1622 2630 1896 2696 officium
1945 2629 2249 2706 exhibeat,
2306 2631 2509 2714 patrio
2556 2633 2715 2696 mori
2763 2652 2827 2697 se

361 2733 722 2811 conformet,
771 2752 1046 2799 amorem
1076 2734 1409 2798 honestum
1441 2733 1504 2797 et
1536 2732 2029 2797 benevolentiam
2077 2732 2386 2816 significet
2423 2736 2534 2798 aut
2573 2738 2823 2819 augeat.

450 2836 613 2901 Hinc
645 2837 927 2920 sequitur
959 2836 1157 2901 altera
1204 2853 1366 2918 pars,
1400 2834 1575 2898 iuxta
1613 2833 1954 2898 doctrinam
1996 2834 2068 2898 de
2100 2836 2457 2901 voluntario
2505 2837 2568 2901 in
2615 2856 2823 2917 causa,

360 2939 435 3004 cf.
470 2939 571 3004 Dc
603 2940 750 3004 Act.
788 2938 982 3003 Hum.
1024 2958 1082 3003 n.
1112 2939 1217 3003 29.
1254 2956 1378 3020 seq.

469 3083 554 3135 vt.
584 3082 631 3136 4.
658 3081 709 3136 Si
737 3096 856 3135 vero
892 3080 987 3134 ista
1020 3084 1136 3134 liant
1173 3096 1234 3134 ex
1271 3079 1430 3146 aliqua
1472 3077 1650 3132 veniali
1693 3078 1922 3143 vanitate,
1950 3078 2077 3141 i0c0‚
2106 3079 2411 3145 curiositate,
2440 3082 2656 3149 levitate,
2686 3092 2821 3149 petu-

360 3168 523 3233 lantia,
549 3166 647 3220 imo
685 3167 829 3220 etiam
870 3165 1185 3220 sensualitate
1221 3164 1328 3218 sive
1365 3167 1541 3218 affectu
1580 3163 1796 3218 sensuali
1831 3178 1889 3216 ac
1930 3164 2139 3217 naturali
2167 3165 2454 3229 (dummodo
2479 3179 2573 3219 non
2603 3183 2713 3221 cuni
2742 3172 2820 3223 ‹le-

357 3251 618 3305 lectatione
658 3266 866 3305 venerea
908 3264 996 3304 nec
1021 3250 1130 3303 cius
1167 3264 1316 3303 causa
1354 3258 1420 3312 et,
1446 3248 1488 3302 si
1528 3257 1723 3315 praeter
1762 3247 2078 3301 intentionem
2117 3248 2420 3316 suboriatur,
2451 3265 2508 3302 ea
2540 3255 2736 3320 repulsa
2763 3268 2820 3306 ac

358 3342 473 3390 tunc
510 3336 798 3390 abstinendo
837 3338 898 3388 ab
937 3334 1077 3399 illis),
1115 3334 1355 3388 venialem
1394 3337 1587 3401 culpam
1626 3348 1722 3387 non
1762 3335 2032 3387 excedunt:
2059 3331 2174 3385 vide
2212 3332 2319 3387 Fill.
2345 3331 2440 3387 hic.
2474 3337 2611 3389 Less.
2642 3341 2819 3392 Sancti.

356 3423 391 3475 l.
418 3436 461 3475 c.
488 3421 629 3475 Dian.
658 3438 706 3487 ρ.
736 3422 782 3473 4.
814 3427 845 3472 t.
878 3419 922 3470 4.
942 3432 983 3471 r.
1020 3421 1133 3471 136.
1158 3417 1469 3473 Contrarium
1498 3426 1656 3472 tamen
1683 3425 1758 3471 est
1784 3417 1963 3471 tutius:
1987 3432 2036 3469 v.
2063 3418 2215 3470 Trull.
2243 3420 2274 3469 l.
2303 3420 2352 3471 6.
2379 3432 2422 3470 c.
2451 3420 2498 3470 l.
2521 3420 2568 3470 d.
2593 3423 2677 3471 ⁴2.
2698 3435 2746 3473 n.
2769 3425 2817 3475 8.

449 3539 618 3614 976.
660 3544 734 3606 Α.
784 3540 1056 3625 primum
1102 3539 1325 3622 duplex
1356 3539 1551 3602 veluti
1590 3557 1921 3602 causarum
1968 3557 2162 3623 genus
2195 3540 2519 3615 memorat,
2568 3542 2820 3623 propter

358 3663 515 3727 quas
549 3647 725 3708 actus
762 3642 871 3707 isti
917 3641 1110 3707 fiunt:
1166 3641 1249 3704 1¹¹²
1282 3659 1498 3723 nempe
1547 3642 1695 3704 sunt
1732 3639 1926 3717 moue,
1975 3640 2325 3719 curiositaS,
2359 3641 2603 3720 levitae,
2637 3645 2818 3725 petu-

357 3746 589 3810 lantia:
632 3748 716 3809 2¹¹¹
753 3744 1122 3810 sensualitas
1156 3744 1286 3809 sive
1320 3742 1574 3807 affectus
1600 3742 1903 3807 sensualis
1938 3761 2008 3806 ac
2032 3743 2358 3821 naturalis,
2392 3763 2575 3826 quem
2608 3747 2816 3810 tamen

358 3849 621 3913 secernit
652 3868 687 3912 a
720 3847 1127 3913 delectatione
1175 3865 1453 3911 venerea.
1490 3845 1721 3910 Deinde
1755 3845 2197 3910 resolutionem
2234 3865 2480 3929 quoque
2509 3847 2818 3931 duplicem

357 3952 580 4016 tradit:
599 3952 893 4016 nimirum
914 3950 1271 4016 huiusmodi
1289 3953 1465 4015 actus
1477 3970 1547 4013 ex
1566 3948 1799 4012 talibus
1817 3948 2021 4011 causis
2038 3948 2273 4031 positos
2289 3949 2652 4031 (dummodo
2671 3953 2817 4035 etc.)

356 4074 482 4121 non
506 4054 789 4120 excedere
820 4055 1068 4138 culpam
1099 4053 1431 4130 venialem3
1458 4051 1841 4117 contrarium
1867 4052 2079 4115 tamen
2111 4051 2172 4115 h.
2200 4071 2252 4116 e.
2286 4051 2528 4117 credere
2558 4071 2661 4117 eos
2686 4072 2816 4118 esse

355 4160 672 4235 mortales,
716 4158 918 4223 tutius
951 4176 1100 4221 esse.
1136 4155 1257 4219 Res
1297 4157 1391 4219 est
1422 4154 1746 4238 paululum
1783 4152 2104 4236 impedita.

446 4263 668 4344 Itaque
700 4260 863 4343 quod
897 4260 1139 4342 spect-at
1185 4257 1263 4321 ad
1312 4258 1578 4321 alterum
1615 4274 1947 4321 causarum
1986 4274 2200 4340 genua,
2240 4274 2557 4321 censemus
2589 4257 2663 4321 A.
2713 4278 2817 4323 no-

353 4367 518 4431 mine
550 4362 979 4430 sensualitatis
1004 4380 1141 4425 eam
1173 4359 1645 4424 delectationem
1670 4359 2041 4444 intelligere,
2070 4376 2258 4440 quam
2282 4357 2549 4423 diximus
2575 4380 2634 4423 11.
2663 4361 2811 4424 961.

355 4469 714 4532 sensitivam
763 4464 1100 4530 carnalem:
1136 4462 1421 4545 quamvis
1464 4462 1744 4525 additum
1793 4460 2130 4535 naturali&
2180 4460 2463 4525 tenebras
2508 4462 2812 4543 quasdam

357 4569 674 4636 obfundat.
722 4567 1090 4651 Exemplum
1136 4568 1231 4630 est
1276 4565 1340 4628 in
1390 4564 1631 4640 affectu,
1681 4583 1804 4646 quo
1853 4564 1993 4645 quis
2041 4562 2510 4642 adolescentem,
2561 4566 2638 4629 ob
2677 4565 2808 4629 eius

516 4690 804 4745 Banmmnu,
830 4688 1001 4735 Moral.
1029 4688 1179 4731 Temo
1207 4686 1275 4729 11.
2594 4688 2649 4729 46
