3497 5147
367 342 549 419 [1031]
623 355 794 405 Qum
817 356 954 399 surr
979 355 1225 399 σηοως
1250 356 1569 400 auxumam
1592 357 2053 403 consuamus
2076 360 2318 403 com-na
2347 361 2647 402 naman
2723 347 2834 404 763

467 478 503 514 «
527 453 822 531 Tandem,
858 453 951 517 ait
992 472 1209 519 rursus
1240 453 1337 532 Β.,
1364 472 1402 518 a
1424 455 1677 521 seminis
1707 458 2004 523 eiectione
2034 456 2473 541 distinguenda
2505 459 2602 522 est
2635 457 2836 522 distil-

366 557 522 622 latio
562 575 722 638 quae
754 557 852 620 est
897 555 1154 620 alterius
1190 555 1472 622 humoris
1517 558 1684 623 haud
1731 559 1994 642 prolifici
2038 580 2150 624 nec
2194 559 2445 642 copiosa
2492 561 2588 623 est
2620 559 2725 623 sed
2757 559 2831 624 fit

368 658 492 724 fere
516 658 844 743 guttatim.
883 657 974 723 Ea
997 658 1155 723 nihil
1184 658 1373 723 habet
1418 677 1743 725 commune
1776 680 1919 726 cum
1942 662 2173 727 semine
2201 663 2389 744 atque
2419 660 2483 725 in
2514 660 2833 726 Eunuchis

368 779 616 843 quoque
651 760 842 825 habet
884 760 1112 825 locum.
1166 759 1590 826 Nihilominus
1642 761 1993 844 &equenter
2038 764 2102 827 et
2152 763 2290 846 ipsa
2335 763 2646 848 contingit
2691 782 2834 828 cum

370 864 742 948 genitalium
772 862 1187 928 commotione
1211 864 1275 927 et
1297 863 1723 941 delectatione,
1750 865 2152 950 coniungitur
2182 866 2346 930 enim
2369 865 2621 931 seminis
2646 865 2832 929 alicui

371 966 653 1029 effusioni
688 965 785 1029 vel
817 964 894 1029 ad
919 984 1056 1030 eam
1078 964 1352 1047 disponit
1374 965 1488 1049 (a).
1524 966 1871 1032 Identidem
1893 986 2038 1033 vero
2062 986 2135 1031 ea
2158 967 2348 1031 habet
2369 967 2577 1032 locum
2602 966 2834 1049 absque

372 1067 503 1132 ulla
540 1066 968 1131 delectatione.
1002 1064 1069 1131 Si
1100 1086 1246 1151 ergo
1277 1068 1471 1151 priori
1516 1068 1700 1133 modo
1747 1069 2091 1154 contingat,
2124 1068 2371 1135 malitia
2407 1068 2664 1134 moralis
2710 1068 2836 1133 sita

372 1170 493 1234 erit
528 1169 592 1233 in
637 1171 970 1251 procurata
1018 1170 1115 1234 vel
1158 1170 1223 1235 in
1256 1188 1322 1236 se
1352 1171 1452 1235 vel
1481 1170 1547 1235 in
1579 1190 1769 1236 causa
1799 1171 2207 1237 delectatione
2244 1190 2502 1236 venerea
2547 1172 2612 1235 et
2642 1171 2836 1236 etiam

373 1273 718 1356 pollutione
748 1293 858 1338 seu
888 1274 1181 1339 effusione
1206 1275 1457 1340 seminis
1482 1275 1580 1340 vel
1611 1275 1799 1341 huius
1823 1271 2104 1360 proximo
2135 1275 2438 1360 periculo:
2478 1275 2534 1341 si
2571 1294 2715 1341 vero
2748 1275 2837 1339 al·

372 1377 505 1442 tero
529 1376 713 1441 modo
746 1376 1089 1462 contingat,
1130 1377 1261 1442 sine
1291 1376 1719 1456 delectatione,
1756 1379 1876 1444 etsi
1905 1398 2047 1444 cum
2073 1378 2344 1462 quadam
2367 1378 2641 1443 naturali
2675 1396 2837 1444 com·

372 1479 664 1558 motione,
700 1479 773 1543 de
804 1498 877 1543 ea
923 1479 1091 1543 haud
1127 1479 1470 1544 curandum
1501 1499 1632 1545 esse
1679 1480 1858 1545 aiunt
1889 1481 2215 1565 Theologi‚
2257 1481 2420 1545 sicut
2451 1480 2525 1544 de
2557 1481 2835 1563 qualibet

371 1582 496 1647 alia
511 1581 854 1647 excretione
884 1600 1082 1664 neque
1112 1582 1246 1647 eius
1276 1601 1532 1648 causam
1554 1601 1770 1648 cavere
1794 1583 2105 1648 debemus.
2132 1581 2224 1648 Cf.
2239 1602 2288 1647 s,
2307 1583 2492 1666 Alph.
2512 1603 2574 1648 n.
2591 1584 2741 1646 477.
2769 1607 2830 1646 ».

477 1720 644 1773 XXV.
685 1722 733 1773 3.
770 1718 1001 1772 Sodomis
1038 1718 1321 1785 imperfecta
1360 1727 1408 1772 et
1445 1727 1519 1773 est
1565 1733 1860 1784 congressus
1895 1735 2006 1774 cnm
2045 1719 2213 1774 debito
2258 1720 2455 1786 quidem
2495 1734 2639 1786 sexu,
2679 1718 2828 1773 maris

371 1817 543 1869 nempe
580 1818 690 1857 cnm
727 1802 918 1866 femina,
946 1805 1034 1858 sed
1072 1811 1213 1857 extra
1251 1818 1339 1856 vas
1374 1807 1614 1858 naturale.
1651 1807 1820 1859 Potest
1855 1805 2001 1859 etiam
2039 1804 2181 1859 simul
2221 1808 2404 1859 habere
2441 1803 2563 1857 alias
2595 1803 2826 1867 malitias,

372 1902 421 1942 v.
444 1905 492 1954 g.
512 1889 756 1955 adulterii,
774 1889 818 1945 si
841 1893 927 1944 flat
954 1904 1063 1943 cnm
1089 1889 1366 1954 coniugata,
1398 1889 1631 1957 incestus»,
1659 1889 1838 1945 sicum
1866 1891 2241 1957 consanguinea.
2264 1895 2384 1945 Bon.
2409 1905 2457 1956 q.
2481 1891 2530 1944 4.
2556 1889 2623 1945 de
2648 1890 2831 1944 Matr.

373 1990 421 2042 p.
456 1977 533 2028 ΙΙ.
559 1991 607 2028 n.
644 1978 683 2029 Ι.
711 1974 901 2029 F'illiuc.
928 1978 960 2028 l.
986 1990 1030 2029 c.
1062 1991 1109 2030 n.
1147 1976 1266 2027 458.

479 2064 664 2119 xxvl.
694 2064 741 2118 4.
768 2063 998 2118 sodomia
1037 2067 1245 2132 perfecta
1284 2071 1332 2117 et
1358 2071 1434 2119 est
1456 2079 1750 2129 congressus
1775 2066 1986 2119 duorum
2011 2063 2228 2119 eiusdem
2268 2078 2435 2131 sexm,
2463 2070 2516 2117 ut
2543 2063 2686 2118 maris
2722 2077 2833 2117 eum

374 2163 526 2213 mare,
556 2154 634 2202 vel
672 2148 877 2203 feminae
916 2164 1025 2202 cum
1067 2148 1239 2202 femina
1277 2156 1325 2202 et
1364 2156 1526 2215 potest
1562 2147 1706 2202 etiam
1745 2151 1929 2203 habere
1968 2149 2090 2202 alias
2126 2147 2337 2203 malitias
2377 2148 2646 2213 adiunctae,
2686 2162 2732 2199 v.
2762 2162 2834 2212 gr.

372 2232 610 2288 incestus:
637 2248 734 2300 quo
770 2247 888 2288 casu
926 2232 1229 2297 cognationis
1263 2235 1469 2297 gradum
1508 2248 1604 2286 non
1642 2233 1921 2288 necessario
1961 2233 2198 2302 explicari
2235 2236 2380 2287 docet
2418 2236 2599 2287 Escob.
2625 2231 2692 2286 de
2719 2234 2834 2286 Act.

373 2316 525 2372 hum.
552 2333 596 2372 e.
624 2323 673 2371 2.
700 2333 743 2372 c.
772 2320 821 2372 6.
849 2320 935 2371 sed
959 2317 1080 2372 satis
1116 2332 1225 2372 esse
1262 2317 1440 2381 dicere,
1465 2317 1599 2371 coivi
1630 2332 1739 2371 cnm
1778 2318 2140 2382 consanguineo
2179 2321 2260 2371 vel
2296 2321 2468 2385 amne;
2494 2317 2608 2384 quia
2633 2331 2723 2371 nec
2750 2316 2834 2370 mi·

371 2410 535 2457 stetur
557 2418 677 2457 caro
703 2417 793 2457 nec
817 2403 1121 2458 contrahitur
1144 2402 1354 2457 affinitas
1378 2418 1467 2456 nec
1495 2402 1617 2456 linea
1646 2403 1807 2457 variat
1831 2403 2063 2470 speciem.
2085 2407 2152 2457 lta
2172 2402 2274 2457 ille.
2296 2402 2647 2469 Explicandum
2668 2410 2827 2456 tamen

371 2502 497 2553 esse,
525 2487 737 2542 fuerisne
762 2502 911 2553 agens
936 2503 997 2541 an
1024 2487 1229 2554 patiens,
1256 2487 1374 2541 dicit
1397 2488 1453 2543 C.
1481 2489 1618 2552 Lngo
1643 2489 1692 2540 d.
1724 2489 1806 2542 16.
1828 2501 1874 2541 n.
1907 2488 2026 2542 423.
2046 2494 2215 2541 eontra
2246 2486 2386 2542 Dian.
2409 2496 2525 2541 tom.
2554 2492 2603 2541 2.
2636 2494 2667 2539 1.
2699 2487 2745 2541 4.
2767 2485 2833 2540 de

371 2570 620 2628 Sacram.
647 2587 683 2625 r.
719 2572 831 2625 159.
861 2580 909 2624 et
935 2589 981 2640 p.
1009 2573 1058 2627 6.
1088 2580 1122 2626 t.
1150 2573 1197 2626 6.
1228 2586 1269 2624 r.
1298 2572 1383 2624 36.

464 2691 652 2764 1031.
671 2694 768 2758 Ad
784 2694 1129 2759 sodomiam
1145 2713 1292 2780 ergo
1315 2694 1654 2777 requiritur
1670 2695 2063 2760 concubitus:
2097 2695 2151 2759 si
2168 2694 2421 2779 proinde
2439 2695 2826 2777 applicentur

371 2797 620 2861 tantum
651 2816 892 2872 manus,
927 2796 1198 2874 brachia,
1231 2796 1414 2880 pedes
1439 2796 1516 2861 ad
1540 2797 1747 2879 partes
1772 2796 2075 2880 genitales
2108 2797 2386 2875 alterius,
2421 2798 2602 2861 erunt
2633 2796 2833 2880 impu-

371 2898 491 2963 dici
529 2900 757 2976 tactus,
807 2917 928 2964 non
974 2898 1272 2977 sodomia,
1305 2898 1426 2964 nisi
1471 2898 1629 2963 forte
1675 2899 1739 2963 in
1790 2898 2012 2964 affectu
2046 2900 2159 2963 aut
2195 2898 2516 2964 desideriO.
2551 2898 2827 2963 Pollutio

369 3000 593 3067 idcirco
627 3002 842 3066 habita
872 3001 1002 3066 sive
1050 3001 1244 3066 alium
1290 3001 1430 3084 quis
1461 3002 1705 3086 tangat,
1756 3000 1885 3065 sive
1918 3001 1995 3065 ab
2029 3000 2151 3065 alio
2200 3002 2521 3084 tangatur,
2562 3003 2657 3065 est
2689 3000 2833 3064 sim-

371 3105 613 3188 pliciter
642 3107 966 3189 peccatum
995 3104 1380 3188 poUutionis,
1414 3105 1658 3188 praeter
1688 3103 2204 3186 cooperationem,
2241 3121 2383 3167 cum
2415 3121 2486 3166 ea
2518 3103 2713 3180 adest,
2751 3101 2827 3165 ad

372 3211 694 3290 peccatum
741 3207 1031 3272 alienum.
1072 3206 1238 3272 Satis
1276 3209 1371 3271 est
1417 3226 1562 3292 ergo
1611 3206 1809 3270 dicere
1855 3207 1921 3270 in
1958 3205 2364 3270 confessione:
2412 3204 2694 3286 pollutus
2741 3205 2833 3269 fui

374 3310 644 3375 tactibus
677 3311 939 3376 alicuius
972 3309 1076 3391 (cf.
1103 3329 1162 3373 n.
1202 3310 1381 3391 116.)
1412 3329 1522 3374 nec
1554 3311 1801 3391 oportet
1831 3309 2131 3392 explicare
2171 3328 2249 3372 an
2282 3307 2553 3371 tactibus
2585 3308 2702 3372 viri
2736 3307 2833 3372 vel

373 3412 664 3489 feminae;
718 3413 890 3477 istud
925 3413 1092 3476 enim
1144 3411 1470 3475 discrimen
1502 3412 1913 3476 materialiter
1959 3430 2023 3475 se
2063 3410 2253 3474 habet
2286 3410 2363 3473 ad
2401 3409 2829 3492 pollutionem.

376 3513 461 3577 At
485 3514 539 3578 si
567 3514 735 3577 facta
774 3515 858 3578 sit
903 3512 1168 3596 pollutio
1218 3512 1490 3576 tactibus
1528 3532 1579 3577 e.
1619 3532 1712 3596 gr.
1748 3531 2043 3595 personae
2076 3514 2296 3576 votum
2332 3510 2616 3575 habentis
2654 3512 2835 3574 easti-

377 3614 548 3691 tatis,
582 3615 731 3679 haec
762 3614 1231 3680 circumstantia
1254 3613 1619 3678 declaranda
1652 3616 1766 3691 est,
1800 3616 2050 3697 propter
2081 3612 2576 3695 cooperationem
2597 3611 2673 3675 ad
2706 3631 2836 3694 spe-

375 3714 529 3779 ciale
568 3719 889 3798 peccatum
923 3717 1199 3782 alterius.
1241 3717 1342 3780 Ita
1374 3736 1422 3780 S.
1450 3717 1634 3799 Alph.
1675 3737 1736 3782 n.
1788 3715 1939 3779 467.

466 3815 733 3896 Quinam
780 3838 922 3883 vero
969 3819 1331 3884 concubitus
1380 3818 1456 3882 ad
1504 3819 1850 3883 sodomiam
1895 3816 2273 3900 requiritur?
2311 3813 2830 3881 Communissime

375 3920 675 4004 Theologi
702 3919 788 4001 (v.
816 3940 864 3985 S.
892 3920 1076 4005 Alph.
1102 3921 1146 3986 l.
1181 3923 1242 3985 3.
1269 3942 1328 3986 n.
1364 3921 1545 4003 466.)
1572 3924 1759 4003 atque
1791 3921 1982 3985 etiam
2013 3918 2387 3985 Canonistae
2419 3918 2505 4000 (v.
2540 3919 2827 3984 Reiffens.

371 4010 413 4087 Ι.
453 4026 512 4087 5.
540 4023 641 4088 tit.
680 4022 783 4086 16.
818 4043 876 4087 n.
906 4024 1011 4088 ss.
1038 4022 1385 4108 Schmalzg.
1419 4023 1553 4089 eod.
1582 4024 1681 4087 tit.
1717 4043 1778 4086 n.
1818 4025 1964 4087 112.
2017 4024 2276 4107 Pirhing
2308 4021 2441 4087 eod.
2477 4021 2578 4086 tit.
2605 4042 2663 4084 n.
2694 4023 2831 4104 69.)

473 4314 535 4363 (a)
565 4310 680 4354 Non
709 4316 847 4354 recte
866 4309 1072 4363 dicitur,
1093 4311 1168 4352 ait
1185 4309 1483 4364 Capellman
1498 4323 1575 4364 op.
1596 4311 1682 4353 cit.
1700 4324 1748 4364 p.
1767 4311 1836 4355 92.
1869 4323 2069 4354 omnem
2097 4310 2486 4354 distillationem
2507 4323 2677 4354 secum
2703 4309 2834 4353 ferre

370 4378 598 4433 aliquam
625 4378 833 4423 seminis
860 4377 1169 4422 effusionem.
1199 4376 1351 4431 Hinc,
1380 4382 1518 4431 puto,
1550 4390 1680 4431 quae
1710 4377 1984 4422 distillatio
2012 4377 2203 4420 dicitur
2222 4389 2327 4421 ease
2353 4391 2470 4421 oum
2497 4377 2832 4422 delectatione

371 4456 434 4488 ex
458 4444 763 4500 genitalium
792 4444 1146 4497 commotione,
1188 4456 1249 4488 ea
1291 4444 1390 4487 erit
1418 4455 1549 4499 quae
1596 4444 1752 4487 simul
1781 4450 1857 4487 est
1886 4457 2003 4488 oum
2031 4444 2208 4498 aliqua
2237 4443 2477 4488 effusione
2505 4445 2741 4496 seminis;
2774 4455 2834 4486 ea

372 4523 491 4555 vero
518 4526 648 4568 quae
690 4516 767 4556 est
810 4512 996 4567 absque
1024 4511 1137 4554 ulla
1174 4511 1531 4565 delectatione,
1561 4511 1748 4564 absque
1791 4511 1997 4555 seminis
2037 4510 2392 4554 commixtione
2428 4512 2704 4567 continget.
2743 4511 2826 4554 Sic

375 4576 503 4622 forte
530 4578 762 4624 doctrina
791 4579 984 4624 tradita
1012 4577 1201 4623 olax-ior
1229 4578 1345 4622 erit.
1378 4577 1435 4620 Ε.
