3497 5147
675 356 783 412 644
896 372 1108 412 macr.
1136 372 1216 412 w.
1242 372 1406 413 sacr.
1434 372 1488 413 v.
1512 371 1598 411 m:
1623 365 1853 416 Qum‘ro
1875 363 2091 406 Panno.
2116 360 2445 405 DncALoor.
2473 360 2606 401 ou».
2632 362 2672 402 1.
2699 361 2844 402 nun.
2871 362 2910 400 1.
2988 346 3131 421 [867]

676 468 985 532 hensione.
1034 467 1311 549 Exempli
1359 486 1545 531 causa
1592 484 1663 529 ex
1706 462 1934 527 iudicio
1980 460 2321 543 peritorum
2352 458 2631 541 pluribus
2677 459 2910 524 morbis
2941 459 3138 542 depel-

674 569 886 647 lendiS,
938 570 1043 652 qui
1092 570 1168 633 ad
1216 571 1480 633 mortem
1526 585 1850 651 properam
1901 566 2011 628 aut
2047 563 2269 627 saltem
2331 580 2453 626 non
2497 562 2980 626 remotissimam
3027 564 3136 627 ad-

671 669 888 735 ducere
934 670 1154 745 solent,
1189 671 1504 753 prodesset
1552 688 1701 734 usus
1746 668 2110 731 balneorum
2157 666 2218 730 in
2266 666 2449 731 certis
2498 664 2869 747 quibusdam
2918 666 3131 748 aquis:

670 774 949 838 attamen
997 773 1097 837 vix
1145 794 1177 836 e
1224 774 1520 849 millibus,
1556 772 1661 853 qui
1699 790 1770 835 eo
1805 770 2019 834 morbo
2065 769 2374 845 laborant,
2414 788 2573 832 unus
2604 768 2704 832 vel
2737 770 2895 832 alter
2932 770 3134 833 utitur

669 874 744 939 iis
775 876 1030 951 balneiS,
1065 895 1262 958 neque
1301 876 1521 957 reliqui
1556 891 1834 955 unquam
1863 873 2183 954 putarunt,
2217 890 2281 935 se
2320 890 2567 953 peccare
2615 871 2998 947 abstinendo,
3033 871 3131 936 vel

666 979 829 1040 certe
876 995 1094 1040 causas
1144 977 1221 1040 ad
1254 996 1509 1040 manum
1548 975 1727 1039 facile
1776 974 2024 1049 habent,
2065 992 2224 1055 quae
2256 992 2360 1038 eos
2397 974 2710 1037 excusant.
2746 971 2844 1037 Sic
2891 973 3130 1056 prospi-

665 1080 906 1142 ceretur
938 1079 1156 1144 multis
1183 1080 1475 1162 aegrotiS,
1503 1078 1555 1141 si
1580 1076 1942 1159 peritissimi
1974 1075 2192 1140 medici
2217 1094 2253 1139 a
2284 1075 2468 1158 longe
2501 1078 2970 1153 arcesserentur,
2990 1094 3128 1141 con-

665 1182 1034 1245 sultationes
1068 1181 1531 1245 adhiberentur:
1574 1178 1737 1261 quod
1784 1180 1994 1242 tamen
2041 1180 2104 1242 et
2151 1198 2188 1242 a
2232 1178 2643 1259 locupletibus
2675 1179 2750 1242 ut
2785 1178 3124 1260 plurimum

665 1284 1009 1368 negligitur
1047 1285 1176 1348 sine
1224 1285 1457 1367 peccati
1507 1282 1872 1364 suspicione.
1908 1281 2008 1346 Sic
2051 1283 2258 1364 plures
2305 1283 2571 1346 utuntur
2616 1282 2769 1347 cibis
2815 1282 3125 1349 delicatio-

661 1386 854 1462 ribuS,
896 1386 995 1449 vel
1042 1386 1131 1449 ita
1165 1385 1519 1450 deserviunt
1565 1384 1771 1469 gulae,
1809 1387 1883 1449 ut
1913 1385 2212 1469 ingluviei
2258 1403 2379 1449 non
2425 1403 2655 1466 paucos
2684 1384 2870 1448 litent
2909 1403 3120 1462 annos,

663 1506 817 1570 quos
864 1488 1273 1569 temperantia
1319 1488 1468 1569 ipsis
1516 1490 1839 1564 servasset,
1890 1489 1953 1552 et
1983 1487 2071 1551 rei
2109 1486 2324 1569 utique
2370 1486 2780 1552 censebuntur
2828 1486 3124 1552 adversus

662 1589 959 1653 virtutem
1008 1590 1471 1673 temperantiae,
1522 1591 1627 1654 sed
1674 1610 1797 1656 non
1852 1588 2112 1653 suicidii.
2164 1589 2343 1672 Lugo
2399 1587 2553 1669 disp.
2607 1589 2709 1652 10.
2757 1608 2816 1652 11.
2869 1590 2975 1652 32.
3023 1588 3124 1654 Sic

662 1692 914 1774 quidam
961 1693 1051 1757 ita
1098 1711 1162 1757 se
1209 1693 1440 1757 dedunt
1488 1695 1599 1757 aut
1627 1693 1849 1770 labori,
1888 1712 2071 1775 quem
2103 1692 2351 1756 litterae
2397 1711 2470 1756 ac
2506 1692 2798 1757 scientiae
2844 1693 3118 1777 exigunt,

662 1798 772 1859 aut
816 1794 1080 1859 militiae
1128 1797 1239 1859 aut
1285 1795 1857 1877 defatigationibus,
1906 1814 2062 1876 quas
2110 1796 2221 1858 aut
2253 1794 2456 1858 officia
2502 1795 2613 1857 aut
2661 1796 2826 1858 artes
2866 1796 3121 1879 exigunt

660 1917 800 1960 cum
834 1897 1034 1962 somni
1071 1899 1133 1961 et
1179 1898 1404 1979 quietis
1436 1898 1695 1977 defectu,
1730 1899 1804 1961 ut
1839 1897 2137 1962 inducant
2167 1896 2578 1960 certissimum
2624 1896 2921 1961 brevioris
2953 1898 3118 1963 vitae

657 1999 1017 2080 periculum.

746 2098 904 2164 Cum
928 2119 1073 2185 ergo
1113 2104 1456 2186 generatim
1504 2106 1669 2167 recta
1700 2104 1864 2168 ratio
1897 2104 2009 2167 aut
2046 2122 2167 2167 non
2199 2103 2473 2187 graviter
2520 2101 2770 2166 damnet
2804 2102 3120 2167 abbrevia-

655 2202 888 2268 tionem
938 2203 1212 2285 aliquam
1254 2205 1417 2269 vitae
1466 2208 1575 2269 aut
1621 2207 1811 2270 etiam
1861 2224 1896 2269 a
1942 2205 2406 2287 reprehensione
2453 2204 2714 2269 liberam
2761 2208 3026 2281 censeat,
3061 2206 3116 2269 si

654 2324 842 2370 causa
890 2306 1217 2387 quaepiam
1263 2307 1523 2371 honesta
1572 2310 1634 2371 et
1686 2327 1960 2392 congrua
2009 2307 2085 2371 ad
2130 2308 2191 2371 id
2241 2307 2556 2389 impellat:
2605 2308 2780 2388 patet
2827 2326 2946 2372 non
2995 2308 3114 2372 nisi

655 2406 916 2471 absurde
949 2406 1229 2471 damnari
1276 2428 1454 2490 posse
1502 2410 1771 2494 vigilias,
1822 2411 2224 2475 abstinentias
2272 2411 2592 2491 carnisque
2638 2412 3110 2488 macerationeS,

652 2528 809 2591 quae
858 2508 933 2572 ad
980 2510 1233 2573 virtutis
1281 2531 1389 2575 seu
1421 2512 1914 2577 consecutionem
1943 2532 2049 2578 seu
2098 2513 2625 2578 conservationem
2659 2532 2767 2578 seu
2816 2532 3110 2598 augmen-

651 2612 786 2674 tum
836 2614 1253 2688 assumantur,
1289 2614 1534 2678 etiamsi
1582 2616 1827 2679 brevius
1874 2616 2085 2681 exinde
2117 2616 2283 2680 vitae
2329 2617 2602 2698 spatium
2634 2617 3108 2700 exspectandum

649 2714 749 2777 sit.
784 2715 949 2798 Ergo
998 2733 1153 2779 vane
1200 2715 1735 2799 philosophantur,
1770 2719 1876 2800 qui
1923 2721 2167 2801 putant,
2200 2719 2491 2783 illicitum
2547 2737 2697 2798 esse,
2745 2720 3108 2802 religiosum

647 2835 707 2878 v.
769 2836 862 2898 gr.
918 2815 1205 2880 Ordinem
1254 2837 1564 2900 capessere
1612 2820 2060 2885 adolescentem
2107 2840 2228 2885 non
2274 2821 2666 2885 firmissimae
2712 2822 3104 2899 valetudinis»,

647 2916 894 2981 etiamsi
933 2917 1047 2981 hoc
1070 2919 1236 2984 vitae
1269 2939 1462 3005 genus
1494 2922 1741 2988 brevius
1774 2924 1939 2988 vitae
1973 2924 2215 3005 tempus
2246 2922 2578 3006 promittat
2610 2923 2786 3007 Lugo
2820 2922 2976 3005 disp.
3005 2926 3105 2988 10.

646 3040 705 3083 n.
740 3020 846 3084 33.

733 3119 905 3193 867.
973 3125 1110 3188 Duo
1158 3144 1303 3209 ergo
1351 3145 1575 3210 genera
1622 3128 1988 3212 affligendae
2056 3128 2256 3191 carnis
2324 3128 2852 3210 reprehenduntur
2919 3131 3100 3194 certe.

641 3225 920 3289 Primum
964 3230 1076 3304 est,
1112 3228 1274 3309 quod
1324 3229 1413 3292 ita
1462 3230 1772 3294 hominem
1821 3230 2119 3305 debilitet,
2169 3231 2243 3292 ut
2290 3231 2530 3294 muneri
2576 3249 2690 3295 suo
2746 3231 3101 3297 satisfacere

640 3346 760 3392 non
807 3328 1032 3412 possit:
1062 3329 1149 3392 ita
1176 3330 1228 3394 si
1261 3332 1564 3412 parochus
1596 3350 1716 3396 non
1743 3335 1952 3415 posset
1985 3332 2270 3396 assistere
2316 3332 2578 3396 infirmis
2617 3335 2729 3397 aut
2761 3333 2976 3398 docere
3005 3353 3103 3398 ca-

638 3431 931 3496 techesim
980 3432 1118 3521 etc„
1154 3433 1206 3496 si
1254 3434 1580 3517 religiosus
1630 3453 1752 3498 non
1783 3436 1991 3516 posset
2039 3434 2325 3498 assistere
2361 3435 2548 3499 choro
2581 3436 2694 3499 aut
2726 3435 2939 3500 docere
2985 3437 3098 3499 aut

635 3535 983 3599 concionari
1018 3554 1127 3617 pro
1178 3554 1290 3599 suo
1324 3537 1582 3617 quisque
1615 3556 1888 3614 munere,
1922 3538 1975 3601 si
2005 3537 2200 3601 laicus
2233 3537 2541 3619 impotens
2579 3537 2755 3603 fieret
2793 3539 2870 3602 ad
2896 3539 3094 3603 dome-

635 3636 822 3702 sticos
853 3639 1115 3711 labores,
1144 3639 1197 3702 si
1221 3638 1315 3702 vir
1348 3641 1457 3701 aut
1490 3658 1641 3703 uxor
1672 3640 1971 3723 impotem
2003 3659 2068 3704 se
2098 3639 2411 3703 efficerent
2446 3640 2749 3706 reddendo
2782 3641 3098 3726 coniugali

634 3738 839 3803 debito
889 3743 998 3803 aut
1043 3741 1381 3804 laborando
1431 3740 1504 3804 ad
1554 3743 2024 3807 sustentandam
2070 3742 2305 3826 prolem
2352 3743 2415 3806 et
2460 3742 2798 3808 domestica
2845 3744 3099 3828 negotia

633 3840 1019 3921 expedienda.
1054 3843 1337 3906 Alterum
1386 3845 1496 3919 est,
1548 3845 1597 3907 si
1637 3846 2000 3909 notabiliter
2042 3846 2370 3929 quaepiam
2417 3863 2623 3921 causa,
2672 3864 2779 3910 seu
2827 3866 2954 3909 non
3005 3866 3099 3909 re-

633 3944 790 4003 mote
837 3943 1100 4005 mortem
1148 3944 1493 4008 induceret:
1529 3947 1693 4028 quod
1741 3949 1989 4029 quidem
2035 3949 2279 4031 quando
2329 3948 2571 4025 accidit,
2624 3948 2816 4011 etiam
2852 3949 2911 4013 in
2951 3948 3090 4013 aliis

628 4043 810 4107 rebus
857 4044 1136 4107 homines
1184 4045 1383 4109 solent
1430 4050 1832 4129 pronunciare
1880 4053 1944 4113 et
1979 4052 2279 4115 clamare:
2315 4052 2543 4126 omitte,
2578 4051 2729 4130 quia
2761 4052 2816 4113 te
2848 4051 3087 4126 occidas,

629 4164 749 4210 nen
784 4147 861 4210 ad
886 4146 1134 4227 quidem
1168 4148 1633 4230 significandam
1668 4150 1979 4215 malitiam
2011 4172 2069 4215 V.
2104 4173 2197 4234 gr.
2238 4152 2489 4224 laboris,
2517 4152 2623 4216 sed
2657 4152 2734 4215 ad
2771 4172 2901 4217 rem
2926 4172 3092 4218 secu·

628 4250 834 4311 turam
882 4248 1319 4324 denotandum,
1351 4272 1406 4314 v.
1436 4273 1527 4336 gr.
1562 4254 1708 4317 dum
1736 4255 1875 4335 quis
1909 4254 2060 4318 febri
2106 4256 2396 4319 laborans
2431 4255 2631 4321 adhuc
2668 4256 2879 4321 labore
2911 4255 3091 4339 gravi

627 4368 692 4413 se
738 4352 992 4424 exercet,
1058 4351 1174 4416 iter
1221 4353 1399 4416 facit:
1452 4355 1631 4435 idque
1696 4356 1919 4438 pendet
1987 4376 2057 4420 ex
2119 4359 2291 4422 statu
2352 4358 2640 4436 hominiS,
2692 4358 3088 4440 proximitate

624 4469 844 4515 causae
893 4452 968 4516 ad
1000 4457 1265 4518 mortem
1298 4454 1716 4521 adducendam
1756 4460 1818 4522 et
1849 4459 2156 4524 brevitate
2189 4461 2485 4543 temporis
2533 4461 2726 4544 ipsius
2761 4462 3087 4526 secuturae

626 4555 866 4618 mortis.
