<?xml version="1.0" encoding="UTF-8"?>
<!DOCTYPE html PUBLIC "-//W3C//DTD XHTML 1.0 Transitional//EN"
    "http://www.w3.org/TR/xhtml1/DTD/xhtml1-transitional.dtd">
<html xmlns="http://www.w3.org/1999/xhtml" xml:lang="en" lang="en">
 <head>
  <title>
</title>
<meta http-equiv="Content-Type" content="text/html;charset=utf-8" />
  <meta name='ocr-system' content='tesseract 3.04.00' />
  <meta name='ocr-capabilities' content='ocr_page ocr_carea ocr_par ocr_line ocrx_word'/>
</head>
<body>
  <div class='ocr_page' id='page_1' title='image "./opustheologicum00ballgoog/opustheologicum00ballgoog_0578.png"; bbox 0 0 3497 5147; ppageno 0'>
   <div class='ocr_carea' id='block_1_1' title="bbox 341 358 2842 4448">
    <p class='ocr_par' dir='ltr' id='par_1_1' title="bbox 341 358 2834 2384">
     <span class='ocr_line' id='line_1_1' title="bbox 342 358 2799 430; baseline 0 -16"><span class='ocrx_word' id='word_1_1' title='bbox 342 358 488 430; x_wconf 82' lang='grc'><strong>[777]</strong></span> <span class='ocrx_word' id='word_1_2' title='bbox 722 373 809 413; x_wconf 74' lang='lat' dir='ltr'>AN</span> <span class='ocrx_word' id='word_1_3' title='bbox 845 370 1172 413; x_wconf 69' lang='lat' dir='ltr'>contusam</span> <span class='ocrx_word' id='word_1_4' title='bbox 1210 371 1340 413; x_wconf 77' lang='lat' dir='ltr'>mc.</span> <span class='ocrx_word' id='word_1_5' title='bbox 1380 371 1723 413; x_wconf 64' lang='lat' dir='ltr'>mmmmm·</span> <span class='ocrx_word' id='word_1_6' title='bbox 1759 372 2149 415; x_wconf 70' lang='lat' dir='ltr'>Aunmonma</span> <span class='ocrx_word' id='word_1_7' title='bbox 2187 372 2410 414; x_wconf 65' lang='lat' dir='ltr'>nissam</span> <span class='ocrx_word' id='word_1_8' title='bbox 2695 360 2799 414; x_wconf 79' lang='lat'>571</span> 
     </span>
     <span class='ocr_line' id='line_1_2' title="bbox 342 466 2802 554; baseline -0.005 -15"><span class='ocrx_word' id='word_1_9' title='bbox 342 473 575 539; x_wconf 88' lang='lat' dir='ltr'>audire.</span> <span class='ocrx_word' id='word_1_10' title='bbox 615 472 811 554; x_wconf 89' lang='lat' dir='ltr'>quue</span> <span class='ocrx_word' id='word_1_11' title='bbox 856 489 928 535; x_wconf 82' lang='lat' dir='ltr'>ex</span> <span class='ocrx_word' id='word_1_12' title='bbox 972 470 1205 554; x_wconf 81' lang='lat' dir='ltr'>duplici</span> <span class='ocrx_word' id='word_1_13' title='bbox 1248 471 1349 535; x_wconf 88' lang='lat' dir='ltr'>vel</span> <span class='ocrx_word' id='word_1_14' title='bbox 1394 470 1624 553; x_wconf 91' lang='lat' dir='ltr'>triplici</span> <span class='ocrx_word' id='word_1_15' title='bbox 1668 471 1891 553; x_wconf 87' lang='lat' dir='ltr'>capite.</span> <span class='ocrx_word' id='word_1_16' title='bbox 1925 470 2151 535; x_wconf 82' lang='lat' dir='ltr'>Primo</span> <span class='ocrx_word' id='word_1_17' title='bbox 2197 490 2305 554; x_wconf 90' lang='lat' dir='ltr'>per</span> <span class='ocrx_word' id='word_1_18' title='bbox 2341 466 2696 536; x_wconf 82' lang='grc' dir='ltr'>ἐπιείκειαν,</span> <span class='ocrx_word' id='word_1_19' title='bbox 2736 473 2802 539; x_wconf 81' lang='lat' dir='ltr'>Si</span> 
     </span>
     <span class='ocr_line' id='line_1_3' title="bbox 341 573 2801 660; baseline -0.002 -18"><span class='ocrx_word' id='word_1_20' title='bbox 341 576 506 642; x_wconf 84' lang='lat' dir='ltr'>enim</span> <span class='ocrx_word' id='word_1_21' title='bbox 550 574 877 660; x_wconf 90' lang='lat' dir='ltr'>legislator</span> <span class='ocrx_word' id='word_1_22' title='bbox 922 574 1084 638; x_wconf 88' lang='lat' dir='ltr'>esset</span> <span class='ocrx_word' id='word_1_23' title='bbox 1136 592 1423 656; x_wconf 88' lang='lat' dir='ltr'>praesens</span> <span class='ocrx_word' id='word_1_24' title='bbox 1470 573 1536 637; x_wconf 87' lang='lat' dir='ltr'>et</span> <span class='ocrx_word' id='word_1_25' title='bbox 1581 591 1794 638; x_wconf 90' lang='lat' dir='ltr'>omnes</span> <span class='ocrx_word' id='word_1_26' title='bbox 1846 573 2349 638; x_wconf 74' lang='lat' dir='ltr'><strong>circumstantias</strong></span> <span class='ocrx_word' id='word_1_27' title='bbox 2401 575 2630 650; x_wconf 85' lang='lat' dir='ltr'>nosset,</span> <span class='ocrx_word' id='word_1_28' title='bbox 2679 593 2801 639; x_wconf 93' lang='lat' dir='ltr'>non</span> 
     </span>
     <span class='ocr_line' id='line_1_4' title="bbox 343 673 2804 760; baseline -0.002 -16"><span class='ocrx_word' id='word_1_29' title='bbox 343 678 534 744; x_wconf 81' lang='lat' dir='ltr'>vellet</span> <span class='ocrx_word' id='word_1_30' title='bbox 576 677 721 741; x_wconf 90' lang='lat' dir='ltr'>illos</span> <span class='ocrx_word' id='word_1_31' title='bbox 767 675 1064 760; x_wconf 85' lang='lat' dir='ltr'>obligare.</span> <span class='ocrx_word' id='word_1_32' title='bbox 1113 673 1277 739; x_wconf 90' lang='lat' dir='ltr'>Nam</span> <span class='ocrx_word' id='word_1_33' title='bbox 1329 674 1497 739; x_wconf 87' lang='lat' dir='ltr'>haud</span> <span class='ocrx_word' id='word_1_34' title='bbox 1542 674 1726 739; x_wconf 91' lang='lat' dir='ltr'>dubie</span> <span class='ocrx_word' id='word_1_35' title='bbox 1772 675 2019 741; x_wconf 86' lang='lat' dir='ltr'>mavult</span> <span class='ocrx_word' id='word_1_36' title='bbox 2062 693 2113 740; x_wconf 90' lang='lat' dir='ltr'>s.</span> <span class='ocrx_word' id='word_1_37' title='bbox 2161 675 2445 740; x_wconf 76' lang='lat' dir='ltr'><strong>Pontifex</strong></span> <span class='ocrx_word' id='word_1_38' title='bbox 2491 676 2635 740; x_wconf 91' lang='lat' dir='ltr'>illos</span> <span class='ocrx_word' id='word_1_39' title='bbox 2688 677 2804 740; x_wconf 85' lang='lat' dir='ltr'>tali</span> 
     </span>
     <span class='ocr_line' id='line_1_5' title="bbox 343 781 2806 864; baseline -0.001 -15"><span class='ocrx_word' id='word_1_40' title='bbox 343 784 528 849; x_wconf 89' lang='lat' dir='ltr'>modo</span> <span class='ocrx_word' id='word_1_41' title='bbox 558 782 748 847; x_wconf 85' lang='lat' dir='ltr'>Sacro</span> <span class='ocrx_word' id='word_1_42' title='bbox 770 782 1085 860; x_wconf 86' lang='lat' dir='ltr'>interesse,</span> <span class='ocrx_word' id='word_1_43' title='bbox 1124 801 1268 846; x_wconf 90' lang='lat' dir='ltr'>cum</span> <span class='ocrx_word' id='word_1_44' title='bbox 1291 783 1471 846; x_wconf 87' lang='lat' dir='ltr'>tanto</span> <span class='ocrx_word' id='word_1_45' title='bbox 1502 781 1712 845; x_wconf 82' lang='lat' dir='ltr'>fructu</span> <span class='ocrx_word' id='word_1_46' title='bbox 1740 781 2075 864; x_wconf 75' lang='lat' dir='ltr'>spirituali,</span> <span class='ocrx_word' id='word_1_47' title='bbox 2109 800 2294 864; x_wconf 89' lang='lat' dir='ltr'>quem</span> <span class='ocrx_word' id='word_1_48' title='bbox 2325 801 2396 847; x_wconf 83' lang='lat' dir='ltr'>ex</span> <span class='ocrx_word' id='word_1_49' title='bbox 2427 783 2806 848; x_wconf 87' lang='lat' dir='ltr'>confessione</span> 
     </span>
     <span class='ocr_line' id='line_1_6' title="bbox 344 883 2809 971; baseline -0 -20"><span class='ocrx_word' id='word_1_50' title='bbox 344 886 710 971; x_wconf 90' lang='lat' dir='ltr'>percipiunt,</span> <span class='ocrx_word' id='word_1_51' title='bbox 745 904 933 967; x_wconf 90' lang='lat' dir='ltr'>quam</span> <span class='ocrx_word' id='word_1_52' title='bbox 979 884 1110 949; x_wconf 89' lang='lat' dir='ltr'>sine</span> <span class='ocrx_word' id='word_1_53' title='bbox 1155 884 1264 948; x_wconf 90' lang='lat' dir='ltr'>illo</span> <span class='ocrx_word' id='word_1_54' title='bbox 1301 883 1512 948; x_wconf 86' lang='lat' dir='ltr'>fructu</span> <span class='ocrx_word' id='word_1_55' title='bbox 1541 883 1873 966; x_wconf 85' lang='lat' dir='ltr'>perfectius</span> <span class='ocrx_word' id='word_1_56' title='bbox 1920 884 1998 947; x_wconf 88' lang='lat' dir='ltr'>ad</span> <span class='ocrx_word' id='word_1_57' title='bbox 2045 883 2417 949; x_wconf 89' lang='lat' dir='ltr'>sacrificium</span> <span class='ocrx_word' id='word_1_58' title='bbox 2448 885 2679 950; x_wconf 85' lang='lat' dir='ltr'>Missae</span> <span class='ocrx_word' id='word_1_59' title='bbox 2717 887 2809 950; x_wconf 88' lang='lat' dir='ltr'>at-</span> 
     </span>
     <span class='ocr_line' id='line_1_7' title="bbox 346 987 2809 1074; baseline -0.001 -18"><span class='ocrx_word' id='word_1_60' title='bbox 346 990 595 1057; x_wconf 88' lang='lat' dir='ltr'>tendere</span> <span class='ocrx_word' id='word_1_61' title='bbox 630 989 722 1071; x_wconf 90' lang='lat' dir='ltr'>(et</span> <span class='ocrx_word' id='word_1_62' title='bbox 750 989 903 1074; x_wconf 75' lang='lat' dir='ltr'>haec</span> <span class='ocrx_word' id='word_1_63' title='bbox 947 990 1044 1054; x_wconf 89' lang='lat' dir='ltr'>est</span> <span class='ocrx_word' id='word_1_64' title='bbox 1077 987 1241 1053; x_wconf 88' lang='lat' dir='ltr'>ratio</span> <span class='ocrx_word' id='word_1_65' title='bbox 1288 987 1493 1070; x_wconf 88' lang='lat' dir='ltr'>quoad</span> <span class='ocrx_word' id='word_1_66' title='bbox 1536 987 1810 1052; x_wconf 83' lang='lat' dir='ltr'>famulos</span> <span class='ocrx_word' id='word_1_67' title='bbox 1857 987 2052 1052; x_wconf 87' lang='lat' dir='ltr'>allata</span> <span class='ocrx_word' id='word_1_68' title='bbox 2089 1007 2126 1052; x_wconf 89' lang='lat' dir='ltr'>a</span> <span class='ocrx_word' id='word_1_69' title='bbox 2163 1006 2213 1051; x_wconf 88' lang='lat' dir='ltr'>s.</span> <span class='ocrx_word' id='word_1_70' title='bbox 2245 987 2454 1070; x_wconf 69' lang='lat' dir='ltr'>Alph„</span> <span class='ocrx_word' id='word_1_71' title='bbox 2486 989 2595 1070; x_wconf 88' lang='lat' dir='ltr'>qui</span> <span class='ocrx_word' id='word_1_72' title='bbox 2631 1008 2809 1072; x_wconf 88' lang='lat' dir='ltr'>prae-</span> 
     </span>
     <span class='ocr_line' id='line_1_8' title="bbox 344 1088 2834 1173; baseline -0.003 -17"><span class='ocrx_word' id='word_1_73' title='bbox 344 1094 516 1157; x_wconf 87' lang='lat' dir='ltr'>terea</span> <span class='ocrx_word' id='word_1_74' title='bbox 544 1090 801 1166; x_wconf 86' lang='lat' dir='ltr'>limitat,</span> <span class='ocrx_word' id='word_1_75' title='bbox 834 1090 890 1154; x_wconf 89' lang='lat' dir='ltr'>si</span> <span class='ocrx_word' id='word_1_76' title='bbox 927 1107 1104 1154; x_wconf 85' lang='lat' dir='ltr'>secus</span> <span class='ocrx_word' id='word_1_77' title='bbox 1135 1088 1425 1154; x_wconf 88' lang='lat' dir='ltr'>deberent</span> <span class='ocrx_word' id='word_1_78' title='bbox 1452 1107 1705 1152; x_wconf 63' lang='lat' dir='ltr'>maere</span> <span class='ocrx_word' id='word_1_79' title='bbox 1734 1088 1809 1152; x_wconf 76' lang='lat' dir='ltr'>in</span> <span class='ocrx_word' id='word_1_80' title='bbox 1826 1093 2083 1168; x_wconf 77' lang='lat' dir='ltr'>peccato</span> <span class='ocrx_word' id='word_1_81' title='bbox 2111 1089 2370 1152; x_wconf 74' lang='lat' dir='ltr'>mortali</span> <span class='ocrx_word' id='word_1_82' title='bbox 2399 1109 2458 1152; x_wconf 91' lang='lat' dir='ltr'>n.</span> <span class='ocrx_word' id='word_1_83' title='bbox 2486 1090 2668 1173; x_wconf 84' lang='lat'>332.)</span> <span class='ocrx_word' id='word_1_84' title='bbox 2708 1089 2834 1155; x_wconf 56' lang='lat' dir='ltr'>Sa.</span> 
     </span>
     <span class='ocr_line' id='line_1_9' title="bbox 346 1189 2813 1276; baseline -0 -18"><span class='ocrx_word' id='word_1_85' title='bbox 346 1193 548 1258; x_wconf 74' lang='lat' dir='ltr'>cundo</span> <span class='ocrx_word' id='word_1_86' title='bbox 571 1212 678 1276; x_wconf 90' lang='lat' dir='ltr'>per</span> <span class='ocrx_word' id='word_1_87' title='bbox 699 1190 1203 1256; x_wconf 78' lang='lat' dir='ltr'><strong><em>consuetudinem</em></strong></span> <span class='ocrx_word' id='word_1_88' title='bbox 1231 1191 1510 1274; x_wconf 76' lang='lat' dir='ltr'>legitime</span> <span class='ocrx_word' id='word_1_89' title='bbox 1533 1191 2001 1274; x_wconf 77' lang='lat' dir='ltr'>praescriptam.</span> <span class='ocrx_word' id='word_1_90' title='bbox 2029 1189 2200 1255; x_wconf 88' lang='lat' dir='ltr'>Haec</span> <span class='ocrx_word' id='word_1_91' title='bbox 2223 1191 2385 1255; x_wconf 86' lang='lat' dir='ltr'>enirn</span> <span class='ocrx_word' id='word_1_92' title='bbox 2419 1190 2582 1255; x_wconf 87' lang='lat' dir='ltr'>sicut</span> <span class='ocrx_word' id='word_1_93' title='bbox 2604 1192 2813 1275; x_wconf 84' lang='lat' dir='ltr'>potest</span> 
     </span>
     <span class='ocr_line' id='line_1_10' title="bbox 347 1291 2816 1380; baseline -0.001 -20"><span class='ocrx_word' id='word_1_94' title='bbox 347 1297 551 1380; x_wconf 84' lang='lat' dir='ltr'>legem</span> <span class='ocrx_word' id='word_1_95' title='bbox 600 1293 877 1376; x_wconf 83' lang='lat' dir='ltr'>aliquam</span> <span class='ocrx_word' id='word_1_96' title='bbox 923 1293 1243 1376; x_wconf 86' lang='lat' dir='ltr'>abrogare,</span> <span class='ocrx_word' id='word_1_97' title='bbox 1293 1293 1386 1357; x_wconf 89' lang='lat' dir='ltr'>ita</span> <span class='ocrx_word' id='word_1_98' title='bbox 1431 1292 1633 1356; x_wconf 84' lang='lat' dir='ltr'>multo</span> <span class='ocrx_word' id='word_1_99' title='bbox 1679 1291 1927 1357; x_wconf 87' lang='lat' dir='ltr'>facilius</span> <span class='ocrx_word' id='word_1_100' title='bbox 1963 1293 2173 1376; x_wconf 87' lang='lat' dir='ltr'>potest</span> <span class='ocrx_word' id='word_1_101' title='bbox 2201 1293 2514 1358; x_wconf 73' lang='lat' dir='ltr'>moderari</span> <span class='ocrx_word' id='word_1_102' title='bbox 2547 1293 2678 1359; x_wconf 89' lang='lat' dir='ltr'>eius</span> <span class='ocrx_word' id='word_1_103' title='bbox 2712 1295 2816 1360; x_wconf 91' lang='lat' dir='ltr'>ob·</span> 
     </span>
     <span class='ocr_line' id='line_1_11' title="bbox 352 1391 2815 1477; baseline -0.001 -15"><span class='ocrx_word' id='word_1_104' title='bbox 352 1397 786 1472; x_wconf 80' lang='lat' dir='ltr'>servationem,</span> <span class='ocrx_word' id='word_1_105' title='bbox 818 1395 894 1460; x_wconf 90' lang='lat' dir='ltr'>ut</span> <span class='ocrx_word' id='word_1_106' title='bbox 929 1395 1105 1477; x_wconf 88' lang='lat' dir='ltr'>patet</span> <span class='ocrx_word' id='word_1_107' title='bbox 1140 1413 1212 1458; x_wconf 82' lang='lat' dir='ltr'>ex</span> <span class='ocrx_word' id='word_1_108' title='bbox 1242 1412 1375 1475; x_wconf 78' lang='lat' dir='ltr'>cap.</span> <span class='ocrx_word' id='word_1_109' title='bbox 1412 1392 1583 1458; x_wconf 88' lang='lat' dir='ltr'>finali</span> <span class='ocrx_word' id='word_1_110' title='bbox 1620 1391 1694 1457; x_wconf 84' lang='lat' dir='ltr'>de</span> <span class='ocrx_word' id='word_1_111' title='bbox 1736 1391 2214 1459; x_wconf 65' lang='lat' dir='ltr'>Gmoeuemdine.</span> <span class='ocrx_word' id='word_1_112' title='bbox 2241 1395 2475 1477; x_wconf 89' lang='lat' dir='ltr'>Utique</span> <span class='ocrx_word' id='word_1_113' title='bbox 2507 1397 2719 1460; x_wconf 86' lang='lat' dir='ltr'>autem</span> <span class='ocrx_word' id='word_1_114' title='bbox 2751 1395 2815 1459; x_wconf 88' lang='lat' dir='ltr'>in</span> 
     </span>
     <span class='ocr_line' id='line_1_12' title="bbox 353 1494 2816 1584; baseline -0.001 -20"><span class='ocrx_word' id='word_1_115' title='bbox 353 1499 573 1584; x_wconf 84' lang='lat' dir='ltr'>Belgio</span> <span class='ocrx_word' id='word_1_116' title='bbox 619 1498 716 1562; x_wconf 90' lang='lat' dir='ltr'>est</span> <span class='ocrx_word' id='word_1_117' title='bbox 759 1496 1162 1572; x_wconf 88' lang='lat' dir='ltr'>consuetudo,</span> <span class='ocrx_word' id='word_1_118' title='bbox 1199 1497 1273 1560; x_wconf 85' lang='lat' dir='ltr'>ut</span> <span class='ocrx_word' id='word_1_119' title='bbox 1309 1495 1423 1572; x_wconf 92' lang='lat' dir='ltr'>illi,</span> <span class='ocrx_word' id='word_1_120' title='bbox 1463 1495 1573 1577; x_wconf 91' lang='lat' dir='ltr'>qui</span> <span class='ocrx_word' id='word_1_121' title='bbox 1619 1496 1735 1561; x_wconf 89' lang='lat' dir='ltr'>sub</span> <span class='ocrx_word' id='word_1_122' title='bbox 1782 1494 1969 1563; x_wconf 86' lang='lat' dir='ltr'>Sacro</span> <span class='ocrx_word' id='word_1_123' title='bbox 2016 1497 2393 1562; x_wconf 88' lang='lat' dir='ltr'>confitentur</span> <span class='ocrx_word' id='word_1_124' title='bbox 2437 1517 2548 1562; x_wconf 88' lang='lat' dir='ltr'>nec</span> <span class='ocrx_word' id='word_1_125' title='bbox 2577 1497 2816 1564; x_wconf 85' lang='lat' dir='ltr'>diutius</span> 
     </span>
     <span class='ocr_line' id='line_1_13' title="bbox 354 1596 2818 1684; baseline -0.002 -17"><span class='ocrx_word' id='word_1_126' title='bbox 354 1619 601 1668; x_wconf 83' lang='lat' dir='ltr'>manere</span> <span class='ocrx_word' id='word_1_127' title='bbox 637 1600 919 1682; x_wconf 87' lang='lat' dir='ltr'>possunt,</span> <span class='ocrx_word' id='word_1_128' title='bbox 951 1597 1031 1662; x_wconf 86' lang='lat' dir='ltr'>ad</span> <span class='ocrx_word' id='word_1_129' title='bbox 1068 1597 1237 1663; x_wconf 88' lang='lat' dir='ltr'>aliud</span> <span class='ocrx_word' id='word_1_130' title='bbox 1277 1596 1536 1662; x_wconf 85' lang='lat' dir='ltr'>Sacrum</span> <span class='ocrx_word' id='word_1_131' title='bbox 1565 1616 1688 1663; x_wconf 91' lang='lat' dir='ltr'>non</span> <span class='ocrx_word' id='word_1_132' title='bbox 1725 1601 2093 1664; x_wconf 82' lang='lat' dir='ltr'>censeantur</span> <span class='ocrx_word' id='word_1_133' title='bbox 2126 1599 2409 1684; x_wconf 86' lang='lat' dir='ltr'>obligati.</span> <span class='ocrx_word' id='word_1_134' title='bbox 2443 1599 2647 1678; x_wconf 85' lang='lat' dir='ltr'>Quam</span> <span class='ocrx_word' id='word_1_135' title='bbox 2678 1618 2818 1665; x_wconf 90' lang='lat' dir='ltr'>con-</span> 
     </span>
     <span class='ocr_line' id='line_1_14' title="bbox 356 1699 2817 1785; baseline -0.002 -14"><span class='ocrx_word' id='word_1_136' title='bbox 356 1703 746 1771; x_wconf 86' lang='lat' dir='ltr'>suetudinem</span> <span class='ocrx_word' id='word_1_137' title='bbox 774 1703 929 1785; x_wconf 88' lang='lat' dir='ltr'>puto</span> <span class='ocrx_word' id='word_1_138' title='bbox 961 1701 1152 1766; x_wconf 89' lang='lat' dir='ltr'>etiam</span> <span class='ocrx_word' id='word_1_139' title='bbox 1185 1701 1333 1766; x_wconf 88' lang='lat' dir='ltr'>alibi</span> <span class='ocrx_word' id='word_1_140' title='bbox 1363 1699 1570 1785; x_wconf 87' lang='lat' dir='ltr'>vigere</span> <span class='ocrx_word' id='word_1_141' title='bbox 1603 1703 1821 1783; x_wconf 88' lang='lat' dir='ltr'>estque</span> <span class='ocrx_word' id='word_1_142' title='bbox 1849 1701 2116 1767; x_wconf 81' lang='lat' dir='ltr'>maxime</span> <span class='ocrx_word' id='word_1_143' title='bbox 2146 1702 2376 1768; x_wconf 87' lang='lat' dir='ltr'>rationi</span> <span class='ocrx_word' id='word_1_144' title='bbox 2407 1704 2817 1768; x_wconf 89' lang='lat' dir='ltr'>consentanea</span> 
     </span>
     <span class='ocr_line' id='line_1_15' title="bbox 356 1802 2816 1887; baseline -0.002 -14"><span class='ocrx_word' id='word_1_145' title='bbox 356 1810 423 1873; x_wconf 90' lang='lat' dir='ltr'>et</span> <span class='ocrx_word' id='word_1_146' title='bbox 465 1805 804 1872; x_wconf 86' lang='lat' dir='ltr'>secundum</span> <span class='ocrx_word' id='word_1_147' title='bbox 845 1805 1117 1870; x_wconf 87' lang='lat' dir='ltr'>mentem</span> <span class='ocrx_word' id='word_1_148' title='bbox 1163 1802 1489 1867; x_wconf 81' lang='lat' dir='ltr'>Ecclesiae.</span> <span class='ocrx_word' id='word_1_149' title='bbox 1523 1803 1734 1869; x_wconf 89' lang='lat' dir='ltr'>Tertio</span> <span class='ocrx_word' id='word_1_150' title='bbox 1779 1805 2025 1869; x_wconf 76' lang='lat' dir='ltr'>ratione</span> <span class='ocrx_word' id='word_1_151' title='bbox 2070 1804 2234 1868; x_wconf 76' lang='lat' dir='ltr'>lucri</span> <span class='ocrx_word' id='word_1_152' title='bbox 2275 1804 2653 1885; x_wconf 56' lang='lat' dir='ltr'>spiritual-12³,</span> <span class='ocrx_word' id='word_1_153' title='bbox 2692 1823 2816 1887; x_wconf 92' lang='lat' dir='ltr'>quo</span> 
     </span>
     <span class='ocr_line' id='line_1_16' title="bbox 361 1903 2822 1990; baseline -0.002 -14"><span class='ocrx_word' id='word_1_154' title='bbox 361 1908 634 1990; x_wconf 87' lang='lat' dir='ltr'>alioquin</span> <span class='ocrx_word' id='word_1_155' title='bbox 680 1906 1093 1990; x_wconf 83' lang='lat' dir='ltr'>privarentur.</span> <span class='ocrx_word' id='word_1_156' title='bbox 1141 1903 1207 1968; x_wconf 91' lang='lat' dir='ltr'>Si</span> <span class='ocrx_word' id='word_1_157' title='bbox 1252 1905 1416 1969; x_wconf 89' lang='lat' dir='ltr'>enim</span> <span class='ocrx_word' id='word_1_158' title='bbox 1465 1905 1543 1970; x_wconf 92' lang='lat' dir='ltr'>ob</span> <span class='ocrx_word' id='word_1_159' title='bbox 1596 1905 1874 1971; x_wconf 88' lang='lat' dir='ltr'>notabile</span> <span class='ocrx_word' id='word_1_160' title='bbox 1919 1907 2315 1972; x_wconf 84' lang='lat' dir='ltr'>commodum</span> <span class='ocrx_word' id='word_1_161' title='bbox 2362 1907 2703 1990; x_wconf 86' lang='lat' dir='ltr'>temporale</span> <span class='ocrx_word' id='word_1_162' title='bbox 2748 1907 2822 1972; x_wconf 87' lang='lat' dir='ltr'>li-</span> 
     </span>
     <span class='ocr_line' id='line_1_17' title="bbox 361 2006 2820 2091; baseline -0.002 -13"><span class='ocrx_word' id='word_1_163' title='bbox 361 2013 558 2078; x_wconf 88' lang='lat' dir='ltr'>citum</span> <span class='ocrx_word' id='word_1_164' title='bbox 601 2013 696 2075; x_wconf 89' lang='lat' dir='ltr'>est</span> <span class='ocrx_word' id='word_1_165' title='bbox 729 2009 933 2075; x_wconf 74' lang='lat' dir='ltr'>etiam</span> <span class='ocrx_word' id='word_1_166' title='bbox 978 2026 1018 2073; x_wconf 89' lang='lat' dir='ltr'>a</span> <span class='ocrx_word' id='word_1_167' title='bbox 1065 2006 1250 2073; x_wconf 84' lang='lat' dir='ltr'>Sacro</span> <span class='ocrx_word' id='word_1_168' title='bbox 1298 2008 1527 2084; x_wconf 86' lang='lat' dir='ltr'>abesse,</span> <span class='ocrx_word' id='word_1_169' title='bbox 1576 2009 1631 2073; x_wconf 90' lang='lat' dir='ltr'>si</span> <span class='ocrx_word' id='word_1_170' title='bbox 1677 2009 1804 2073; x_wconf 89' lang='lat' dir='ltr'>alia</span> <span class='ocrx_word' id='word_1_171' title='bbox 1849 2009 2089 2075; x_wconf 87' lang='lat' dir='ltr'>ratione</span> <span class='ocrx_word' id='word_1_172' title='bbox 2138 2010 2402 2075; x_wconf 88' lang='lat' dir='ltr'>obtineri</span> <span class='ocrx_word' id='word_1_173' title='bbox 2460 2011 2698 2091; x_wconf 85' lang='lat' dir='ltr'>nequit,</span> <span class='ocrx_word' id='word_1_174' title='bbox 2746 2013 2820 2075; x_wconf 91' lang='lat' dir='ltr'>ut</span> 
     </span>
     <span class='ocr_line' id='line_1_18' title="bbox 363 2111 2823 2195; baseline -0.001 -14"><span class='ocrx_word' id='word_1_175' title='bbox 363 2133 574 2181; x_wconf 89' lang='lat' dir='ltr'>omnes</span> <span class='ocrx_word' id='word_1_176' title='bbox 617 2114 927 2178; x_wconf 83' lang='lat' dir='ltr'>fatentur:</span> <span class='ocrx_word' id='word_1_177' title='bbox 966 2131 1077 2179; x_wconf 89' lang='lat' dir='ltr'>cur</span> <span class='ocrx_word' id='word_1_178' title='bbox 1111 2112 1188 2177; x_wconf 92' lang='lat' dir='ltr'>ob</span> <span class='ocrx_word' id='word_1_179' title='bbox 1217 2111 1432 2195; x_wconf 85' lang='lat' dir='ltr'>ingens</span> <span class='ocrx_word' id='word_1_180' title='bbox 1468 2112 1713 2176; x_wconf 90' lang='lat' dir='ltr'>lucrum</span> <span class='ocrx_word' id='word_1_181' title='bbox 1746 2112 2009 2191; x_wconf 88' lang='lat' dir='ltr'>animae,</span> <span class='ocrx_word' id='word_1_182' title='bbox 2050 2114 2218 2195; x_wconf 91' lang='lat' dir='ltr'>quod</span> <span class='ocrx_word' id='word_1_183' title='bbox 2255 2114 2381 2179; x_wconf 87' lang='lat' dir='ltr'>alia</span> <span class='ocrx_word' id='word_1_184' title='bbox 2410 2116 2652 2180; x_wconf 84' lang='lat' dir='ltr'>ratione</span> <span class='ocrx_word' id='word_1_185' title='bbox 2683 2133 2823 2179; x_wconf 90' lang='lat' dir='ltr'>con·</span> 
     </span>
     <span class='ocr_line' id='line_1_19' title="bbox 361 2213 2822 2299; baseline 0 -17"><span class='ocrx_word' id='word_1_186' title='bbox 361 2217 537 2299; x_wconf 87' lang='lat' dir='ltr'>sequi</span> <span class='ocrx_word' id='word_1_187' title='bbox 565 2215 887 2282; x_wconf 82' lang='lat' dir='ltr'>moraliter</span> <span class='ocrx_word' id='word_1_188' title='bbox 908 2233 1033 2279; x_wconf 90' lang='lat' dir='ltr'>non</span> <span class='ocrx_word' id='word_1_189' title='bbox 1063 2215 1259 2297; x_wconf 78' lang='lat' dir='ltr'>potae,</span> <span class='ocrx_word' id='word_1_190' title='bbox 1284 2232 1407 2277; x_wconf 92' lang='lat' dir='ltr'>non</span> <span class='ocrx_word' id='word_1_191' title='bbox 1437 2213 1651 2279; x_wconf 87' lang='lat' dir='ltr'>licebit</span> <span class='ocrx_word' id='word_1_192' title='bbox 1680 2214 1800 2278; x_wconf 90' lang='lat' dir='ltr'>tibi</span> <span class='ocrx_word' id='word_1_193' title='bbox 1827 2214 2182 2295; x_wconf 61' lang='lat' dir='ltr'>iumen-fecto</span> <span class='ocrx_word' id='word_1_194' title='bbox 2219 2216 2329 2280; x_wconf 88' lang='lat' dir='ltr'>illo</span> <span class='ocrx_word' id='word_1_195' title='bbox 2353 2217 2539 2281; x_wconf 92' lang='lat' dir='ltr'>modo</span> <span class='ocrx_word' id='word_1_196' title='bbox 2563 2215 2822 2282; x_wconf 89' lang='lat' dir='ltr'>Sacrum</span> 
     </span>
     <span class='ocr_line' id='line_1_20' title="bbox 363 2318 688 2384; baseline -0.022 0"><span class='ocrx_word' id='word_1_197' title='bbox 363 2318 575 2384; x_wconf 89' lang='lat' dir='ltr'>audire</span> <span class='ocrx_word' id='word_1_198' title='bbox 592 2322 622 2382; x_wconf 69' lang='grc' dir='ltr'><em>Ρ</em></span> <span class='ocrx_word' id='word_1_199' title='bbox 652 2342 688 2376; x_wconf 83' lang='lat'><strong>»</strong></span> 
     </span>
    </p>

    <p class='ocr_par' dir='ltr' id='par_1_2' title="bbox 365 2417 2829 3014">
     <span class='ocr_line' id='line_1_21' title="bbox 451 2417 2825 2504; baseline -0 -18"><span class='ocrx_word' id='word_1_200' title='bbox 451 2421 550 2486; x_wconf 83' lang='lat' dir='ltr'>Ad</span> <span class='ocrx_word' id='word_1_201' title='bbox 593 2439 753 2503; x_wconf 89' lang='lat' dir='ltr'>quae</span> <span class='ocrx_word' id='word_1_202' title='bbox 800 2419 1071 2494; x_wconf 83' lang='lat' dir='ltr'>adverte,</span> <span class='ocrx_word' id='word_1_203' title='bbox 1108 2417 1311 2499; x_wconf 85' lang='lat' dir='ltr'>reipsa</span> <span class='ocrx_word' id='word_1_204' title='bbox 1340 2417 1500 2482; x_wconf 86' lang='lat' dir='ltr'>hanc</span> <span class='ocrx_word' id='word_1_205' title='bbox 1529 2418 2037 2484; x_wconf 87' lang='lat' dir='ltr'>consuetudinem</span> <span class='ocrx_word' id='word_1_206' title='bbox 2069 2420 2298 2501; x_wconf 89' lang='lat' dir='ltr'>ubique</span> <span class='ocrx_word' id='word_1_207' title='bbox 2334 2421 2560 2504; x_wconf 83' lang='lat' dir='ltr'>vigere,</span> <span class='ocrx_word' id='word_1_208' title='bbox 2595 2421 2716 2486; x_wconf 88' lang='lat' dir='ltr'>nisi</span> <span class='ocrx_word' id='word_1_209' title='bbox 2745 2422 2825 2485; x_wconf 90' lang='lat' dir='ltr'>si·</span> 
     </span>
     <span class='ocr_line' id='line_1_22' title="bbox 365 2518 2821 2607; baseline 0 -17"><span class='ocrx_word' id='word_1_210' title='bbox 365 2524 507 2590; x_wconf 85' lang='lat' dir='ltr'>cubi</span> <span class='ocrx_word' id='word_1_211' title='bbox 533 2522 929 2605; x_wconf 87' lang='lat' dir='ltr'>importunus</span> <span class='ocrx_word' id='word_1_212' title='bbox 953 2520 1183 2603; x_wconf 86' lang='lat' dir='ltr'>aliquis</span> <span class='ocrx_word' id='word_1_213' title='bbox 1202 2518 1611 2587; x_wconf 86' lang='lat' dir='ltr'>confessarius</span> <span class='ocrx_word' id='word_1_214' title='bbox 1641 2520 2019 2604; x_wconf 84' lang='lat' dir='ltr'>simplicium</span> <span class='ocrx_word' id='word_1_215' title='bbox 2047 2522 2452 2588; x_wconf 87' lang='lat' dir='ltr'>conscientias</span> <span class='ocrx_word' id='word_1_216' title='bbox 2482 2524 2821 2607; x_wconf 86' lang='lat' dir='ltr'>perturbet.</span> 
     </span>
     <span class='ocr_line' id='line_1_23' title="bbox 366 2623 2826 2709; baseline 0.002 -22"><span class='ocrx_word' id='word_1_217' title='bbox 366 2624 646 2708; x_wconf 87' lang='lat' dir='ltr'>Cumque</span> <span class='ocrx_word' id='word_1_218' title='bbox 691 2643 799 2707; x_wconf 88' lang='lat' dir='ltr'>per</span> <span class='ocrx_word' id='word_1_219' title='bbox 845 2641 1030 2707; x_wconf 85' lang='lat' dir='ltr'>agros</span> <span class='ocrx_word' id='word_1_220' title='bbox 1073 2624 1137 2686; x_wconf 93' lang='lat' dir='ltr'>et</span> <span class='ocrx_word' id='word_1_221' title='bbox 1181 2623 1247 2687; x_wconf 91' lang='lat' dir='ltr'>in</span> <span class='ocrx_word' id='word_1_222' title='bbox 1293 2623 1591 2705; x_wconf 89' lang='lat' dir='ltr'>paroeciis</span> <span class='ocrx_word' id='word_1_223' title='bbox 1636 2623 1950 2688; x_wconf 89' lang='lat' dir='ltr'>ruralibus</span> <span class='ocrx_word' id='word_1_224' title='bbox 1995 2624 2097 2690; x_wconf 83' lang='lat' dir='ltr'>vix</span> <span class='ocrx_word' id='word_1_225' title='bbox 2142 2623 2278 2690; x_wconf 88' lang='lat' dir='ltr'>fieri</span> <span class='ocrx_word' id='word_1_226' title='bbox 2333 2626 2550 2708; x_wconf 88' lang='lat' dir='ltr'>possit,</span> <span class='ocrx_word' id='word_1_227' title='bbox 2599 2628 2672 2691; x_wconf 89' lang='lat' dir='ltr'>ut</span> <span class='ocrx_word' id='word_1_228' title='bbox 2716 2627 2826 2709; x_wconf 87' lang='lat' dir='ltr'>qui</span> 
     </span>
     <span class='ocr_line' id='line_1_24' title="bbox 368 2725 2825 2812; baseline 0.001 -19"><span class='ocrx_word' id='word_1_229' title='bbox 368 2729 447 2794; x_wconf 90' lang='lat' dir='ltr'>ad</span> <span class='ocrx_word' id='word_1_230' title='bbox 491 2728 758 2812; x_wconf 90' lang='lat' dir='ltr'>primam</span> <span class='ocrx_word' id='word_1_231' title='bbox 792 2726 1055 2791; x_wconf 85' lang='lat' dir='ltr'>Missam</span> <span class='ocrx_word' id='word_1_232' title='bbox 1088 2725 1403 2808; x_wconf 82' lang='lat' dir='ltr'>accedunt,</span> <span class='ocrx_word' id='word_1_233' title='bbox 1434 2725 1727 2790; x_wconf 88' lang='lat' dir='ltr'>interesse</span> <span class='ocrx_word' id='word_1_234' title='bbox 1775 2727 2016 2808; x_wconf 88' lang='lat' dir='ltr'>possint</span> <span class='ocrx_word' id='word_1_235' title='bbox 2059 2728 2378 2806; x_wconf 87' lang='lat' dir='ltr'>secundae,</span> <span class='ocrx_word' id='word_1_236' title='bbox 2418 2748 2577 2810; x_wconf 88' lang='lat' dir='ltr'>quae</span> <span class='ocrx_word' id='word_1_237' title='bbox 2623 2731 2825 2796; x_wconf 84' lang='lat' dir='ltr'>multo</span> 
     </span>
     <span class='ocr_line' id='line_1_25' title="bbox 369 2828 2829 2915; baseline 0 -19"><span class='ocrx_word' id='word_1_238' title='bbox 369 2832 564 2897; x_wconf 90' lang='lat' dir='ltr'>serius</span> <span class='ocrx_word' id='word_1_239' title='bbox 608 2829 968 2904; x_wconf 86' lang='lat' dir='ltr'>celebretur,</span> <span class='ocrx_word' id='word_1_240' title='bbox 1017 2828 1179 2892; x_wconf 88' lang='lat' dir='ltr'>ratio</span> <span class='ocrx_word' id='word_1_241' title='bbox 1227 2828 1403 2910; x_wconf 88' lang='lat' dir='ltr'>patet</span> <span class='ocrx_word' id='word_1_242' title='bbox 1446 2847 1556 2892; x_wconf 89' lang='lat' dir='ltr'>cur</span> <span class='ocrx_word' id='word_1_243' title='bbox 1600 2846 1724 2891; x_wconf 92' lang='lat' dir='ltr'>non</span> <span class='ocrx_word' id='word_1_244' title='bbox 1781 2828 2133 2911; x_wconf 86' lang='lat' dir='ltr'>obligentur</span> <span class='ocrx_word' id='word_1_245' title='bbox 2184 2829 2393 2895; x_wconf 87' lang='lat' dir='ltr'>fideles</span> <span class='ocrx_word' id='word_1_246' title='bbox 2437 2832 2532 2896; x_wconf 89' lang='lat' dir='ltr'>illi</span> <span class='ocrx_word' id='word_1_247' title='bbox 2576 2832 2829 2915; x_wconf 89' lang='lat' dir='ltr'>utrique</span> 
     </span>
     <span class='ocr_line' id='line_1_26' title="bbox 372 2929 2444 3014; baseline -0.001 -14"><span class='ocrx_word' id='word_1_248' title='bbox 372 2934 616 3000; x_wconf 83' lang='lat' dir='ltr'>adesse:</span> <span class='ocrx_word' id='word_1_249' title='bbox 657 2933 730 2997; x_wconf 90' lang='lat' dir='ltr'>de</span> <span class='ocrx_word' id='word_1_250' title='bbox 761 2949 887 3013; x_wconf 89' lang='lat' dir='ltr'>qna</span> <span class='ocrx_word' id='word_1_251' title='bbox 918 2929 1299 3014; x_wconf 83' lang='lat' dir='ltr'>obligatione</span> <span class='ocrx_word' id='word_1_252' title='bbox 1330 2929 1609 3011; x_wconf 87' lang='lat' dir='ltr'>alioquin</span> <span class='ocrx_word' id='word_1_253' title='bbox 1640 2946 1717 2992; x_wconf 89' lang='lat' dir='ltr'>ne</span> <span class='ocrx_word' id='word_1_254' title='bbox 1750 2929 2145 3011; x_wconf 87' lang='lat' dir='ltr'>suspicantur</span> <span class='ocrx_word' id='word_1_255' title='bbox 2175 2931 2444 3012; x_wconf 87' lang='lat' dir='ltr'>quidem.</span> 
     </span>
    </p>

    <p class='ocr_par' dir='ltr' id='par_1_3' title="bbox 371 3030 2837 3835">
     <span class='ocr_line' id='line_1_27' title="bbox 461 3030 2829 3118; baseline -0.003 -12"><span class='ocrx_word' id='word_1_256' title='bbox 461 3031 632 3106; x_wconf 85' lang='grc'><strong>777.</strong></span> <span class='ocrx_word' id='word_1_257' title='bbox 665 3032 858 3099; x_wconf 83' lang='lat' dir='ltr'>Addit</span> <span class='ocrx_word' id='word_1_258' title='bbox 887 3032 1146 3115; x_wconf 89' lang='lat' dir='ltr'>denique</span> <span class='ocrx_word' id='word_1_259' title='bbox 1177 3032 1427 3096; x_wconf 83' lang='lat' dir='ltr'>Lessius</span> <span class='ocrx_word' id='word_1_260' title='bbox 1466 3030 1645 3096; x_wconf 87' lang='lat' dir='ltr'>ibid.:</span> <span class='ocrx_word' id='word_1_261' title='bbox 1687 3054 1723 3088; x_wconf 88' lang='lat'><strong>‹</strong></span> <span class='ocrx_word' id='word_1_262' title='bbox 1754 3030 1931 3096; x_wconf 85' lang='lat' dir='ltr'>Addo</span> <span class='ocrx_word' id='word_1_263' title='bbox 1981 3030 2059 3095; x_wconf 87' lang='lat' dir='ltr'>ad</span> <span class='ocrx_word' id='word_1_264' title='bbox 2103 3032 2607 3099; x_wconf 82' lang='lat' dir='ltr'>satisfaciendum</span> <span class='ocrx_word' id='word_1_265' title='bbox 2656 3056 2829 3118; x_wconf 90' lang='lat' dir='ltr'>prae·</span> 
     </span>
     <span class='ocr_line' id='line_1_28' title="bbox 371 3133 2827 3223; baseline -0.002 -18"><span class='ocrx_word' id='word_1_266' title='bbox 371 3142 569 3223; x_wconf 87' lang='lat' dir='ltr'>cepto,</span> <span class='ocrx_word' id='word_1_267' title='bbox 610 3136 893 3203; x_wconf 87' lang='lat' dir='ltr'>absolute</span> <span class='ocrx_word' id='word_1_268' title='bbox 922 3155 1045 3201; x_wconf 91' lang='lat' dir='ltr'>non</span> <span class='ocrx_word' id='word_1_269' title='bbox 1080 3154 1233 3219; x_wconf 86' lang='lat' dir='ltr'>opus</span> <span class='ocrx_word' id='word_1_270' title='bbox 1280 3153 1409 3199; x_wconf 86' lang='lat' dir='ltr'>esse</span> <span class='ocrx_word' id='word_1_271' title='bbox 1457 3133 1670 3199; x_wconf 89' lang='lat' dir='ltr'>audire</span> <span class='ocrx_word' id='word_1_272' title='bbox 1705 3134 1896 3198; x_wconf 88' lang='lat' dir='ltr'>verba</span> <span class='ocrx_word' id='word_1_273' title='bbox 1942 3136 2054 3198; x_wconf 90' lang='lat' dir='ltr'>aut</span> <span class='ocrx_word' id='word_1_274' title='bbox 2100 3134 2304 3201; x_wconf 87' lang='lat' dir='ltr'>videre</span> <span class='ocrx_word' id='word_1_275' title='bbox 2350 3136 2827 3214; x_wconf 78' lang='lat' dir='ltr'>sacrificantem3</span> 
     </span>
     <span class='ocr_line' id='line_1_29' title="bbox 372 3236 2832 3320; baseline -0.001 -12"><span class='ocrx_word' id='word_1_276' title='bbox 372 3243 478 3308; x_wconf 87' lang='lat' dir='ltr'>sed</span> <span class='ocrx_word' id='word_1_277' title='bbox 510 3241 811 3317; x_wconf 86' lang='lat' dir='ltr'>sufficere,</span> <span class='ocrx_word' id='word_1_278' title='bbox 851 3241 923 3305; x_wconf 89' lang='lat' dir='ltr'>ut</span> <span class='ocrx_word' id='word_1_279' title='bbox 966 3239 1215 3304; x_wconf 89' lang='lat' dir='ltr'>intersit</span> <span class='ocrx_word' id='word_1_280' title='bbox 1243 3257 1386 3303; x_wconf 92' lang='lat' dir='ltr'>cum</span> <span class='ocrx_word' id='word_1_281' title='bbox 1416 3236 1779 3312; x_wconf 81' lang='lat' dir='ltr'>reverentia,</span> <span class='ocrx_word' id='word_1_282' title='bbox 1814 3237 1890 3300; x_wconf 90' lang='lat' dir='ltr'>ut</span> <span class='ocrx_word' id='word_1_283' title='bbox 1920 3236 2292 3302; x_wconf 88' lang='lat' dir='ltr'>sacrificium</span> <span class='ocrx_word' id='word_1_284' title='bbox 2339 3240 2685 3320; x_wconf 86' lang='lat' dir='ltr'>praesentia</span> <span class='ocrx_word' id='word_1_285' title='bbox 2716 3259 2832 3305; x_wconf 89' lang='lat' dir='ltr'>sua</span> 
     </span>
     <span class='ocr_line' id='line_1_30' title="bbox 372 3338 2834 3421; baseline -0.001 -11"><span class='ocrx_word' id='word_1_286' title='bbox 372 3344 654 3410; x_wconf 88' lang='lat' dir='ltr'>honoret.</span> <span class='ocrx_word' id='word_1_287' title='bbox 691 3342 864 3408; x_wconf 91' lang='lat' dir='ltr'>Unde</span> <span class='ocrx_word' id='word_1_288' title='bbox 911 3341 1142 3406; x_wconf 86' lang='lat' dir='ltr'>sufficit</span> <span class='ocrx_word' id='word_1_289' title='bbox 1190 3339 1455 3404; x_wconf 89' lang='lat' dir='ltr'>attentio</span> <span class='ocrx_word' id='word_1_290' title='bbox 1493 3338 1798 3420; x_wconf 87' lang='lat' dir='ltr'>quaedam</span> <span class='ocrx_word' id='word_1_291' title='bbox 1830 3339 2104 3415; x_wconf 83' lang='lat' dir='ltr'>confusa,</span> <span class='ocrx_word' id='word_1_292' title='bbox 2143 3359 2269 3421; x_wconf 85' lang='lat' dir='ltr'>qua</span> <span class='ocrx_word' id='word_1_293' title='bbox 2301 3341 2586 3406; x_wconf 85' lang='lat' dir='ltr'>advertat</span> <span class='ocrx_word' id='word_1_294' title='bbox 2622 3342 2708 3406; x_wconf 90' lang='lat' dir='ltr'>ibi</span> <span class='ocrx_word' id='word_1_295' title='bbox 2739 3362 2834 3408; x_wconf 89' lang='lat' dir='ltr'>sa-</span> 
     </span>
     <span class='ocr_line' id='line_1_31' title="bbox 374 3439 2835 3523; baseline -0.002 -10"><span class='ocrx_word' id='word_1_296' title='bbox 374 3447 672 3513; x_wconf 89' lang='lat' dir='ltr'>crificium</span> <span class='ocrx_word' id='word_1_297' title='bbox 708 3445 929 3523; x_wconf 80' lang='lat' dir='ltr'>offerri,</span> <span class='ocrx_word' id='word_1_298' title='bbox 955 3446 1030 3509; x_wconf 89' lang='lat' dir='ltr'>ut</span> <span class='ocrx_word' id='word_1_299' title='bbox 1059 3443 1237 3508; x_wconf 86' lang='lat' dir='ltr'>docet</span> <span class='ocrx_word' id='word_1_300' title='bbox 1260 3443 1432 3506; x_wconf 88' lang='lat' dir='ltr'>Ioan.</span> <span class='ocrx_word' id='word_1_301' title='bbox 1458 3441 1706 3505; x_wconf 87' lang='lat' dir='ltr'>Medina</span> <span class='ocrx_word' id='word_1_302' title='bbox 1739 3439 1888 3504; x_wconf 84' lang='lat' dir='ltr'>Cod.</span> <span class='ocrx_word' id='word_1_303' title='bbox 1915 3440 1990 3504; x_wconf 82' lang='lat' dir='ltr'>dc</span> <span class='ocrx_word' id='word_1_304' title='bbox 2023 3439 2405 3520; x_wconf 77' lang='lat' dir='ltr'>Confession.</span> <span class='ocrx_word' id='word_1_305' title='bbox 2432 3461 2491 3522; x_wconf 92' lang='lat' dir='ltr'>q.</span> <span class='ocrx_word' id='word_1_306' title='bbox 2519 3444 2648 3519; x_wconf 65' lang='lat'>44„</span> <span class='ocrx_word' id='word_1_307' title='bbox 2676 3463 2835 3523; x_wconf 86' lang='lat' dir='ltr'>quae</span> 
     </span>
     <span class='ocr_line' id='line_1_32' title="bbox 378 3542 2835 3630; baseline -0.003 -15"><span class='ocrx_word' id='word_1_308' title='bbox 378 3550 642 3615; x_wconf 86' lang='lat' dir='ltr'>attentio</span> <span class='ocrx_word' id='word_1_309' title='bbox 690 3549 854 3613; x_wconf 88' lang='lat' dir='ltr'>stare</span> <span class='ocrx_word' id='word_1_310' title='bbox 901 3564 1079 3630; x_wconf 89' lang='lat' dir='ltr'>posse</span> <span class='ocrx_word' id='word_1_311' title='bbox 1124 3543 1369 3608; x_wconf 75' lang='lat' dir='ltr'>videtur</span> <span class='ocrx_word' id='word_1_312' title='bbox 1413 3560 1557 3605; x_wconf 86' lang='lat' dir='ltr'>cum</span> <span class='ocrx_word' id='word_1_313' title='bbox 1603 3545 1748 3606; x_wconf 86' lang='lat' dir='ltr'>actu</span> <span class='ocrx_word' id='word_1_314' title='bbox 1809 3542 2174 3619; x_wconf 79' lang='lat' dir='ltr'>confitendi3</span> <span class='ocrx_word' id='word_1_315' title='bbox 2222 3543 2585 3624; x_wconf 86' lang='lat' dir='ltr'>praesertim</span> <span class='ocrx_word' id='word_1_316' title='bbox 2631 3544 2686 3606; x_wconf 86' lang='lat' dir='ltr'>si</span> <span class='ocrx_word' id='word_1_317' title='bbox 2729 3544 2835 3607; x_wconf 88' lang='lat' dir='ltr'>ille</span> 
     </span>
     <span class='ocr_line' id='line_1_33' title="bbox 379 3643 2837 3735; baseline -0.004 -17"><span class='ocrx_word' id='word_1_318' title='bbox 379 3654 557 3717; x_wconf 88' lang='lat' dir='ltr'>actus</span> <span class='ocrx_word' id='word_1_319' title='bbox 585 3651 894 3735; x_wconf 87' lang='lat' dir='ltr'>dirigatur</span> <span class='ocrx_word' id='word_1_320' title='bbox 940 3648 1020 3713; x_wconf 87' lang='lat' dir='ltr'>ad</span> <span class='ocrx_word' id='word_1_321' title='bbox 1066 3644 1563 3729; x_wconf 87' lang='lat' dir='ltr'>participandum</span> <span class='ocrx_word' id='word_1_322' title='bbox 1609 3643 1944 3707; x_wconf 87' lang='lat' dir='ltr'>sacrificio:</span> <span class='ocrx_word' id='word_1_323' title='bbox 1995 3645 2144 3707; x_wconf 86' lang='lat' dir='ltr'>tunc</span> <span class='ocrx_word' id='word_1_324' title='bbox 2189 3644 2351 3708; x_wconf 89' lang='lat' dir='ltr'>enim</span> <span class='ocrx_word' id='word_1_325' title='bbox 2396 3644 2709 3708; x_wconf 87' lang='lat' dir='ltr'>intendere</span> <span class='ocrx_word' id='word_1_326' title='bbox 2739 3645 2837 3709; x_wconf 92' lang='lat' dir='ltr'>illi</span> 
     </span>
     <span class='ocr_line' id='line_1_34' title="bbox 382 3745 2612 3835; baseline -0.004 -14"><span class='ocrx_word' id='word_1_327' title='bbox 382 3755 550 3821; x_wconf 89' lang='lat' dir='ltr'>actui</span> <span class='ocrx_word' id='word_1_328' title='bbox 579 3755 676 3819; x_wconf 86' lang='lat' dir='ltr'>est</span> <span class='ocrx_word' id='word_1_329' title='bbox 711 3752 1075 3835; x_wconf 87' lang='lat' dir='ltr'>simpliciter</span> <span class='ocrx_word' id='word_1_330' title='bbox 1103 3748 1416 3814; x_wconf 90' lang='lat' dir='ltr'>intendere</span> <span class='ocrx_word' id='word_1_331' title='bbox 1452 3746 1572 3830; x_wconf 89' lang='lat' dir='ltr'>ipsi</span> <span class='ocrx_word' id='word_1_332' title='bbox 1604 3746 1903 3811; x_wconf 87' lang='lat' dir='ltr'>sacrificio</span> <span class='ocrx_word' id='word_1_333' title='bbox 1936 3747 1999 3810; x_wconf 90' lang='lat' dir='ltr'>et</span> <span class='ocrx_word' id='word_1_334' title='bbox 2027 3745 2184 3809; x_wconf 85' lang='lat' dir='ltr'>illud</span> <span class='ocrx_word' id='word_1_335' title='bbox 2216 3747 2519 3812; x_wconf 86' lang='lat' dir='ltr'>honorare</span> <span class='ocrx_word' id='word_1_336' title='bbox 2551 3774 2612 3812; x_wconf 88' lang='lat'>».</span> 
     </span>
    </p>

    <p class='ocr_par' dir='ltr' id='par_1_4' title="bbox 384 3847 2842 4347">
     <span class='ocr_line' id='line_1_35' title="bbox 472 3847 2838 3930; baseline -0.003 -8"><span class='ocrx_word' id='word_1_337' title='bbox 472 3857 553 3922; x_wconf 81' lang='lat' dir='ltr'>Et</span> <span class='ocrx_word' id='word_1_338' title='bbox 576 3854 891 3921; x_wconf 90' lang='lat' dir='ltr'>concludit</span> <span class='ocrx_word' id='word_1_339' title='bbox 909 3852 1079 3918; x_wconf 87' lang='lat' dir='ltr'>Less.</span> <span class='ocrx_word' id='word_1_340' title='bbox 1107 3852 1190 3916; x_wconf 88' lang='lat' dir='ltr'>ib.</span> <span class='ocrx_word' id='word_1_341' title='bbox 1215 3872 1276 3915; x_wconf 89' lang='lat' dir='ltr'>n.</span> <span class='ocrx_word' id='word_1_342' title='bbox 1305 3852 1397 3915; x_wconf 82' lang='lat'>9.:</span> <span class='ocrx_word' id='word_1_343' title='bbox 1431 3874 1465 3907; x_wconf 86' lang='lat'>«</span> <span class='ocrx_word' id='word_1_344' title='bbox 1492 3850 1581 3913; x_wconf 81' lang='lat' dir='ltr'>Ex</span> <span class='ocrx_word' id='word_1_345' title='bbox 1612 3848 1840 3930; x_wconf 88' lang='lat' dir='ltr'>quibus</span> <span class='ocrx_word' id='word_1_346' title='bbox 1863 3848 2016 3912; x_wconf 90' lang='lat' dir='ltr'>satis</span> <span class='ocrx_word' id='word_1_347' title='bbox 2048 3847 2364 3930; x_wconf 86' lang='lat' dir='ltr'>probabile</span> <span class='ocrx_word' id='word_1_348' title='bbox 2395 3848 2621 3927; x_wconf 89' lang='lat' dir='ltr'>iudico,</span> <span class='ocrx_word' id='word_1_349' title='bbox 2647 3849 2838 3915; x_wconf 88' lang='lat' dir='ltr'>etiam</span> 
     </span>
     <span class='ocr_line' id='line_1_36' title="bbox 384 3953 2841 4039; baseline -0.003 -11"><span class='ocrx_word' id='word_1_350' title='bbox 384 3981 487 4028; x_wconf 85' lang='lat' dir='ltr'>eos</span> <span class='ocrx_word' id='word_1_351' title='bbox 532 3980 656 4026; x_wconf 91' lang='lat' dir='ltr'>non</span> <span class='ocrx_word' id='word_1_352' title='bbox 701 3959 897 4025; x_wconf 89' lang='lat' dir='ltr'>teneri</span> <span class='ocrx_word' id='word_1_353' title='bbox 933 3958 1011 4022; x_wconf 87' lang='lat' dir='ltr'>ad</span> <span class='ocrx_word' id='word_1_354' title='bbox 1043 3957 1209 4023; x_wconf 87' lang='lat' dir='ltr'>aliud</span> <span class='ocrx_word' id='word_1_355' title='bbox 1245 3956 1503 4021; x_wconf 89' lang='lat' dir='ltr'>Sacrum</span> <span class='ocrx_word' id='word_1_356' title='bbox 1549 3953 1945 4031; x_wconf 88' lang='lat' dir='ltr'>audiendum,</span> <span class='ocrx_word' id='word_1_357' title='bbox 1978 3953 2202 4035; x_wconf 90' lang='lat' dir='ltr'>quibus</span> <span class='ocrx_word' id='word_1_358' title='bbox 2241 3957 2342 4019; x_wconf 87' lang='lat' dir='ltr'>sat</span> <span class='ocrx_word' id='word_1_359' title='bbox 2370 3956 2669 4038; x_wconf 89' lang='lat' dir='ltr'>temporis</span> <span class='ocrx_word' id='word_1_360' title='bbox 2700 3977 2841 4039; x_wconf 91' lang='lat' dir='ltr'>sup-</span> 
     </span>
     <span class='ocr_line' id='line_1_37' title="bbox 384 4055 2840 4148; baseline -0.003 -19"><span class='ocrx_word' id='word_1_361' title='bbox 384 4065 718 4148; x_wconf 84' lang='lat' dir='ltr'>peditatur,</span> <span class='ocrx_word' id='word_1_362' title='bbox 765 4062 818 4127; x_wconf 86' lang='lat' dir='ltr'>si</span> <span class='ocrx_word' id='word_1_363' title='bbox 864 4062 1091 4125; x_wconf 88' lang='lat' dir='ltr'>bonam</span> <span class='ocrx_word' id='word_1_364' title='bbox 1137 4059 1362 4124; x_wconf 88' lang='lat' dir='ltr'>saltem</span> <span class='ocrx_word' id='word_1_365' title='bbox 1408 4058 1646 4140; x_wconf 89' lang='lat' dir='ltr'>partem</span> <span class='ocrx_word' id='word_1_366' title='bbox 1703 4059 1878 4122; x_wconf 82' lang='lat' dir='ltr'>extra</span> <span class='ocrx_word' id='word_1_367' title='bbox 1922 4055 2365 4123; x_wconf 87' lang='lat' dir='ltr'>confessionem</span> <span class='ocrx_word' id='word_1_368' title='bbox 2412 4058 2723 4122; x_wconf 88' lang='lat' dir='ltr'>audierint</span> <span class='ocrx_word' id='word_1_369' title='bbox 2768 4078 2840 4123; x_wconf 89' lang='lat' dir='ltr'>ac</span> 
     </span>
     <span class='ocr_line' id='line_1_38' title="bbox 384 4160 2842 4252; baseline -0.003 -20"><span class='ocrx_word' id='word_1_370' title='bbox 384 4167 637 4252; x_wconf 90' lang='lat' dir='ltr'>proinde</span> <span class='ocrx_word' id='word_1_371' title='bbox 682 4166 798 4230; x_wconf 91' lang='lat' dir='ltr'>sub</span> <span class='ocrx_word' id='word_1_372' title='bbox 843 4165 1092 4247; x_wconf 81' lang='lat' dir='ltr'>peccato</span> <span class='ocrx_word' id='word_1_373' title='bbox 1138 4161 1397 4226; x_wconf 89' lang='lat' dir='ltr'>mortali</span> <span class='ocrx_word' id='word_1_374' title='bbox 1445 4180 1569 4226; x_wconf 93' lang='lat' dir='ltr'>non</span> <span class='ocrx_word' id='word_1_375' title='bbox 1621 4160 1928 4243; x_wconf 84' lang='lat' dir='ltr'>cogendos</span> <span class='ocrx_word' id='word_1_376' title='bbox 1978 4161 2282 4242; x_wconf 86' lang='lat' dir='ltr'>tanquam</span> <span class='ocrx_word' id='word_1_377' title='bbox 2336 4161 2686 4238; x_wconf 51' lang='lat' dir='ltr'>obstrictos</span> <span class='ocrx_word' id='word_1_378' title='bbox 2735 4160 2842 4225; x_wconf 90' lang='lat' dir='ltr'>sed</span> 
     </span>
     <span class='ocr_line' id='line_1_39' title="bbox 386 4263 2062 4347; baseline -0.004 -12"><span class='ocrx_word' id='word_1_379' title='bbox 386 4268 722 4336; x_wconf 87' lang='lat' dir='ltr'>hortandos</span> <span class='ocrx_word' id='word_1_380' title='bbox 754 4267 830 4332; x_wconf 89' lang='lat' dir='ltr'>ad</span> <span class='ocrx_word' id='word_1_381' title='bbox 862 4266 945 4343; x_wconf 82' lang='lat' dir='ltr'>id,</span> <span class='ocrx_word' id='word_1_382' title='bbox 980 4263 1146 4347; x_wconf 92' lang='lat' dir='ltr'>quod</span> <span class='ocrx_word' id='word_1_383' title='bbox 1181 4263 1385 4327; x_wconf 88' lang='lat' dir='ltr'>tutius</span> <span class='ocrx_word' id='word_1_384' title='bbox 1421 4265 1518 4328; x_wconf 87' lang='lat' dir='ltr'>est</span> <span class='ocrx_word' id='word_1_385' title='bbox 1554 4263 1617 4327; x_wconf 90' lang='lat' dir='ltr'>et</span> <span class='ocrx_word' id='word_1_386' title='bbox 1652 4263 1965 4327; x_wconf 87' lang='lat' dir='ltr'>decentius</span> <span class='ocrx_word' id='word_1_387' title='bbox 1999 4286 2062 4328; x_wconf 83' lang='lat'>».</span> 
     </span>
    </p>

    <p class='ocr_par' dir='ltr' id='par_1_5' title="bbox 474 4364 2841 4448">
     <span class='ocr_line' id='line_1_40' title="bbox 474 4364 2841 4448; baseline -0.003 -11"><span class='ocrx_word' id='word_1_388' title='bbox 474 4370 737 4438; x_wconf 86' lang='lat' dir='ltr'>Collatis</span> <span class='ocrx_word' id='word_1_389' title='bbox 760 4388 904 4435; x_wconf 84' lang='lat' dir='ltr'>vero</span> <span class='ocrx_word' id='word_1_390' title='bbox 931 4366 1368 4441; x_wconf 76' lang='lat' dir='ltr'>solutionibuS,</span> <span class='ocrx_word' id='word_1_391' title='bbox 1384 4384 1540 4447; x_wconf 86' lang='lat' dir='ltr'>quas</span> <span class='ocrx_word' id='word_1_392' title='bbox 1565 4364 1845 4430; x_wconf 83' lang='lat' dir='ltr'>dedimus</span> <span class='ocrx_word' id='word_1_393' title='bbox 1871 4365 2255 4448; x_wconf 86' lang='lat' dir='ltr'>argumentis</span> <span class='ocrx_word' id='word_1_394' title='bbox 2278 4366 2622 4429; x_wconf 86' lang='lat' dir='ltr'>contrariae</span> <span class='ocrx_word' id='word_1_395' title='bbox 2646 4366 2841 4448; x_wconf 90' lang='lat' dir='ltr'>partis</span> 
     </span>
    </p>
   </div>
   <div class='ocr_carea' id='block_1_2' title="bbox 386 4468 2847 4655">
    <p class='ocr_par' dir='ltr' id='par_1_6' title="bbox 386 4468 2847 4655">
     <span class='ocr_line' id='line_1_41' title="bbox 386 4468 2844 4555; baseline -0.002 -15"><span class='ocrx_word' id='word_1_396' title='bbox 386 4495 488 4540; x_wconf 84' lang='lat' dir='ltr'>nn.</span> <span class='ocrx_word' id='word_1_397' title='bbox 526 4476 672 4539; x_wconf 85' lang='lat'>774.</span> <span class='ocrx_word' id='word_1_398' title='bbox 708 4493 855 4555; x_wconf 67' lang='lat' dir='ltr'>seq„</span> <span class='ocrx_word' id='word_1_399' title='bbox 895 4489 1054 4553; x_wconf 88' lang='lat' dir='ltr'>quae</span> <span class='ocrx_word' id='word_1_400' title='bbox 1099 4468 1442 4533; x_wconf 89' lang='lat' dir='ltr'>solutiones</span> <span class='ocrx_word' id='word_1_401' title='bbox 1488 4469 1613 4532; x_wconf 86' lang='lat' dir='ltr'>vim</span> <span class='ocrx_word' id='word_1_402' title='bbox 1661 4487 1907 4550; x_wconf 89' lang='lat' dir='ltr'>quoque</span> <span class='ocrx_word' id='word_1_403' title='bbox 1954 4469 2465 4551; x_wconf 85' lang='lat' dir='ltr'>argumentorum</span> <span class='ocrx_word' id='word_1_404' title='bbox 2512 4470 2844 4535; x_wconf 87' lang='lat' dir='ltr'>censendae</span> 
     </span>
     <span class='ocr_line' id='line_1_42' title="bbox 388 4571 2847 4655; baseline -0.003 -11"><span class='ocrx_word' id='word_1_405' title='bbox 388 4581 536 4644; x_wconf 90' lang='lat' dir='ltr'>sunt</span> <span class='ocrx_word' id='word_1_406' title='bbox 564 4578 810 4653; x_wconf 86' lang='lat' dir='ltr'>habere,</span> <span class='ocrx_word' id='word_1_407' title='bbox 848 4572 1300 4640; x_wconf 87' lang='lat' dir='ltr'>concedendum</span> <span class='ocrx_word' id='word_1_408' title='bbox 1346 4573 1463 4648; x_wconf 88' lang='lat' dir='ltr'>est,</span> <span class='ocrx_word' id='word_1_409' title='bbox 1495 4571 1866 4634; x_wconf 88' lang='lat' dir='ltr'>sententiam</span> <span class='ocrx_word' id='word_1_410' title='bbox 1912 4571 2328 4635; x_wconf 89' lang='lat' dir='ltr'>affirmantem</span> <span class='ocrx_word' id='word_1_411' title='bbox 2359 4571 2679 4635; x_wconf 85' lang='lat' dir='ltr'>verissima</span> <span class='ocrx_word' id='word_1_412' title='bbox 2711 4591 2847 4655; x_wconf 89' lang='lat' dir='ltr'>pro-</span> 
     </span>
    </p>
   </div>
  </div>
 </body>
</html>
