3497 5147
677 360 750 413 22
1065 369 1276 411 ‘rme-r.
1320 371 1373 411 v.
1414 367 1577 410 snc'r.
1615 368 1657 408 1.
1694 366 1780 407 DE
1815 364 2188 406 rnancnr’ris
2225 364 2414 404 mom.
2451 363 2650 405 31111111·
2685 364 2751 405 11.
3029 349 3139 425 [34]

664 470 795 534 tivo
863 468 1208 552 (explicito)
1256 466 1373 530 Dei
1415 462 1768 540 revelantis,
1820 462 2094 526 affirmat
2140 460 2303 525 Viva
2353 460 2417 524 in
2469 461 2525 523 1.
2577 460 2759 544 Prop.
2794 460 3001 526 damn.
3053 462 3131 526 ab

664 570 837 636 Alex.
873 570 1014 634 VII.
1050 590 1109 633 n.
1150 569 1250 631 11.
1281 591 1341 629 xo.

751 674 959 749 Ratio,
993 691 1103 735 cur
1134 670 1295 734 Viva
1328 670 1616 745 affirmet,
1665 667 1850 732 fidem
1896 668 2055 731 hanc
2100 666 2317 731 debere
2349 684 2481 731 esse
2518 666 2844 731 formalem
2876 685 2949 730 ex
2993 685 3128 731 mo-

662 775 793 839 tivo
847 773 1134 856 explicito
1182 771 1314 835 scil.
1379 770 1495 835 Dei
1540 770 1893 845 revelantis,
1952 770 2067 845 est,
2117 768 2264 851 quia
2328 769 2493 833 sicut
2553 787 2696 833 cum
2751 768 3129 851 praecipitur

661 874 838 940 dolor
882 874 957 938 dc
981 874 1259 955 peccatis
1288 872 1664 957 intelligitur
1698 871 1878 936 dolor
1905 869 2211 949 formalis,
2238 890 2349 934 nec
2372 871 2616 951 sufficit
2633 868 2812 934 dolor
2847 868 3130 933 inclusus

660 979 732 1041 in
775 980 921 1041 actu
965 976 1275 1049 caritati&
1336 974 1429 1038 ita
1489 993 1631 1039 cum
1691 974 1843 1037 fides
1903 973 2298 1055 praecipitur,
2362 971 2767 1055 intelligenda
2822 971 2919 1035 est
2973 971 3126 1035 fides

663 1078 971 1159 formalis.

753 1182 870 1248 Sed
901 1202 1096 1264 neque
1127 1178 1443 1265 probanda
1489 1181 1585 1244 est
1630 1179 1781 1243 haec
1810 1179 2109 1243 resolutio
2149 1197 2260 1242 nec
2295 1179 2644 1243 laudandus
2676 1196 2812 1242 mos
2845 1178 2985 1254 iste,
3019 1195 3129 1241 seu

661 1285 886 1350 melius
932 1281 1411 1366 intemperantia
1455 1283 1518 1345 in
1566 1281 1872 1346 sectandis
1904 1281 2003 1344 vel
2035 1279 2372 1344 excitandis
2405 1281 2742 1344 innumeris
2774 1279 3129 1361 quaestiun-

663 1388 839 1464 culis,
875 1402 1138 1469 quarum
1192 1387 1393 1451 exitus
1441 1384 1641 1450 soleat
1670 1383 1773 1447 hic
1823 1382 2027 1447 solum
2065 1400 2215 1459 esse,
2263 1383 2340 1445 ut
2383 1383 2880 1465 multiplicentur
2930 1382 3130 1445 anxie-

664 1490 848 1566 13133,
883 1489 1183 1572 prodeant
1211 1506 1409 1552 novae
1439 1488 1607 1571 leges
1639 1487 1703 1549 et
1731 1503 1829 1548 res
1860 1503 2055 1566 usque
2089 1484 2291 1567 magis
2323 1484 2739 1566 implicentur.

753 1590 924 1671 Quae
967 1590 1446 1673 intemperantia
1478 1607 1550 1652 30
1587 1606 1785 1669 usque
1832 1586 2152 1669 processit,
2189 1588 2264 1650 ut
2299 1586 2461 1649 Viva
2498 1586 2645 1650 ibid.
2681 1586 2940 1649 dubium
2987 1585 3130 1648 inii-

661 1694 806 1770 ciat‚
842 1710 920 1756 an
953 1690 1441 1774 supernaturalis
1474 1691 1558 1754 sit
1581 1689 1751 1765 fides,
1785 1708 1944 1770 quae
1974 1707 2096 1752 non
2130 1689 2488 1753 exerceatur
2535 1692 2679 1751 actu
2714 1687 2970 1767 formali
2985 1707 3008 1765 ,·
3039 1688 3130 1752 sic

661 1796 825 1861 enim
856 1794 1046 1857 habet
1076 1794 1241 1856 intra
1273 1791 1724 1875 parenthesim:
1766 1815 1801 1848 «
1834 1790 2145 1872 Quidquid
2194 1793 2295 1869 sit,
2347 1812 2426 1855 an
2472 1811 2712 1875 semper
2744 1812 2815 1857 ac
2850 1791 3000 1856 fides
3032 1794 3128 1856 est

661 1894 1172 1978 supernaturaliS,
1206 1894 1449 1958 nitatur
1477 1894 1623 1957 huic
1653 1893 1892 1957 motivo
1926 1894 2149 1957 saltem
2182 1894 2478 1979 languide
2511 1895 2782 1959 attracto
2822 1918 2884 1958 ».

750 1998 895 2062 Dixi
918 2016 1040 2061 non
1071 2016 1201 2061 esse
1232 1996 1615 2079 probandam
1630 1996 2094 2067 resolutionem.
2134 1997 2217 2060 Et
2247 2017 2392 2062 sane
2418 1998 2679 2062 Ioannes
2708 1996 2781 2060 de
2814 1996 3125 2061 Cardenas

672 2099 875 2165 Orisz‘s
910 2098 1120 2164 Theol.
1149 2101 1301 2163 tom.
1345 2101 1406 2162 4.
1439 2099 1682 2164 dissert.
1728 2099 1829 2161 11.
1858 2117 1958 2161 nn.
1998 2099 2234 2162 75.-76.
2268 2117 2501 2182 ponens
2533 2098 2959 2181 quaestionem
2990 2117 3123 2162 «an

664 2205 860 2280 331113,
894 2202 1002 2284 qui
1033 2201 1365 2265 eliciuntur
1400 2202 1561 2265 circa
1592 2201 1908 2276 veritates,
1949 2219 2105 2281 quas
2152 2201 2291 2281 quis
2339 2202 2560 2266 didicit
2599 2202 2664 2265 in
2701 2201 2913 2265 schola
2959 2200 3122 2278 fidei,

662 2305 948 2387 quamvis
978 2304 1138 2368 desit
1166 2303 1465 2367 memoria
1517 2303 1915 2367 revelationis
1947 2302 2192 2367 divinae
2240 2303 2379 2385 (qui
2413 2304 2590 2371 331113
2628 2304 2776 2366 31131
2823 2303 3123 2368 virtuales

663 2407 839 2471 actus
877 2406 1065 2490 fidei),
1105 2407 1233 2471 sint
1279 2406 1407 2469 veri
1454 2407 1630 2469 actus
1676 2404 1837 2480 fidei,
1888 2406 2103 2487 quales
2134 2407 2461 2488 praecepto
2493 2404 2702 2470 divino
2738 2405 3034 2470 iubentur
3063 2408 3127 2470 et

662 2509 996 2594 procedant
1042 2509 1120 2573 ab
1164 2508 1387 2572 habitu
1423 2507 1589 2571 fideli
1636 2508 2114 2591 supernaturali,
2164 2507 2352 2572 refert
2381 2508 2531 2571 haec
2568 2526 2641 2572 ex
2672 2508 2982 2588 Hurtad0‚
3017 2509 3124 2590 qui

660 2613 831 2695 prior
865 2611 1111 2676 videtur
1143 2611 1570 2693 quaestionem
1599 2611 1895 2675 movisse:
1936 2634 1974 2668 ‹
2009 2609 2156 2673 Hac
2195 2611 2264 2672 in
2281 2613 2471 2689 parte
2517 2610 2828 2692 quidquid
2840 2609 3126 2691 profera-

666 2718 789 2787 tur,
822 2717 1056 2777 vetusto
1088 2714 1327 2778 carebit
1366 2716 1616 2776 auctore
1634 2733 1656 2790 ,·
1702 2714 1855 2794 quia
1891 2713 2170 2793 quaestio
2200 2731 2417 2775 recens
2450 2714 2741 2776 nascitur
2784 2735 2827 2777 a
2857 2718 3126 2793 parente

662 2817 853 2879 etiam
888 2820 1127 2880 recente
1159 2842 1220 2880 ».
1254 2817 1442 2880 Patet
1486 2835 1654 2900 ergo,
1702 2816 1861 2879 hanc
1906 2815 2389 2880 controversiam
2428 2834 2559 2879 esse
2595 2834 2845 2894 novam,
2895 2816 2970 2880 de
3000 2836 3127 2897 qua

662 2917 943 2982 doctores
974 2919 1130 2984 nihil
1163 2918 1461 2983 dixerant.
1495 2918 1583 2981 At
1614 2917 1666 2981 si
1697 2918 1980 3000 quaestio
2027 2935 2189 2982 nova
2236 2919 2348 2994 est,
2381 2936 2583 2982 nonne
2620 2920 2809 3001 patet,
2858 2918 2932 2982 de
2961 2937 3126 2983 nova

660 3020 783 3085 ista
832 3020 1210 3105 obligatione
1256 3020 1562 3083 neminem
1609 3039 1888 3101 unquam
1918 3020 2264 3102 cogitasse?
2295 3020 2378 3085 Et
2407 3021 2462 3084 si
2494 3039 2674 3085 nemo
2710 3020 2784 3084 de
2815 3021 2941 3085 ista
2975 3021 3127 3087 obli-

661 3123 913 3206 gatione
958 3122 1281 3207 cogitavit,
1339 3120 1685 3185 cuiusmodi
1731 3120 1984 3184 tandem
2032 3121 2127 3185 est
2155 3121 2324 3185 istud
2361 3123 2703 3206 sapientiae
2740 3142 3017 3202 acumen,
3052 3129 3126 3190 ut

661 3225 881 3308 putare
913 3225 1263 3300 debeamus,
1301 3224 1414 3287 aut
1449 3224 1686 3286 veteres
1719 3240 1930 3286 omnes
1978 3221 2257 3287 doctores
2295 3224 2452 3289 nihil
2496 3211 2806 3310 cogitasse
2836 3227 2910 3292 de
2938 3227 3124 3293 modo

659 3327 955 3411 implendi
979 3326 1421 3413 gravissimum
1452 3325 1867 3407 praeceptum,
1910 3323 2075 3405 quod
2106 3325 2345 3410 obligat
2375 3327 2655 3412 graviter
2694 3347 2904 3393 omnes
2935 3331 2999 3393 et
3028 3331 3126 3392 est

658 3432 724 3495 in
773 3452 890 3497 11311
938 3431 1347 3514 quotidiano?
1380 3428 1598 3493 autad
1638 3427 1768 3491 (1133
1805 3447 2000 3510 usque
2047 3430 2355 3496 Dominici
2410 3431 2571 3496 Viva
2621 3432 2723 3496 vix
2768 3430 3122 3513 quempiam

657 3536 908 3600 scivisse
939 3533 1194 3598 modum
1231 3530 1526 3614 implendi
1558 3532 1954 3612 praeceptum
2003 3534 2068 3595 et
2113 3534 2557 3617 incompertam
2594 3533 2784 3596 fiiisse
2814 3531 3119 3595 rationem

660 3636 1058 3721 obligationis
1105 3633 1384 3697 eliciendi
1430 3634 1642 3698 actum
1700 3631 1889 3696 fidei?
1942 3632 2176 3699 Contra
2237 3653 2436 3699 nonne
2498 3633 2967 3698 celeberrimum
3022 3633 3120 3697 est

658 3739 971 3824 adagium,
1000 3735 1165 3819 quod
1196 3735 1576 3801 consuetudo
1609 3735 1706 3799 est
1742 3737 1979 3819 optima
2016 3739 2228 3822 legum
2259 3738 2606 3820 interpres?
2652 3735 2818 3819 Ergo
2851 3736 2906 3799 si
2936 3754 3119 3802 nemo

656 3841 1045 3925 cogitaverat
1081 3838 1156 3901 de
1201 3837 1317 3901 hac
1362 3837 1746 3914 necessitate,
1786 3858 1927 3903 cum
1961 3841 2168 3904 tamen
2202 3840 2383 3904 obvia
2415 3839 2578 3902 esset
2606 3837 2759 3903 haec
2794 3839 3120 3966 cogitati0‚

655 3944 863 4026 palam
896 3942 1009 4016 est,
1045 3940 1203 4003 11333
1235 3958 1354 4003 303
1388 3958 1520 4003 3333
1551 3940 1680 4003 vim
1717 3942 2046 4024 praecepti.

743 4044 921 4123 Quod
953 4059 1097 4106 vero
1138 4060 1259 4106 non
1289 4041 1705 4125 cogitaverint
1750 4043 1823 4106 de
1869 4044 1993 4107 ista
2040 4043 2418 4127 obligatione
2464 4043 2788 4120 Doctores,
2829 4046 3004 4128 patet
3049 4064 3122 4109 ex

655 4145 967 4210 communi
982 4143 1307 4221 sententia,
1335 4143 1501 4226 quod
1524 4143 1798 4208 satisfiat
1817 4147 2144 4227 praecepto
2176 4144 2318 4208 fidei
2342 4163 2451 4227 per
2470 4145 2615 4210 illas
2639 4146 2934 4224 actiones,
2961 4165 3121 4228 quae

653 4266 891 4311 merum
930 4246 1073 4311 fidei
1099 4265 1285 4311 usum
1307 4246 1646 4312 continent.
1684 4246 1752 4310 Id
1790 4249 1968 4329 patet
1996 4247 2190 4311 etiam
2221 4265 2292 4310 ex
2332 4248 2624 4334 allegatis
2656 4249 2858 4315 verbis
2891 4246 3118 4313 Suarez

656 4350 719 4413 et
750 4347 933 4413 Croix
965 4369 1101 4433 sup.
1135 4369 1236 4413 nn.
1280 4350 1383 4412 53.
1422 4349 1525 4412 54.
1561 4349 1695 4412 Imo
1728 4349 1861 4431 ipse
1907 4348 2068 4412 Viva
2107 4349 2149 4413 1.
2190 4369 2241 4412 3.
2276 4370 2336 4414 n.
2376 4352 2433 4415 7.
2474 4352 2728 4417 scribit:
2785 4376 2821 4411 ‹
2867 4351 2962 4416 Ad
3011 4353 3124 4417 hos

656 4452 832 4515 actus
879 4451 1444 4534 praestantissimos
1490 4450 1818 4513 eliciendos
1865 4468 2045 4533 saepe
2093 4452 2302 4517 conari
2347 4453 2668 4520 debemus:
2703 4456 2772 4518 at
2816 4455 2974 4519 citra
3021 4474 3125 4520 an-

653 4553 966 4630 xietatem,
1014 4572 1158 4618 cum
1206 4553 1308 4615 vix
1356 4552 1554 4634 possit
1609 4551 1899 4631 accidere,
1941 4554 2108 4636 quod
2142 4555 2238 4619 vir
2268 4556 2603 4622 timoratus
2650 4557 2747 4621 his
2779 4557 3122 4640 praeceptis

651 4675 779 4720 non
808 4654 1166 4735 satisfaciat
1197 4653 1443 4718 abunde
1480 4678 1514 4712 »
1559 4672 1642 4717 sc.
1676 4674 1784 4736 per
1815 4675 2000 4721 usum
2031 4657 2193 4723 fidei.
