3497 5147
305 414 438 483 [674]
1016 425 1100 465 nn·
1138 425 1278 467 voa-1
1319 426 1720 467 man-Ariona
1757 427 2027 469 mnam-A
2652 421 2759 474 513

385 518 557 594 874.
585 525 675 588 1)9
700 522 1053 588 Abbatissis
1085 540 1330 605 quoque
1362 524 1644 604 quaestio
1676 524 1769 588 fit.
1806 524 2031 591 Suarez
2062 525 2173 590 lib.
2200 528 2260 591 6.
2289 547 2421 611 cap.
2452 529 2510 592 7.
2539 550 2596 593 n.
2630 531 2755 595 19.:

300 626 684 691 Probabilius
717 627 839 691 est:
866 627 1025 690 hanc
1062 626 1438 708 potestatem
1470 625 1694 690 habere
1727 626 1920 692 etiam
1942 628 2343 707 Abbatissas3
2379 631 2526 713 quia
2565 632 2758 699 etiam

297 729 414 794 11119
446 729 732 794 subditae
758 730 987 794 vovent
1019 729 1430 793 obedientiam
1480 732 1542 793 et
1575 730 1652 793 ab
1683 729 1812 794 illis
1844 731 1937 794 ita
1969 731 2253 814 pendent,
2282 734 2354 797 ut
2386 733 2516 797 sine
2541 753 2757 800 earum

296 850 588 898 consensu
635 831 898 896 firmiter
945 832 1211 916 obligari
1256 850 1380 895 909
1419 833 1700 915 possint:
1751 851 1861 898 nec
1908 832 1985 897 ad
2032 834 2191 898 hanc
2237 835 2612 917 potestatem
2660 840 2756 903 est

294 936 631 1000 necessaria
677 934 1043 1013 iurisdictio,
1080 933 1184 999 sed
1231 933 1465 998 sufficit
1515 935 1817 1019 obligatio
1868 935 2285 1018 professionis.
2325 937 2408 1002 Et
2454 939 2506 1003 si
2553 943 2756 1005 mater

290 1038 484 1102 tutrix
516 1039 724 1120 potest
753 1036 998 1102 irritare
1029 1040 1177 1101 vota
1215 1036 1487 1100 filiarum
1524 1037 1938 1121 impuberum,
1973 1058 2083 1101 cur
2113 1058 2234 1103 non
2282 1040 2513 1122 poterit
2543 1041 2754 1108 Abba-

290 1140 458 1217 tissa,
486 1140 634 1205 licet
664 1138 892 1204 femina
922 1139 1026 1217 sit,
1053 1157 1194 1203 cum
1226 1138 1388 1203 ratio
1429 1138 1812 1204 obedientiae
1843 1139 2169 1225 religiosae
2196 1140 2273 1205 ad
2298 1142 2413 1206 1109
2438 1143 2754 1209 sufficiat?

371 1242 662 1307 Habetin·
721 1243 930 1306 tamen
990 1241 1295 1324 quaedam
1343 1241 1637 1325 exceptio.
1686 1241 1927 1308 Votum
1974 1243 2209 1308 scilicet
2262 1245 2623 1309 transeundi
2672 1246 2749 1311 ad

285 1345 662 1410 strictiorem
692 1345 1055 1429 religionem
1088 1362 1298 1409 omnes
1330 1344 1467 1408 DD.
1501 1343 1832 1428 excipiunt,
1866 1346 1930 1409 et
1959 1346 2192 1430 negant
2236 1365 2415 1430 posse
2447 1346 2681 1412 irritari
2715 1368 2752 1412 a

285 1448 565 1532 praelato
599 1447 936 1532 Religioso.

368 1555 461 1618 De
496 1553 614 1617 hac
650 1572 715 1617 re
747 1553 838 1617 ita
868 1552 1077 1617 Innoc.
1112 1551 1230 1616 III.
1264 1552 1326 1615 in
1360 1569 1492 1634 cap.
1528 1551 1709 1615 Licet
1758 1553 1860 1616 18.
1901 1551 1976 1615 de
2005 1551 2486 1634 Regularibus..·
2517 1579 2553 1613 ⁴:
2577 1554 2753 1620 Licet

281 1654 657 1738 quibusdam
693 1655 1011 1720 monachis
1044 1657 1106 1718 et
1138 1653 1509 1718 9990111919...
1547 1673 1583 1716 9
1616 1653 1767 1718 Sede
1800 1653 2160 1737 Apostolica
2193 1655 2276 1720 sit
2309 1655 2644 1733 indultum,
2677 1677 2754 1721 ne

278 1761 620 1842 postquam
647 1758 870 1840 aliquis
895 1756 1206 1841 professus
1238 1755 1425 1820 fuerit
1445 1756 1608 1839 apud
1641 1775 1766 1833 909,
1795 1757 1871 1820 9(1
1896 1757 2089 1821 9111119
2114 1758 2320 1823 locum
2353 1759 2570 1842 possit,
2598 1760 2751 1843 ipsis

275 1861 521 1938 invitis,
569 1859 851 1924 arctioris
899 1859 1090 1923 etiam
1138 1858 1456 1943 religionis
1507 1859 1786 1935 obtentu,
1821 1860 2171 1923 transire...:
2207 1861 2353 1943 quia
2402 1862 2612 1925 tamen
2647 1862 2754 1926 ubi

274 1960 554 2045 Spiritus
585 1963 701 2026 Dei
749 1964 862 2039 est,
898 1961 985 2025 ibi
1013 1962 1358 2038 libertaS...,
1395 1980 1467 2023 ea
1513 1961 1754 2025 ratione
1788 1960 2032 2025 videtur
2069 1963 2186 2027 hoc
2221 1962 2346 2027 illis
2393 1962 2581 2027 fuisse
2614 1982 2752 2028 909-

272 2083 548 2143 cessum,
572 2084 643 2128 ne
683 2064 821 2147 quis
854 2083 927 2129 ex
957 2063 1310 2128 temeritate
1344 2062 1441 2126 vel
1471 2063 1728 2126 levitate
1760 2064 1824 2127 in
1854 2064 2164 2128 iacturam
2196 2064 2296 2128 vel
2326 2064 2619 2129 iniuriam
2651 2065 2750 2129 sui

264 2165 529 2232 Ordinis
562 2168 676 2232 sub
700 2168 1024 2250 praetextu
1057 2166 1310 2231 maioris
1334 2165 1653 2250 religionis
1680 2166 1758 2230 ad
1783 2166 1976 2230 alium
1996 2166 2284 2232 Ordinem
2309 2168 2748 2244 transvolaret,

264 2270 435 2335 sicut
467 2269 827 2353 frequenter
850 2289 887 2333 a
919 2269 1136 2334 multis
1174 2269 1421 2335 constat
1454 2287 1585 2333 esse
1623 2271 2127 2352 praesumptum:
2152 2288 2275 2333 non
2307 2268 2556 2351 quidem
2589 2273 2661 2334 ut
2693 2271 2748 2334 ei

258 2372 645 2438 transeundi
689 2371 940 2436 licentia
987 2371 1342 2455 denegetur,
1391 2371 1498 2453 qui
1546 2389 1681 2434 eam
1737 2390 1879 2434 91191
1927 2370 2285 2435 humilitate
2342 2390 2412 2436 ac
2471 2371 2749 2455 puritate

257 2474 524 2540 duxerit
572 2473 1012 2558 postulandam
1060 2475 1124 2538 et
1159 2492 1280 2537 non
1328 2472 1468 2537 ficte
1518 2471 1622 2536 sed
1655 2491 1795 2536 vere
1844 2471 1921 2535 ad
1967 2471 2211 2557 frugem
2255 2472 2530 2538 melioris
2579 2472 2748 2537 vitae

253 2580 479 2644 valeat
526 2577 992 2663 transmigrare.
1032 2576 1203 2641 Talis
1249 2596 1396 2661 ergo
1444 2577 1778 2659 postquam
1825 2595 1862 2639 a
1909 2576 2186 2658 praelato
2225 2594 2338 2641 suo
2386 2576 2749 2641 transeundi

252 2680 595 2747 licentiam
633 2680 1066 2764 postulaverit,
1101 2700 1172 2743 ex
1202 2680 1339 2763 lege
1372 2680 1615 2761 privata
1648 2678 1835 2760 ((1999
1865 2677 2147 2761 publicae
2179 2676 2303 2762 legi
2335 2677 2747 2762 praeiudicat)

251 2785 631 2861 absolutus,
678 2783 867 2847 libere
927 2783 1135 2867 potest
1188 2782 1514 2846 sanctioris
1563 2782 1728 2845 vitae
1776 2781 2166 2863 propositum
2222 2780 2574 2864 adimplere,
2623 2800 2749 2846 non

248 2888 565 2953 obstante
618 2889 905 2970 proterva
943 2874 1259 2950 indiscreti
1297 2883 1782 2948 contradictione
1828 2883 2119 2966 praelati3
2155 2883 2304 2965 quia
2350 2882 2748 2966 privilegium

242 2992 551 3055 meretur
602 2988 907 3066 amittere,
948 2988 1058 3071 qui
1088 3005 1375 3053 concessa
1408 2985 1525 3050 sibi
1563 2985 1864 3049 facultate
1904 2984 2186 3048 abutitur
2217 2986 2333 3049 etc.
2368 3008 2429 3047 ».

336 3093 557 3159 Ratio
595 3112 667 3156 ex
699 3090 923 3157 Suarez
955 3091 1063 3155 lib.
1100 3090 1160 3153 6.
1194 3091 1268 3153 (19
1317 3088 1450 3152 Vot.
1486 3108 1620 3171 cap.
1659 3088 1715 3151 7.
1753 3108 1811 3151 9.
1847 3088 1908 3151 9.
1944 3087 2057 3164 est,
2098 3086 2246 3169 (11119
2278 3085 2577 3169 professio
2610 3087 2748 3151 reli·

237 3198 513 3281 giosa...
556 3213 799 3277 semper
828 3192 1091 3258 includit
1120 3191 1554 3269 conditionem,
1578 3192 1652 3254 ut
1680 3190 1868 3254 liceat
1900 3188 1976 3253 ad
2007 3189 2267 3253 meliora
2299 3187 2448 3253 vota
2480 3189 2746 3253 transire

235 3319 310 3364 ac
352 3299 715 3383 propterea
761 3295 870 3361 illa
900 3294 1163 3360 materia
1210 3296 1523 3358 reservata
1570 3312 1680 3357 seu
1727 3292 1980 3374 excepta
2016 3291 2208 3355 etiam
2254 3291 2368 3370 est,
2404 3292 2478 3354 ut
2523 3290 2596 3355 de
2634 3291 2744 3355 illa

231 3401 456 3483 possit
493 3398 863 3482 Religiosus
896 3397 1179 3462 absolute
1204 3415 1424 3460 vovere
1449 3398 1513 3459 et
1543 3396 1672 3458 sine
1703 3393 2106 3478 dependentia
2132 3413 2169 3456 a
2192 3393 2491 3475 praelato,
2518 3395 2583 3456 et
2605 3394 2744 3457 inde

226 3506 355 3580 est,
398 3505 487 3567 ut
529 3501 615 3566 ab
647 3519 718 3565 90
758 3500 991 3567 irritari
1022 3519 1144 3564 non
1182 3497 1400 3580 possit.

323 3604 557 3670 Addit
591 3623 642 3667 s.
677 3603 859 3686 Alph.
899 3623 959 3665 n.
1002 3603 1174 3665 233.:
1209 3618 1403 3681 neque
1450 3599 1687 3681 Papam
1721 3616 1900 3680 posse
1946 3597 2062 3661 1109
2095 3597 2312 3660 votum
2360 3594 2626 3659 irritare.
2660 3595 2742 3659 Et

221 3710 406 3774 ratio
446 3708 567 3772 est
602 3704 962 3769 Salmantic.
996 3703 1070 3767 de
1126 3702 1276 3766 Voto
1307 3721 1441 3784 cap.
1469 3701 1530 3763 3.
1558 3721 1615 3764 n.
1645 3699 1774 3775 38„
1803 3698 1949 3780 quia
1984 3696 2105 3781 ipsi
2137 3697 2436 3779 competit
2466 3699 2744 3780 potestas

217 3811 592 3876 irritativa
641 3808 845 3873 solum
892 3807 1197 3890 quatenus
1260 3808 1354 3869 est
1402 3822 1726 3886 supremus
1775 3801 2091 3883 praelatus
2145 3799 2331 3864 huius
2379 3800 2743 3886 Religionis.

216 3914 443 3997 Atqui
477 3912 575 3976 ut
606 3910 923 3993 praelatus
954 3908 1141 3972 huius
1172 3906 1515 3991 Religionis
1547 3923 1667 3969 non
1695 3906 1791 3968 est
1821 3922 2009 3985 supra
2041 3902 2138 3967 ius
2171 3921 2495 3968 commune
2519 3905 2744 3970 tollens

214 4035 254 4080 a
280 4011 639 4101 praelatis
666 4011 1028 4077 facultatem
1060 4011 1211 4074 haec
1232 4012 1381 4073 vota
1404 4006 1759 4072 irritandi*
1787 4005 1957 4086 Quae
1988 4006 2150 4070 ratio
2177 4009 2272 4071 est
2295 4006 2479 4071 nimis
2505 4006 2742 4072 debilis.

208 4121 401 4187 Nam
440 4121 561 4184 ita
599 4116 769 4199 Papa
802 4135 1126 4199 supremus
1173 4115 1488 4198 praelatus
1522 4112 1869 4197 Religionis
1915 4112 2212 4195 cuiusque
2260 4110 2593 4175 censendus
2626 4113 2741 4187 est,

206 4227 287 4291 ut
324 4242 477 4290 non
531 4218 629 4284 sit
673 4218 837 4283 intra
886 4218 1271 4302 Religionem
1321 4216 1425 4281 sed
1472 4218 1645 4280 extra
1683 4217 1746 4279 et
1779 4234 1968 4298 supra
2013 4215 2244 4298 ipsam:
2284 4232 2407 4276 non
2439 4213 2533 4275 est
2570 4229 2739 4294 ergo,

203 4349 328 4393 9111·
366 4327 591 4409 Papa
621 4322 755 4385 iure
793 4320 1104 4385 communi
1137 4319 1595 4404 Religiosorum
1629 4320 1935 4382 teneatur.
1971 4315 2087 4381 Sed
2120 4316 2195 4382 cf.
2231 4315 2304 4379 de
2335 4315 2450 4379 hac
2486 4333 2551 4378 re
2583 4332 2742 4396 quae

199 4431 537 4497 dicemus
591 4423 670 4486 tr.
706 4422 815 4487 IX.
848 4443 899 4488 c.
938 4425 996 4487 1.
1030 4423 1144 4488 sub
1181 4423 1238 4505 ἓ.
1273 4419 1570 4485 XXXIII.
1607 4423 1668 4484 et
1705 4419 1937 4484 XLIII.
1965 4420 1999 4457 *

387 4688 727 4731 Bnmtmn.
756 4698 807 4707 —
838 4673 1007 4717 Horal.
1038 4672 1171 4715 Tom.
1204 4672 1274 4713 11.
2580 4662 2635 4704 33
