3497 5147
754 311 860 367 402
1089 322 1301 364 ruer.
1328 321 1408 362 111.
1437 320 1599 360 suffr.
1619 320 1684 359 11.
1710 321 1795 360 nn
1821 320 2100 364 snourmo
2121 324 2339 367 rme.
2367 323 2693 366 11111οΑ10111.
2725 323 2848 364 cu.
2875 323 2912 362 1.
3038 307 3161 381 [524]

844 421 1107 485 Interim
1155 418 1425 495 adverte,
1474 416 1723 481 difficile
1772 437 1903 482 esse
1961 422 2256 499 statuere,
2320 420 2566 504 quando
2630 419 2828 504 gravis
2881 419 2958 482 sit
3009 418 3160 499 culpa

761 522 962 606 quoad
1000 542 1125 599 eOS,
1161 521 1269 603 qui
1315 539 1570 584 causam
1617 520 1834 601 utique
1877 522 2222 586 retractant
2267 523 2331 586 et
2390 524 2683 588 conatum
2729 521 2978 602 aliquem
3020 518 3164 582 adhi-

760 627 928 703 bent,
966 626 1077 707 qui
1125 627 1333 689 tamen
1382 642 1504 687 non
1552 642 1792 705 semper
1822 624 1906 687 sit
1935 624 2235 689 intensus,

866 765 934 818 X.
968 767 1016 816 8.
1047 762 1237 816 Interim
1281 760 1479 828 plurimi
1517 769 1815 814 excusantur
1839 764 1904 814 ob
1940 760 2342 816 inadvertenliam
2379 763 2429 816 iu
2466 762 2626 816 subita
2656 761 2978 819 commotione.
3008 758 3167 813 tametsi

763 863 857 902 non
898 847 1019 901 satis
1044 860 1283 900 excusare
1313 845 1538 898 videatur
1565 847 1695 911 quod
1721 844 1918 911 quidam
1945 846 2095 913 aiunt,
2120 847 2181 900 iis
2213 847 2381 900 verbis
2407 847 2538 901 aliud
2572 863 2626 900 se
2666 861 2757 899 non
2785 845 3030 906 intendere,
3053 857 3169 908 quam

768 947 1007 1000 usurpare
1033 937 1277 996 tamquam
1301 928 1667 982 interiectiones
1691 929 2040 992 significativas
2064 930 2168 985 irae
2206 946 2353 999 suae3
2378 939 2481 984 tum
2525 930 2635 996 quia
2663 944 2815 995 aeque
2843 943 2892 981 se
2917 935 3093 994 possunt
3113 940 3172 979 as·

764 1022 1015 1072 suefacere
1052 1018 1113 1070 ad
1153 1018 1306 1068 verba
1344 1013 1437 1067 alia
1475 1014 1578 1067 irae
1616 1022 1664 1067 el
1691 1015 1850 1068 seriae
1879 1017 2143 1070 voluntatis
2170 1016 2510 1082 significativa,
2544 1023 2648 1069 tum
2688 1014 2813 1082 quia,
2836 1011 3010 1067 tametsi
3030 1011 3072 1063 id
3095 1024 3171 1062 non

764 1107 983 1170 possent,
1009 1099 1325 1153 nihilominus
1365 1114 1459 1151 uon
1499 1099 1694 1152 videtur
1733 1099 1881 1153 licere
1921 1116 2160 1167 usurpare
2199 1117 2272 1164 ea,
2299 1118 2424 1167 quae
2465 1117 2525 1155 ex
2565 1099 2808 1155 communi
2834 1095 3170 1165 apprehensione

767 1187 975 1240 aliorum
1014 1193 1126 1238 sunt
1165 1184 1507 1238 inhonorativa
1549 1185 1655 1237 Dei.

861 1285 1037 1359 524.
1072 1288 1261 1366 Nota,
1289 1288 1393 1371 agi
1419 1286 1493 1351 de
1517 1288 1718 1351 verbis
1751 1308 1910 1371 quae
1940 1309 2049 1372 per
2079 1308 2142 1354 se
2174 1291 2492 1355 continent
2527 1288 3040 1354 inhonorationem
3066 1282 3175 1356 Dei,

770 1411 892 1456 non
917 1411 1111 1468 seeuS,
1142 1410 1212 1455 ac
1242 1390 1424 1454 resol.
1452 1408 1587 1472 sup.
1616 1392 1677 1453 4.
1712 1389 1926 1470 Quoad
1955 1392 2473 1458 inadverteutiam
2498 1393 2653 1457 satis
2678 1392 2953 1464 diximus,
2977 1385 3177 1470 quando

768 1497 833 1559 et
878 1497 1185 1577 quatenus
1232 1512 1521 1558 excusare
1570 1493 1768 1575 possit
1798 1494 1978 1558 resol.
2015 1516 2213 1578 praee.
2250 1495 2468 1575 Quoad
2516 1515 2640 1576 eos,
2677 1495 2786 1577 qui
2832 1493 2995 1558 aiunt
3035 1509 3088 1554 se
3125 1507 3179 1552 ea

770 1599 954 1662 verba
987 1598 1274 1662 adhibere
1312 1616 1423 1660 eeu
1467 1597 1924 1662 interiectiones
1958 1600 2095 1676 etc„
2131 1599 2292 1663 idem
2340 1600 2668 1665 dicendum
2707 1600 2800 1663 est
2833 1616 2899 1661 ae
2935 1612 3096 1677 supra
3123 1589 3179 1652 ad

767 1700 948 1764 resol.
997 1701 1058 1763 4.
1100 1700 1174 1765 de
1205 1700 1302 1776 iis,
1338 1698 1446 1780 qui
1496 1699 1701 1762 solum
1741 1703 1958 1764 contra
2007 1701 2164 1766 alios
2211 1721 2333 1766 non
2384 1704 2595 1766 autem
2635 1703 2851 1766 contra
2893 1699 3091 1769 Deum,
3130 1710 3182 1755 ea

768 1822 1069 1885 usurpare
1118 1823 1181 1866 se
1213 1803 1446 1865 dicunt.

862 1905 1153 1969 Ceterum
1186 1904 1389 1985 quoad
1416 1905 1654 1987 praxim
1694 1904 1964 1982 adverte,
2006 1905 2176 1969 aliud
2214 1925 2363 1984 esse,
2390 1906 2556 1988 quod
2588 1906 2917 1989 theologus
2939 1899 3182 1984 disputet,

773 2032 850 2076 an
898 2013 1222 2075 excusetur
1253 2011 1318 2073 in
1356 2029 1504 2074 casu
1535 2030 1666 2073 mos
1711 2012 1848 2084 istc,
1886 2012 2073 2088 aliud,
2110 2033 2187 2076 an
2236 2014 2553 2098 poenitens
2592 2032 2664 2077 ea
2690 2010 2992 2097 gravitate
3025 2023 3185 2090 pecca-

771 2113 966 2188 verit3
1027 2114 1252 2196 quippe
1298 2131 1588 2176 mensura
1634 2112 1914 2176 malitiae
1961 2114 2339 2179 subiectivae
2373 2134 2493 2179 non
2540 2117 2634 2179 est
2683 2113 2958 2179 doctrina
3001 2107 3188 2174 theolo-

773 2215 932 2299 gica,
967 2214 1092 2278 nisi
1127 2214 1447 2297 poenitens
1479 2213 1607 2277 iam
1637 2213 1982 2278 instructus
2031 2218 2371 2280 censeatur.

865 2317 1202 2401 Egregium
1250 2319 1345 2380 est
1390 2316 1701 2380 monitum
1755 2316 1852 2392 A„
1901 2318 1977 2380 ut
2029 2319 2410 2401 poenitentes
2458 2319 2799 2384 doceantur
2831 2318 2980 2381 alios
3019 2310 3191 2377 modos

774 2418 1063 2482 adhibere
1110 2418 1497 2503 significandi
1544 2417 2034 2503 indignationem
2104 2422 2166 2485 et
2235 2422 2459 2486 seriam
2513 2421 2927 2485 voluntatem.
2973 2413 3192 2480 Facilius

777 2522 1004 2606 quippe
1038 2522 1343 2587 obtinebis
1390 2522 1465 2586 ut
1496 2522 1618 2586 alia
1652 2522 1840 2587 verba
1875 2521 2225 2599 adhibeant,
2268 2543 2458 2607 quam
2489 2525 2561 2589 ut
2594 2524 2802 2589 verbis
2840 2519 3194 2605 indignabun-

776 2626 871 2689 dis
909 2626 1186 2708 parcant.

885 2770 971 2822 Xl.
998 2771 1048 2821 9.
1085 2769 1230 2835 Quod
1269 2767 1310 2820 si
1351 2782 1468 2820 vero
1507 2768 1617 2834 quis
1642 2769 1688 2823 in
1716 2770 1788 2823 ira
1817 2778 1984 2824 contra
2029 2771 2291 2836 hominem,
2322 2787 2416 2826 non
2457 2772 2755 2838 indignando
2800 2776 2919 2835 Deo,
2946 2772 3026 2824 sed
3048 2762 3196 2821 homini

774 2861 981 2916 tantum,
1006 2854 1135 2907 nude
1162 2852 1378 2906 nominet
1407 2861 1612 2907 mortem
1635 2855 1742 2921 Dei,
1763 2862 1948 2921 septem
1975 2859 2285 2910 Sacramenta
2307 2872 2354 2910 v,
2374 2872 2447 2922 gr.
2470 2872 2500 2910 0
2537 2857 2631 2912 Dei
2655 2872 2830 2920 mors,
2857 2854 3113 2912 vulnera!
3128 2856 3197 2903 etc·

775 2937 880 2992 sine
906 2939 1135 2992 seandalo
1158 2944 1207 2991 et
1232 2938 1336 2992 sine
1363 2938 1424 2991 iis
1449 2938 1843 3001 circumstantiiS,
1868 2939 2046 3005 quihus
2085 2949 2398 3009 contemptus
2422 2941 2730 3008 importatur,
2755 2958 2851 2996 non
2878 2947 2985 2994 sunt
3022 2938 3199 3019 blasphe-

776 3022 918 3088 miae,
949 3025 1035 3077 sed
1064 3038 1187 3076 vana
1221 3023 1477 3090 usurpatio
1518 3024 1724 3078 nominis
1751 3024 1920 3087 divini.
1948 3029 2041 3079 hoc
2071 3033 2333 3094 praecepto
2367 3026 2613 3095 prohibita
2653 3033 2705 3081 et
2737 3035 2985 3093 peecatum
3007 3023 3118 3077 inter
3139 3032 3198 3070 ve-

776 3109 924 3164 nialia
950 3124 1119 3174 grave,
1149 3116 1200 3162 ut
1225 3109 1380 3162 Caiet.
1413 3116 1461 3162 et
1488 3109 1689 3162 Armilla
1718 3112 1782 3163 V.
1813 3109 2190 3179 Blasphemiae
2215 3120 2263 3166 et
2288 3115 2506 3166 Sanchez
2533 3126 2699 3179 supra.
2728 3114 3010 3181 Quanquam
3035 3111 3196 3175 propter

778 3193 1051 3260 periculum
1089 3191 1334 3246 incidendi
1358 3192 1406 3245 in
1449 3193 1776 3260 blasphemias
1815 3200 1864 3246 et
1894 3194 2006 3259 quia
2033 3209 2149 3248 raro
2178 3198 2318 3250 abest
2356 3197 2637 3250 scandalum
2675 3211 2733 3251 ae
2774 3194 3076 3250 nihilominus
3097 3185 3197 3255 apud

779 3278 1033 3330 audientes
1062 3279 1194 3330 Deus
1228 3277 1429 3343 eiusque
1468 3292 1605 3332 saera
1647 3285 1910 3331 censentur
1946 3279 2248 3343 inhonorari,
2280 3295 2392 3334 raro
2431 3290 2731 3335 excusantur
2771 3279 3028 3343 et,merito
3049 3279 3197 3330 abster-

780 3369 950 3414 reulur
988 3361 1209 3415 homines
1248 3377 1275 3414 a
1312 3362 1553 3416 similibus
1591 3362 1752 3427 dietis,
1780 3371 1831 3416 ut
1872 3370 2006 3417 notat
2045 3366 2213 3429 Laym.
2240 3362 2275 3417 l.
2303 3382 2345 3418 c.

871 3466 1049 3540 525.
1075 3469 1217 3535 Huc
1241 3471 1551 3554 pertinent
1574 3471 1913 3537 formulae:
1943 3472 2079 3537 Per
2101 3472 2330 3550 Deum,
2342 3495 2466 3555 per
2499 3473 2840 3553 Christum,
2863 3495 2983 3555 per
3012 3470 3204 3548 Corpus

781 3571 930 3649 Dei,
967 3593 1090 3652 per
1138 3572 1542 3655 Sanquinem‚
1578 3594 1702 3653 per
1759 3574 1966 3656 Caput
2008 3581 2114 3640 etc.
2166 3577 2265 3641 vel
2330 3578 2722 3661 simpliciter:
2783 3576 3035 3657 Corpus,
3081 3569 3206 3637 San·

782 3677 926 3758 quis
972 3674 1119 3751 Dei,
1178 3674 1439 3751 Christi,
1488 3675 1574 3739 B.
1635 3676 1919 3759 Wryz'm's
1955 3682 2062 3741 etc.
2092 3699 2114 3740 .·
2149 3679 2255 3743 ubi
2302 3679 2665 3758 notandum,
2701 3679 2865 3761 quod
2900 3677 3094 3762 potius
3119 3673 3207 3735 hae

789 3777 908 3841 dici
958 3778 1249 3843 deberent
1278 3779 1515 3843 formae
1560 3780 1825 3843 iurandi.

879 3881 970 3944 De
1036 3880 1132 3944 his
1182 3881 1453 3945 Escobar
1482 3882 1589 3946 lib.
1625 3884 1728 3946 28.
1767 3905 1824 3947 11.
1861 3884 2048 3948 570.:
2092 3910 2125 3941 «
2159 3884 2495 3950 Nominare
2528 3887 2628 3951 vel
2663 3886 2871 3951 iurare
2918 3904 3020 3969 per
3061 3893 3212 3945 mem·

784 3984 899 4048 bra
938 3981 1175 4048 Christi
1204 3983 1485 4061 honesta,
1536 3985 1665 4049 scil.
1722 4006 1829 4068 per
1876 3986 2006 4049 eius
2057 3990 2264 4069 caput,
2314 4006 2536 4071 corpus
2584 3991 2647 4053 et
2694 3988 3069 4073 sanguinem,
3113 3980 3211 4044 bla-

781 4090 1062 4173 sphemia
1108 4089 1245 4166 erit,
1287 4089 1341 4153 si
1379 4110 1486 4173 per
1516 4090 1772 4154 modum
1805 4092 2199 4175 contemptus
2234 4095 2345 4156 aut
2377 4093 2681 4158 irrisionis
2721 4092 3118 4177 proferatur...
3148 4081 3214 4145 At

780 4194 835 4255 si
880 4211 1001 4256 non
1037 4212 1144 4276 per
1168 4192 1422 4257 modum
1449 4193 1737 4276 vituperii
1775 4197 1836 4257 et
1874 4194 2150 4266 convitii,
2191 4194 2293 4257 sed
2336 4195 2411 4258 ad
2437 4213 2733 4279 magnam
2771 4193 3050 4258 veritatis
3073 4204 3217 4267 exag-

785 4295 1174 4379 gerationem
1222 4296 1372 4359 haec
1411 4297 1595 4361 verba
1631 4298 2027 4379 usurpentur,
2062 4297 2422 4380 blasphema
2459 4316 2580 4362 non
2615 4299 2794 4362 erunt
2828 4298 2892 4361 et
2922 4295 3071 4359 forte
3095 4283 3216 4369 (nisi

791 4395 956 4460 adsit
986 4397 1375 4481 scandalum)
1414 4400 1595 4481 culpa
1642 4400 1971 4475 carebunt3
2007 4400 2154 4482 quia
2211 4420 2407 4483 neque
2445 4401 2506 4464 111
2565 4400 2918 4465 substantia
2955 4412 3131 4477 neque
3168 4389 3218 4451 in

790 4499 973 4565 modo
1023 4499 1259 4563 dicendi
1309 4503 1439 4566 Deo
1489 4502 1636 4565 sunt
1681 4502 1981 4567 iniuriosa
2015 4529 2074 4567 ».
2117 4503 2216 4567 Ita
2266 4505 2327 4567 et
2361 4502 2629 4581 Silvest.,
2664 4502 2913 4567 Valent.
2943 4501 3004 4564 et
3032 4489 3220 4562 Sanch.

792 4603 902 4689 qui
950 4602 1106 4667 alios
1143 4602 1363 4669 Decal.
1397 4605 1505 4668 lib.
1534 4605 1594 4668 2.
1622 4623 1754 4687 cap.
1792 4604 1896 4668 32.
1937 4626 1995 4669 n.
2033 4607 2137 4669 29.
2174 4607 2426 4690 allegat.
