3497 5147
372 361 525 437 [952]
1052 379 1133 419 An
1173 380 1251 420 Εἰ·
1287 379 1613 428 Quousoun
1650 379 1875 421 momi-
1910 380 2160 422 nannum
2735 367 2843 422 705

373 470 543 535 tione
591 469 670 534 ad
715 470 981 548 licitum,
1014 471 1325 553 quomodo
1374 491 1630 556 possum
1678 491 1750 536 ex
1797 492 1967 537 mero
2017 474 2342 556 praecepto
2381 472 2674 556 principis
2722 494 2844 537 cre·

375 571 533 650 dere,
584 573 750 656 quod
796 572 1038 637 iustum
1083 573 1186 650 sit,
1223 573 1387 655 quod
1434 573 1782 658 praecipit?
1828 575 2070 639 Debent
2116 592 2262 658 ergo
2311 593 2671 639 concurrere
2719 574 2844 639 alia

374 675 815 739 adminicula...
851 674 929 737 ad
960 673 1344 740 inferendum
1378 675 1531 740 illud
1566 676 1883 759 probabile
1914 675 2234 754 iudicium,
2260 695 2477 759 nempe
2502 675 2842 760 principem

371 797 430 841 v.
465 798 560 862 gr.
599 796 724 842 non
761 780 1011 854 temere,
1046 777 1152 842 sed
1198 778 1530 861 prudenter
1577 779 1774 843 solere
1812 779 2176 863 praecipere,
2219 779 2414 843 solere
2447 778 2725 863 cogitare
2768 778 2841 842 de

371 897 560 944 causa
605 880 774 944 iusta
820 879 985 957 belli,
1034 896 1158 944 non
1204 897 1334 944 esse
1382 879 1618 961 aliquid
1664 881 1828 945 clare
1876 881 2024 945 belli
2070 880 2451 944 iniustitiam
2491 879 2835 958 ostendens,

371 983 578 1066 plures
623 982 958 1048 timoratae
1005 982 1412 1046 conscientiae
1443 982 1586 1046 huic
1619 982 1786 1065 parti
1834 983 2161 1047 adhaerere
2208 985 2271 1046 et
2308 983 2603 1047 similia...
2638 982 2839 1046 Aliter

370 1084 693 1150 dicendum
740 1086 924 1159 esset,
956 1086 1009 1149 si
1053 1085 1287 1149 bellum
1333 1084 1496 1149 inter
1526 1084 1832 1168 principes
1871 1084 2145 1149 infideles
2184 1085 2248 1149 et
2278 1084 2619 1149 haereticos
2652 1087 2834 1149 esset.

369 1187 543 1252 Tunc
574 1188 739 1253 enim
782 1207 923 1252 cum
956 1204 1171 1251 eorum
1203 1187 1611 1252 conscientiae
1649 1205 1773 1252 non
1807 1189 2017 1270 posset
2049 1185 2381 1270 prudenter
2413 1186 2592 1251 miles
2624 1186 2829 1263 fidere,

369 1291 595 1375 quippe
625 1292 735 1374 qui
777 1290 853 1355 de
896 1290 1143 1356 iustitia
1175 1291 1324 1355 belli
1352 1309 1574 1374 parum
1621 1295 1864 1369 curant,
1900 1292 2137 1355 attente
2185 1290 2570 1355 considerare
2602 1293 2665 1354 et
2697 1310 2837 1354 exa·

367 1392 604 1458 minare
643 1393 890 1458 deberet
918 1392 1066 1457 belli
1093 1392 1407 1457 iustitiam
1438 1393 1504 1457 et
1532 1412 1808 1468 causam,
1836 1393 1910 1457 ut
1940 1394 2150 1476 posset
2179 1391 2478 1456 iudicium
2509 1391 2668 1456 illud
2699 1411 2836 1475 pro·

368 1494 572 1560 babile
608 1494 875 1560 formare
907 1521 969 1558 ».
1414 1552 1422 1561 .

458 1597 677 1678 Quoad
722 1597 798 1662 A.
831 1597 983 1663 dicit
1028 1597 1102 1661 de
1147 1617 1269 1664 non
1316 1597 1602 1677 subditis,
1645 1597 1898 1663 extende
1933 1598 2010 1662 ad
2042 1597 2345 1674 subditoS,
2380 1597 2489 1678 qui
2520 1598 2737 1681 sponte
2769 1615 2834 1661 se

369 1700 635 1765 militiae
668 1700 982 1765 addicunt.

479 1843 603 1896 LlV.
636 1844 716 1895 ⁸2.
744 1842 881 1895 Miles
918 1841 1197 1906 intelligens
1234 1843 1415 1895 bellum
1455 1856 1565 1896 esse
1594 1841 1844 1905 iniustum,
1868 1842 1919 1895 in
1946 1857 2043 1909 quo
2068 1848 2161 1906 est,
2187 1854 2283 1894 non
2311 1848 2474 1909 potest
2496 1841 2708 1907 absolvi,
2733 1842 2829 1897 nisi

368 1926 505 1993 velit,
528 1940 673 1993 quum
710 1926 921 1995 primum
958 1933 1136 1993 potest,
1160 1940 1338 1981 curare
1374 1925 1708 1980 dimissionem
1750 1934 1799 1980 et
1836 1927 2023 1981 interea
2064 1925 2311 1981 abstinere
2349 1930 2410 1980 ab
2449 1926 2641 1981 actibus
2680 1928 2831 1982 hosti·

367 2012 534 2077 litatis,
566 2012 705 2066 verbi
729 2011 887 2077 gratia
922 2014 1089 2077 caede,
1117 2014 1300 2080 praeda
1332 2018 1429 2067 etc.
1462 2013 1525 2066 V.
1554 2014 1723 2078 Laym.
1756 2016 1785 2066 Ι.
1815 2016 1865 2066 2.
1895 2019 1930 2065 t.
1961 2014 2008 2066 3.
2036 2027 2077 2067 c.
2114 2015 2190 2065 12.
2219 2014 2294 2066 An
2333 2020 2495 2066 autem
2536 2011 2648 2067 talis
2672 2013 2834 2080 possit

365 2097 589 2153 occidere
627 2096 828 2152 militem
866 2096 1094 2152 hostilem
1132 2112 1187 2151 se
1223 2097 1536 2151 invadentem
1576 2113 1624 2151 v.
1652 2101 1832 2151 Escob.
1858 2112 1903 2151 e.
1929 2100 1980 2152 7.
2009 2112 2051 2151 e.
2082 2101 2128 2150 8.

460 2217 635 2292 952.
670 2220 888 2302 Quoad
919 2220 1185 2305 primam
1234 2222 1497 2304 partem,
1533 2221 1702 2285 certa
1752 2220 1960 2285 omnia
1998 2220 2146 2284 sunt
2176 2221 2240 2284 et
2269 2222 2479 2285 totum
2509 2220 2833 2305 negotium

365 2324 429 2388 in
462 2341 532 2388 eo
565 2324 853 2398 vertitur,
885 2324 962 2388 ut
998 2323 1295 2388 doceatur
1328 2322 1530 2400 miles,
1567 2322 1878 2405 quomodo
1928 2342 2070 2387 cum
2115 2322 2375 2388 minimo
2423 2323 2522 2387 sui
2559 2323 2830 2405 periculo

364 2425 713 2491 satisfaciat
760 2425 962 2491 officio
1011 2444 1144 2490 suo.
1194 2425 1266 2488 In
1314 2444 1437 2507 quo
1470 2423 1628 2490 illud
1660 2425 2053 2490 recolendum
2087 2426 2201 2502 est,
2236 2424 2371 2490 dari
2419 2425 2730 2502 adiuncta,
2766 2426 2828 2490 in

363 2529 589 2612 quibus
637 2527 836 2594 vitam
881 2546 992 2612 pro
1038 2526 1287 2592 iustitia
1332 2526 1720 2611 profundere,
1773 2547 1880 2594 seu
1910 2528 2288 2614 martyrium
2319 2527 2528 2593 evadit
2557 2546 2832 2593 necessa-

362 2633 547 2711 rium,
581 2653 640 2697 v.
674 2652 769 2717 gr.
802 2631 859 2696 si
892 2632 1094 2696 morte
1129 2629 1478 2708 damnetur,
1513 2650 1584 2695 eo
1616 2631 1778 2713 quod
1813 2650 1936 2697 non
1969 2631 2154 2696 feriat
2182 2631 2304 2696 nisi
2334 2650 2557 2696 aerem.

451 2733 670 2815 Quoad
702 2737 763 2797 2.
797 2734 1040 2817 partem
1086 2733 1223 2797 DD.
1257 2733 1618 2798 concedunt.
1667 2758 1701 2791 «
1736 2732 1801 2797 Si
1849 2733 2076 2816 aliquis
2122 2733 2188 2798 in
2234 2734 2416 2810 bello,
2455 2733 2622 2815 quod
2667 2734 2829 2799 bona

360 2837 478 2903 fide
525 2837 776 2922 putavit
805 2837 1064 2914 iustum,
1097 2836 1162 2900 in
1207 2835 1343 2919 ipso
1391 2838 1604 2900 tamen
1652 2835 1944 2900 conflictu
1991 2836 2125 2901 eius
2161 2836 2539 2902 iniustitiam
2571 2836 2831 2922 agnovit

360 2942 424 3005 et
457 2940 607 3005 dum
641 2938 829 3024 fugit,
862 2937 1034 3003 videt
1062 2936 1488 3002 adversarium
1524 2937 1971 3020 insequentem,
2006 2957 2190 3020 quem
2229 2938 2497 3022 effugere
2527 2956 2650 3003 non
2697 2939 2831 3022 pot-

360 3044 473 3122 est,
521 3042 642 3108 nisi
688 3060 830 3107 eum
879 3039 1139 3117 occidat,
1190 3058 1370 3123 posse
1416 3039 1481 3103 in
1530 3040 1630 3105 sui
1676 3039 2092 3105 defensionem
2141 3059 2284 3105 eum
2333 3041 2631 3114 occidere;
2681 3042 2829 3122 quia

359 3165 502 3211 cum
546 3165 759 3211 revera
805 3145 1094 3220 innocens
1143 3143 1245 3220 sit,
1279 3161 1404 3207 non
1438 3144 1533 3206 est
1581 3143 1808 3228 dignus
1857 3145 2078 3220 morte,
2114 3162 2303 3225 quam
2336 3142 2724 3207 adversarius
2773 3144 2828 3207 ei

358 3251 498 3314 vult
527 3250 769 3328 inferre,
809 3249 910 3314 cui
942 3249 997 3313 si
1027 3249 1100 3313 de
1132 3248 1396 3313 veritate
1427 3249 1761 3327 constaret,
1804 3247 2051 3313 deberet
2089 3267 2230 3313 eum
2261 3247 2606 3330 relinquere
2637 3274 2699 3311 ».
2726 3249 2826 3312 Ita

357 3351 596 3418 Melina
634 3354 698 3417 et
734 3350 885 3417 Soto
920 3352 1085 3436 apud
1116 3350 1296 3435 Lugo
1327 3350 1403 3413 de
1451 3349 1612 3414 Just.
1650 3350 1806 3433 disp.
1839 3352 1940 3415 lo.
1977 3371 2036 3414 n.
2077 3351 2223 3413 144.
2259 3351 2410 3413 haec
2443 3351 2655 3417 tamen
2691 3352 2826 3415 reii-

358 3455 621 3521 oientem
651 3476 711 3520 n.
752 3455 921 3533 146„
957 3454 1063 3518 sed
1101 3452 1290 3518 debili
1322 3453 1583 3516 ratione.

448 3557 715 3624 Adverte
747 3560 977 3634 tamen,
1017 3574 1141 3621 non
1188 3573 1370 3639 aegre
1406 3572 1586 3637 posse
1632 3553 1784 3617 haec
1813 3553 2037 3628 vitari3
2078 3553 2303 3635 quippe
2334 3552 2514 3617 miles
2560 3553 2624 3616 in
2670 3552 2823 3637 fuga

358 3663 566 3745 potest
594 3680 660 3725 se
690 3659 929 3736 dedere,
955 3679 1080 3742 qua
1104 3657 1415 3724 deditione
1442 3655 1626 3733 facta,
1652 3656 1931 3721 moribus
1963 3656 2091 3719 iam
2112 3655 2437 3719 inductum
2462 3657 2574 3733 est,
2602 3656 2678 3719 ut
2701 3673 2822 3720 non

357 3764 578 3829 debeat
609 3763 821 3829 occidi.

446 3864 735 3932 Ceterum
769 3867 929 3932 alius
962 3885 1161 3942 casus,
1197 3865 1305 3948 qui
1342 3883 1474 3929 rem
1514 3863 1807 3938 declarat,
1846 3861 1922 3926 ad
1954 3880 2210 3926 manum
2243 3862 2370 3925 est:
2404 3860 2568 3946 finge
2615 3879 2824 3943 quem-

357 3969 542 4054 piam,
578 3971 685 4053 qui
722 3990 794 4035 ex
832 3989 1032 4035 errore
1064 3969 1472 4053 persequatur
1505 3968 1567 4030 te
1601 3967 1904 4047 tanquam
1957 3965 2263 4029 latronem
2299 3966 2436 4042 eto„
2465 3965 2613 4046 quia
2638 3965 2825 4046 putat

354 4074 419 4137 te
465 4075 758 4156 paratum
805 4072 883 4136 ad
930 4070 1328 4137 occidendum
1358 4090 1417 4133 v.
1452 4089 1545 4155 gr.
1589 4071 1832 4153 patrem
1880 4067 2047 4131 eius:
2098 4067 2375 4149 nunquid
2422 4086 2545 4130 non
2592 4066 2824 4149 poteris

353 4174 637 4240 resistere
684 4176 748 4239 et
796 4175 923 4239 vim
968 4173 1260 4256 repellere
1307 4174 1372 4236 et
1419 4172 1613 4237 etiam
1661 4190 1856 4253 usque
1907 4169 1984 4234 ad
2031 4169 2399 4235 occisionem
2446 4187 2587 4232 cum
2620 4166 2824 4232 mode-

352 4277 593 4342 ramine
624 4277 981 4361 inculpatae
1010 4275 1294 4341 tutelae?

514 4619 778 4662 Rammium
810 4640 859 4649 —
888 4613 1057 4659 Horat.
1087 4614 1237 4656 Tomo
1263 4611 1332 4655 Π.
2595 4609 2652 4652 45
