3497 5147
712 364 822 418 248
929 377 1143 417 rnac‘r.
1179 379 1259 419 vr.
1287 377 1448 417 secr.
1478 379 1516 417 1.
1546 378 1629 417 DE
1655 377 1849 417 Panto
1877 376 2091 416 punse.
2120 376 2448 416 1130110001.
2477 375 2611 415 CAP.
2641 377 2679 414 1.
2706 375 2847 416 nnn.
2876 377 2939 415 11.
3027 363 3182 431 [339]

711 476 937 548 censet,
976 494 1094 538 non
1127 493 1258 538 esse
1292 474 1740 557 obligationem
1774 474 1832 538 id
1860 473 2219 556 explicandi,
2260 472 2506 553 quando
2539 473 2713 536 nulla
2752 473 2874 536 alia
2901 476 3174 555 peccata,

710 595 869 657 quae
917 578 1098 658 pacto
1148 595 1429 658 expresso
1480 576 1733 659 adiungi
1783 576 2002 649 solent,
2063 576 2573 643 intercesseruntz
2623 575 2967 639 formaliter
3014 577 3179 641 enim

709 676 873 741 idem
921 682 1243 760 peccatum
1293 678 1555 741 videtur.

820 818 947 871 vm.
979 821 1123 886 Resp.
1155 823 1201 872 3.
1235 819 1498 881 Divinatio,
1527 834 1650 885 quae
1679 823 1730 872 sst
1765 834 1852 886 per
1877 826 2036 871 actum
2077 832 2363 884 expressum
2390 824 2560 882 etqua
2590 819 2804 869 Daemon
2843 831 3081 883 expresse
3107 819 3177 871 in·

710 910 930 966 vocatur,
960 905 1186 957 excusari
1213 919 1307 958 non
1336 912 1497 972 potest
1522 920 1548 957 a
1578 904 1801 971 mortali;
1830 919 1935 956 eam
1964 918 2102 959 vero,
2128 918 2253 968 quae
2280 906 2331 955 tlt
2358 917 2448 969 per
2471 910 2632 955 actum
2660 908 2844 955 tantum
2871 903 3176 968 implicitum,

712 987 973 1053 aliquando
1010 990 1232 1042 excusari
1257 1005 1284 1042 a
1312 990 1507 1043 mortali
1532 989 1730 1055 quidam
1759 997 1996 1052 asserunt,
2033 988 2259 1040 videlicet
2300 996 2428 1047 tunc,
2458 1001 2569 1038 cum
2609 990 2686 1038 vel
2712 986 2972 1039 intercedit
2998 987 3176 1054 simpli-

709 1072 836 1125 citas
868 1080 916 1125 et
940 1073 1211 1136 ignorantia
1241 1090 1336 1127 non
1363 1089 1525 1127 crassa
1555 1090 1708 1139 neque
1750 1076 1987 1136 affectata,
2019 1076 2093 1124 vet
2126 1074 2246 1125 tides
2276 1080 2408 1124 certa
2440 1086 2532 1123 non
2561 1070 2840 1136 adhibetur,
2867 1075 2951 1124 sed
2993 1079 3173 1126 tantum

711 1155 859 1208 timor
885 1157 1082 1221 quidam
1110 1167 1193 1211 aut
1219 1158 1435 1225 suspicio
1463 1158 1738 1223 concipitur
1769 1167 1973 1209 eventus
1996 1156 2159 1210 futuri.
2184 1159 2350 1219 Laym.
2381 1159 2410 1207 Ι.
2436 1156 2481 1207 t.
2505 1163 2565 1207 tr.
2593 1157 2672 1207 te.
2696 1171 2737 1207 c.
2766 1157 2815 1208 3.
2840 1159 3020 1209 Sanch.
3041 1159 3172 1210 Less.

711 1244 853 1292 Suar.
881 1241 1034 1294 Caiet.
1065 1245 1199 1295 Bald.
1226 1250 1262 1295 t.
1290 1245 1337 1295 3.
1368 1245 1399 1296 l.
1429 1242 1477 1295 4.
1500 1245 1547 1294 d.
1576 1245 1623 1293 3.
1647 1258 1692 1294 n.
1722 1246 1771 1294 2.
1800 1249 1889 1293 etc.
1919 1257 1977 1294 eo
2017 1244 2143 1307 quod
2171 1248 2284 1292 tunc
2321 1238 2655 1305 superstitiosa
2685 1253 2799 1291 vere
2833 1254 2928 1291 non
2957 1240 3037 1304 sit,
3062 1256 3172 1293 011111

711 1325 919 1378 intentio
948 1341 1041 1378 non
1070 1326 1133 1380 sit
1159 1326 1287 1380 talis,
1319 1329 1381 1379 V.
1411 1331 1551 1381 Suar.
1583 1330 1716 1379 Less,
1738 1330 1914 1379 Sanch.
1939 1329 2104 1389 Laym.
2132 1326 2286 1380 Caiet.
2312 1327 2491 1377 Navar.
2518 1326 2654 1387 Sayr.
2685 1325 2881 1377 Valent.
2908 1334 2958 1378 et
2981 1328 3174 1379 Tanner

711 1411 760 1463 d.
787 1411 838 1462 5.
867 1410 932 1463 de
961 1411 1067 1464 net.
1094 1427 1140 1477 q.
1166 1414 1216 1465 7.
1244 1412 1370 1478 disp.
1400 1415 1520 1466 1.ιι.
1549 1415 1631 1464 21.
1660 1420 1709 1464 et
1735 1412 1782 1463 d.
1812 1415 1860 1463 2.
1887 1426 1934 1463 11.
1962 1412 2046 1463 25.
2405 1429 2408 1432 ⁴

803 1515 980 1587 339.
1030 1519 1343 1584 Malitiam
1383 1519 1792 1585 invocationis
1840 1520 2208 1585 daemonum
2257 1519 2343 1582 sic
2390 1518 2603 1600 paucis
2633 1536 2682 1580 s.
2707 1517 2983 1582 Thomas
3016 1521 3077 1582 2.
3112 1523 3171 1584 2.

708 1639 769 1702 q.
805 1622 909 1683 95.
948 1624 1064 1685 art.
1094 1624 1152 1685 4.
1177 1645 1190 1686 ε
1220 1624 1432 1687 Omnis
1457 1623 1760 1687 divinatio
1793 1648 1827 1679 «ι
1852 1641 2009 1703 quae
2056 1624 2130 1684 fit
2155 1641 2260 1703 per
2308 1621 2727 1685 invocationes
2775 1616 3170 1699 daemonum,

709 1725 805 1787 est
836 1724 1056 1788 illicita
1089 1726 1320 1808 duplici
1351 1726 1610 1790 ratione.
1639 1724 1917 1804 Quarum
1950 1725 2148 1806 prima
2181 1724 2452 1787 sumitur
2483 1742 2553 1786 ex
2579 1724 2753 1805 parte
2775 1724 3062 1807 principii
3091 1725 3174 1790 di-

708 1826 1044 1890 vinationis
1080 1829 1242 1909 quod
1276 1829 1511 1893 scilicet
1557 1830 1652 1892 est
1697 1829 1949 1909 pactum
1985 1845 2260 1908 expresse
2293 1845 2436 1889 cum
2477 1825 2772 1889 daemone
2806 1825 3036 1890 initum
3071 1848 3175 1911 per

706 1928 909 2009 ipsam
948 1930 1264 1994 daemonis
1298 1931 1773 1995 invocationem.
1810 1930 1890 1992 Et
1921 1930 2037 1994 hoc
2068 1930 2163 1992 est
2196 1929 2443 1992 omnino
2475 1928 2834 1991 illicitum...
2877 1931 2942 1991 et
2973 1929 3172 1995 adhuc

706 2031 964 2113 gravius
1012 2035 1191 2108 esset,
1242 2034 1293 2097 si
1342 2034 1707 2097 sacrificium
1770 2033 1865 2095 vel
1924 2032 2264 2095 reverentia
2327 2031 2612 2096 daemoni
2666 2032 2957 2096 invocato
3014 2034 3172 2097 exhi-

710 2132 960 2197 beretur
992 2159 1053 2197 ».

806 2260 840 2293 «
874 2235 1149 2302 Secunda
1182 2259 1325 2304 vero
1351 2242 1511 2305 ratio
1538 2241 1809 2304 sumitur
1840 2260 1910 2303 ex
1936 2244 2111 2322 parte
2149 2241 2343 2304 futuri
2370 2244 2644 2305 eventus,
2680 2243 2962 2308 Daemon
2987 2246 3168 2320 enim,

706 2338 813 2420 qui
837 2338 1105 2405 intendit
1128 2343 1533 2424 perditionem
1558 2344 1902 2417 hominum,
1924 2361 1993 2405 ex
2027 2342 2383 2407 huiusmodi
2408 2344 2537 2406 suis
2576 2347 2904 2427 responsis
2923 2348 3169 2412 etiamsi

708 2440 1042 2522 aliquando
1081 2464 1224 2508 vera
1260 2445 1443 2519 dicat,
1484 2444 1752 2513 intendit
1782 2445 2060 2509 homines
2095 2445 2473 2509 assuefacere
2499 2446 2574 2509 ad
2607 2447 2741 2525 hoc,
2777 2449 2942 2530 quod
2969 2451 3172 2515 01010-

707 2542 913 2619 datur,
942 2548 1005 2609 et
1028 2547 1115 2610 sic
1151 2547 1419 2611 intendit
1449 2546 1777 2629 perducere
1807 2547 1870 2610 in
1912 2547 2164 2628 aliquid,
2201 2547 2364 2629 quod
2400 2549 2484 2613 sit
2519 2549 2710 2614 saluti
2744 2553 3036 2618 nocivum
3064 2581 3124 2618 ».

798 2647 885 2709 Ea
918 2648 1241 2725 divinatio,
1270 2667 1428 2730 quae
1452 2649 1524 2712 fit
1551 2651 1801 2713 tantum
1829 2669 1935 2733 per
1962 2654 2168 2714 actum
2196 2651 2588 2733 implicitum,
2616 2655 2712 2718 est
2741 2675 2849 2737 per
2875 2675 2940 2720 se
2972 2658 3166 2732 mala:

706 2748 827 2810 etsi
864 2750 1002 2828 quis
1040 2751 1420 2832 protestetur
1466 2769 1529 2815 se
1578 2769 1611 2813 a
1660 2752 1907 2817 diabolo
1955 2772 2077 2817 non
2125 2755 2348 2835 petere,
2384 2774 2447 2817 se
2477 2757 2642 2820 nolle
2672 2758 2872 2821 ullum
2907 2778 3052 2823 cum
3101 2779 3168 2825 eo

702 2852 1140 2915 commercium
1188 2853 1429 2917 habere.
1464 2854 1729 2918 Factum
1776 2856 1940 2918 enim
1987 2857 2187 2919 verbis
2227 2857 2339 2919 aut
2385 2857 2528 2920 huic
2560 2859 2890 2924 intentioni
2929 2866 3171 2927 contra-

704 2953 882 3027 dicit;
912 2954 1051 3017 vult
1075 2956 1239 3018 enim
1270 2955 1455 3020 homo
1496 2956 1781 3020 absolute
1816 2958 2048 3038 aliquid
2087 2977 2283 3030 nosse,
2318 2959 2422 3021 sed
2457 2960 2617 3024 unde
2647 2962 3025 3027 naturaliter
3056 2964 3170 3027 scit

701 3076 825 3120 non
859 3076 1035 3139 posse
1068 3060 1384 3142 cognosci:
1413 3060 1554 3123 vult
1584 3067 1730 3143 erg‘o
1773 3061 2072 3124 auxilium
2113 3061 2369 3124 alterius
2401 3062 2827 3147 intelligentiS‚
2860 3084 2988 3130 non
3025 3085 3169 3132 vero

703 3160 819 3223 Dei
846 3161 958 3223 aut
984 3160 1185 3243 angeli
1219 3161 1363 3225 boni
1389 3162 1520 3225 eius
1545 3163 1850 3225 ministri:
1881 3164 2047 3225 Deus
2073 3163 2234 3226 enim
2268 3182 2339 3226 ea
2373 3165 2576 3228 media
2607 3185 2730 3230 non
2754 3167 3043 3232 instituit
3064 3189 3170 3234 nec

701 3280 775 3324 ea
813 3281 971 3325 vana
1006 3263 1306 3327 desideria
1352 3265 1601 3346 probat:
1638 3283 1785 3346 ergo
1834 3265 2134 3328 auxilium
2182 3267 2338 3347 petit
2384 3267 2793 3352 intelligentis
2824 3270 3166 3348 daemonis,

701 3363 811 3445 qui
859 3363 953 3426 his
1001 3364 1261 3428 libenter
1306 3385 1369 3429 se
1417 3366 1742 3429 immiscet.
2479 3392 2484 3396 ·

792 3466 1042 3546 Utique,
1072 3469 1145 3530 ut
1168 3466 1459 3543 dicemus,
1488 3467 1798 3551 contingit
1828 3469 2017 3532 talem
2043 3469 2488 3536 divinationem
2519 3474 2796 3538 excusari
2829 3475 3166 3541 identidem

702 3588 739 3632 a
771 3568 1053 3644 mortali;
1098 3569 1174 3632 ab
1213 3587 1283 3632 ea
1324 3572 1533 3634 tamen
1565 3570 1911 3634 deterrendi
1948 3572 2155 3636 fideles
2204 3575 2351 3637 sunt
2386 3593 2575 3655 quam
2606 3577 2902 3641 maxime:
2940 3580 3006 3642 et
3056 3580 3168 3643 hae

699 3672 1175 3736 consuetudines
1222 3673 1469 3755 penitus
1517 3674 1933 3758 extirpandae.

790 3769 971 3843 340.
994 3775 1335 3839 Diserimen
1371 3777 1703 3858 gravitatis
1727 3778 1890 3840 inter
1914 3797 2262 3860 expressam
2287 3781 2350 3841 et
2374 3779 2632 3842 tacitam
2656 3779 2746 3842 sie
2767 3784 3168 3864 prosequitur

700 3872 1021 3958 Laymann
1048 3876 1152 3939 lib.
1183 3879 1242 3940 4.
1264 3879 1444 3942 tract.
1474 3881 1571 3942 10.
1592 3898 1723 3962 cap.
1753 3881 1993 3943 3.n.4.:
2017 3880 2333 3943 Divinatio
2367 3899 2474 3962 per
2501 3881 2876 3963 implicitum
2910 3887 3162 3968 pactum

697 3978 905 4041 minus
938 3980 1147 4062 gravis
1181 3982 1244 4043 et
1275 3981 1621 4062 periculusa
1656 3985 1769 4044 est.
1811 3983 1876 4042 1⁰
1915 4005 1948 4037 «
1975 3980 2131 4059 Quia
2171 3983 2492 4063 peccatum
2524 3982 2928 4049 divinationis
2960 3987 3025 4050 in
3051 3988 3163 4052 1100

695 4082 962 4146 maxime
1000 4082 1304 4158 consistit,
1340 4083 1503 4163 quod
1535 4083 1925 4147 idololatriae
1963 4083 2268 4146 rationem
2316 4085 2591 4166 aliquam
2628 4087 2980 4170 participet,
3015 4090 3158 4153 dum

696 4185 883 4249 homo
917 4186 1079 4248 hunc
1112 4185 1406 4248 honorem
1433 4184 1717 4248 daemoni
1743 4184 1986 4259 tribuit,
2021 4187 2095 4248 ut
2129 4186 2205 4248 ab
2235 4186 2368 4267 ipso
2395 4186 2742 4252 divinitatis
2775 4192 3157 4257 aemulatore

697 4287 781 4361 id,
818 4288 981 4366 quod
1016 4287 1124 4350 Dei
1160 4287 1479 4369 proprium
1508 4290 1620 4361 est,
1656 4305 1861 4350 rerum
1892 4289 2274 4351 occultarum
2307 4290 2746 4355 revelationem
2779 4295 2984 4374 petat:
3013 4296 3156 4359 haec

699 4389 909 4450 autem
948 4389 1308 4453 deformitas
1334 4389 1587 4472 gravior
1623 4390 1719 4451 est
1742 4389 1793 4452 si
1821 4408 2095 4471 expresse
2120 4390 2446 4455 daemones
2482 4393 2863 4470 invocentur,
2891 4415 3081 4478 quam
3103 4398 3152 4460 si

696 4488 929 4570 aliquid
964 4490 1094 4567 fiat,
1131 4492 1231 4555 cui
1263 4491 1522 4573 dignum
1561 4480 1646 4552 sit
1677 4491 1748 4554 ut
1781 4490 2040 4555 daemon
2069 4511 2132 4555 se
2166 4492 2427 4576 ingerat,
2454 4496 2528 4557 ut
2561 4495 2649 4557 ait
2684 4514 2731 4558 s.
2773 4496 2997 4562 Thom.
3023 4499 3062 4562 1.
3100 4519 3148 4562 c.

692 4612 752 4674 q.
782 4594 886 4657 95.
917 4595 1033 4657 art.
1072 4595 1132 4657 3.
1161 4594 1237 4657 ad
1270 4594 1325 4656 1.
1353 4591 1623 4667 Accedit,
1651 4593 1816 4674 quod
1841 4596 2075 4676 quanto
2101 4596 2300 4660 maior
2323 4601 2387 4660 et
2408 4595 2751 4662 evidentior
2774 4604 2871 4664 est
2890 4602 3148 4666 societas
