3497 5147
711 351 819 404 298
918 364 1129 404 1111101.
1161 363 1242 404 vr.
1274 360 1435 402 sacr.
1463 362 1502 400 1.
1527 361 1613 400 ma
1637 359 1829 402 ramo
1853 361 2068 401 101100.
2095 361 2425 402 1111010001.
2448 361 2587 401 car.
2610 361 2675 400 11.
2703 359 2844 401 nun.
2877 361 2941 401 11.
3028 344 3172 419 [402]

706 460 1072 542 intelligere,
1107 462 1181 523 ut
1205 457 1632 522 contradicant
1665 459 1802 521 tum
1826 458 2264 541 superioribuS,
2299 459 2438 520 tum
2477 458 2573 533 iis,
2614 475 2773 538 quae
2818 457 3048 520 ibidem
3081 476 3173 521 as·

708 566 1017 634 seruntur,
1054 562 1287 626 scilicet
1309 560 1608 642 quaedam
1638 580 1768 623 csse
1800 561 2147 642 inconyrua
2170 560 2243 624 ob
2277 561 2834 639 sanctificationem
2857 558 2997 634 loci,
3029 560 3173 624 licet

709 666 771 728 in
811 684 874 728 se
899 664 1066 728 mala
1098 683 1219 728 non
1255 664 1400 726 sint.

795 763 977 836 402.
1028 764 1289 830 Constat
1338 783 1486 848 ergo
1535 765 1962 840 auctoritatae,
2011 766 2237 846 quibus
2286 783 2361 828 ea
2407 763 2691 828 doctrina
2750 764 3169 847 promovetur,

707 870 913 934 nullas
944 888 1094 933 0330.
1134 868 1313 932 Νο110
1360 867 1432 931 de
1481 868 1866 951 argumentis
1897 868 2261 931 intrinsecis,

795 972 885 1036 Ea
923 972 1313 1036 desumemus
1360 990 1431 1034 ex
1465 969 1791 1033 Dicastillo
1825 972 2007 1033 tract.
2048 972 2148 1033 10.
2182 972 2256 1034 cle
2303 969 2598 1033 Matr-im.
2640 970 2796 1052 disp.
2833 971 2894 1033 9.
2928 968 3076 1032 dub.
3111 972 3169 1032 ὃ.

709 1096 767 1138 11.
820 1075 961 1137 57.;
1009 1074 1155 1137 licet
1201 1074 1363 1137 enim
1412 1073 1510 1136 hic
1557 1073 1775 1135 auctor
1820 1072 2196 1135 contrariam
2244 1076 2307 1136 et
2351 1091 2744 1136 communem
2799 1071 3172 1135 sententiam

708 1180 887 1240 vocet
909 1173 1487 1254 probabilissimam
1534 1176 1597 1238 et
1640 1175 1705 1237 in
1753 1175 1927 1256 praxi
1973 1174 2360 1250 servandam,
2411 1179 2620 1238 tamen
2668 1174 2859 1237 etiam
2908 1173 3173 1236 alteram

707 1296 867 1341 novo
908 1277 1177 1358 quodam
1201 1277 1266 1341 in
1289 1278 1493 1360 logica
1526 1276 1810 1360 prodigio
1835 1279 2020 1340 vocat
2044 1277 2426 1359 probabilem
2453 1295 2523 1339 ac
2547 1276 2767 1339 multis
2790 1275 3174 1358 probabilem

708 1380 903 1443 videri
935 1380 1127 1443 addit.

796 1484 1137 1563 Postquam
1188 1502 1332 1565 crgo
1382 1485 1445 1546 et
1499 1482 1669 1564 ipsae
1718 1483 2144 1558 auctoritateS,
2194 1499 2352 1563 quas
2403 1480 2819 1556 meminimus,
2863 1481 3176 1564 agglome-

706 1585 870 1648 ravit
915 1584 1030 1666 (a),
1066 1585 1178 1648 has
1227 1584 1507 1668 egregias
1554 1584 1829 1648 rationes
1876 1584 2124 1667 promit.

794 1687 1006 1750 Prima
1054 1688 1174 1750 est:
1216 1687 1412 1750 Actus
1459 1685 1805 1770 coniugalis
1851 1686 1914 1749 in
1961 1686 2098 1750 loco
2146 1704 2320 1750 sacro
2367 1686 2432 1749 111
2468 1686 2686 1768 primis
2731 1704 2854 1750 non
2901 1689 2998 1749 est
3045 1687 3175 1749 iure

706 1790 979 1853 naturali
1028 1789 1379 1871 prohibitus
1426 1808 1535 1852 nec
1582 1788 1813 1864 divino,
1853 1792 1926 1850 ut
1943 1793 2137 1866 patet.

796 1891 979 1964 Illud,
1008 1896 1078 1952 ut
1097 1895 1294 1970 patet,
1330 1892 1575 1966 evincit,
1610 1891 1921 1954 interdum
1962 1891 2264 1971 quosdam
2313 1890 2772 1954 subtilitatibus
2817 1908 2890 1954 eo
2932 1891 3173 1964 adduci,

708 1996 780 2056 ut
810 2010 1059 2056 sensum
1100 2010 1488 2056 communem
1535 1993 1827 2056 abiecisse
1874 1992 2220 2056 videantur.
2254 1993 2737 2076 InterrogemuS,
2779 2011 2858 2056 an
2889 1993 3024 2056 iure
3072 2012 3178 2057 na-

707 2095 900 2159 turali
937 2095 1035 2157 vel
1081 2094 1289 2158 divino
1335 2095 1733 2158 interdictum
1767 2094 1852 2157 sit
1881 2094 1944 2156 in
1978 2095 2247 2159 ecclesiis
2281 2099 2538 2159 vendere
2569 2095 2804 2169 vinum,
2840 2095 3004 2159 cibos
3037 2114 3178 2177 por·

706 2199 905 2281 rigere
952 2200 1014 2261 et
1048 2217 1083 2260 a
1115 2198 1264 2261 bene
1301 2197 1467 2279 potis
1500 2197 1751 2260 choreas
1799 2197 2046 2261 institui
2094 2199 2159 2261 et
2193 2197 2403 2262 ludere
2444 2198 2578 2261 alea
2626 2200 2740 2262 aut
2775 2198 2923 2281 pila,
2963 2199 3175 2262 lavare

707 2318 942 2383 pannos
990 2301 1103 2363 aut
1149 2299 1463 2371 scutellas,
1498 2299 1719 2362 habere
1751 2299 2014 2363 lectulos
2047 2304 2110 2363 et
2155 2301 2422 2365 dormire
2455 2302 2569 2364 etc.

793 2403 987 2467 Porro
1021 2403 1074 2466 si
1105 2402 1239 2484 ipsa
1264 2404 1491 2466 natura
1522 2403 1674 2465 duce
1700 2403 1979 2466 homines
2004 2403 2187 2466 rudes
2214 2406 2278 2467 et
2301 2403 2573 2485 impoliti
2607 2403 2686 2468 ab
2715 2403 2812 2474 his
2838 2403 3173 2468 abhorrent

706 2509 770 2571 et
799 2507 1054 2589 templo,
1095 2506 1259 2587 quod
1308 2509 1402 2569 est
1450 2505 1564 2569 Dei
1609 2505 1830 2568 domus
1868 2508 1931 2568 et
1976 2506 2082 2568 ubi
2131 2508 2263 2569 tam
2309 2504 2626 2570 tremenda
2672 2505 2971 2590 mysteria
3020 2506 3174 2569 cele-

705 2612 985 2685 brantur,
1034 2614 1265 2674 norunt
1295 2612 1453 2673 hanc
1481 2610 1890 2673 reverentiam
1922 2610 2329 2689 deferendam,
2365 2613 2440 2675 ut
2484 2630 2607 2675 non
2644 2612 2764 2675 11131
2809 2613 3172 2694 compositis

705 2713 1003 2784 vestibus,
1036 2712 1280 2776 incessu
1317 2715 1431 2776 etc.
1464 2712 1622 2777 illud
1655 2712 2005 2776 adeundum
2037 2714 2260 2795 putent
2306 2715 2371 2777 et
2405 2713 2468 2777 in
2506 2713 2641 2795 ipso
2680 2713 2780 2776 vel
2810 2732 3035 2795 spuere
3073 2734 3172 2776 ve-

705 2816 978 2889 reantur,
1013 2814 1238 2878 nedum
1270 2815 1394 2877 alia
1440 2815 1680 2878 ratione
1711 2815 1957 2879 foedare
2006 2817 2070 2880 et
2107 2815 2451 2897 profanare:
2501 2818 2685 2880 erunt-
2730 2815 3033 2900 theologi,
3068 2818 3170 2898 qui

705 2919 1026 2998 quaerant,
1064 2936 1141 2979 an
1188 2917 1320 2980 iure
1352 2920 1613 2981 naturae
1651 2917 1934 2981 indecens
1973 2917 2185 2981 haberi
2218 2916 2440 2982 debeat
2468 2917 2549 2993 id,
2585 2916 2750 2999 quod
2789 2938 2861 2981 ex
2894 2919 3168 2982 omnium

704 3038 885 3084 3011311
932 3020 997 3083 et
1041 3020 1346 3083 sententia
1395 3019 1962 3083 indecentissimum
2009 3022 2106 3083 est
2152 3038 2222 3083 ac
2253 3020 2522 3083 tenebris
2569 3039 2641 3084 ac
2684 3023 2920 3085 secreto
2969 3021 3167 3085 solum

704 3122 1259 3188 committendum?
1305 3122 1386 3186 Et
1418 3123 1510 3185 sin
1559 3122 1764 3185 minus
1813 3124 1888 3185 ut
1934 3121 2135 3203 turpis
2184 3123 2346 3186 actio
2393 3115 2607 3187 haberi
2653 3122 2921 3200 deberet,
2972 3143 3168 3187 nonne

704 3226 928 3290 saltem
967 3226 1040 3288 ut
1086 3224 1342 3306 profana
1391 3224 1620 3287 censeri
1651 3224 1832 3287 debet
1863 3243 2215 3307 repugnans
2248 3224 2626 3289 reverentiae
2658 3225 2850 3288 sacris
2890 3225 3044 3289 locis
3074 3225 3171 3288 de-

706 3327 920 3391 bitae?
954 3327 1122 3391 Haec
1147 3328 1353 3391 autem
1384 3345 1582 3390 nonne
1606 3326 1702 3389 lex
1727 3327 1860 3408 ipsa
1886 3329 2148 3390 naturae
2174 3328 2537 3409 proclamat,
2563 3328 2743 3409 plane
2767 3327 2865 3391 vel
2891 3346 3167 3411 paganos

703 3429 1012 3494 idolorum
1044 3429 1314 3493 cultores
1346 3428 1462 3492 hoc
1494 3428 1656 3491 idem
1689 3427 1944 3492 docuit?

792 3533 1044 3598 Paucis:
1080 3534 1291 3596 ratum
1321 3533 1417 3595 est
1447 3531 1528 3608 id,
1564 3530 1728 3611 quod
1761 3531 1965 3595 solum
1989 3550 2204 3596 sensus
2235 3532 2492 3596 humani
2517 3533 2793 3614 expertes
2822 3533 3160 3617 negabunt,

784 3806 848 3851 (a)
880 3803 1069 3843 Auctor
1100 3801 1180 3842 1110
1210 3814 1234 3841 0
1264 3814 1353 3843 suo
1382 3813 1516 3853 penu
1538 3802 1591 3843 in
1612 3804 1762 3843 tract.
1789 3802 1842 3844 de
1871 3802 2050 3853 Sacris.
2072 3801 2196 3854 disp.
2218 3801 2259 3842 4.
2281 3800 2397 3843 dub.
2420 3801 2460 3842 7.
2484 3814 2534 3842 n.
2556 3801 2650 3842 121.
2672 3800 2863 3855 allegat
2893 3802 3162 3857 Angelum.

702 3869 809 3911 0011.
830 3868 890 3909 (10
910 3867 1156 3917 Olavasio,
1179 3869 1325 3909 cuius
1344 3868 1535 3911 Summa
1554 3868 1743 3910 dieitur
1766 3867 2003 3922 Anaetica,
2025 3868 2090 3909 ad
2123 3866 2181 3911 V.
2206 3868 2418 3910 Debitum
2444 3866 2695 3920 cun-‘uque
2721 3878 2937 3911 numero
2967 3870 3161 3913 ultimo.

704 3935 780 3978 En
810 3935 983 3987 itaque
1013 3934 1166 3975 verba
1198 3935 1378 3989 Augeli
1407 3936 1468 3978 (10
1497 3934 1730 3977 Olavasio
1761 3936 1794 3977 1.
1816 3949 1859 3977 0.
1889 3948 1940 3977 n.
1960 3935 2055 3978 35.:
2085 3952 2104 3971 c
2125 3934 2279 3977 Sexta
2307 3934 2498 3977 dicitur
2523 3935 2882 3977 convenientia
2903 3936 3018 3987 loci,
3044 3936 3165 3991 quia

704 4015 794 4045 non
821 4002 943 4043 debet
964 4002 1065 4052 fleri
1092 4002 1142 4041 in
1172 4000 1265 4043 loco
1291 4013 1439 4043 sacro.
1473 4001 1615 4044 Unde
1646 4002 1687 4043 si
1717 4007 1792 4043 est
1823 4003 2144 4044 consecratus
2174 4002 2325 4053 locus,
2359 4004 2518 4054 peccat
2555 4001 2812 4045 mor-taliter
2839 4005 2935 4046 tam
2968 4007 3162 4057 eximus,

698 4081 839 4124 quam
868 4068 1078 4117 reddens,
1105 4070 1295 4120 propter
1322 4071 1625 4121 contemptam
1655 4068 1952 4111 sacramenti
1977 4067 2255 4111 secundum
2287 4067 2616 4120 Alexandr...,
2635 4069 2678 4111 σι’
2697 4080 2790 4112 vum
2816 4072 2881 4112 eit
2905 4074 3161 4122 0000001100,

698 4140 902 4193 propter
920 4147 1075 4190 quam
1095 4146 1196 4177 non
1217 4134 1370 4188 possit
1394 4146 1686 4189 cognoscere
1708 4135 1757 4176 in
1780 4133 1881 4176 alio
1898 4135 2022 4185 loco,
2043 4140 2102 4177 ut
2133 4140 2258 4189 puta
2285 4134 2409 4191 quia
2437 4134 2686 4178 violenter
2714 4139 2837 4179 eunt
2857 4138 3048 4180 reclusi
3075 4150 3164 4193 per

700 4206 905 4257 longum
926 4213 1148 4255 tempus;
1173 4203 1291 4254 quia
1313 4206 1437 4243 tunc
1465 4206 1595 4244 esset
1624 4201 1684 4243 de
1706 4201 1832 4243 bono
1856 4201 2063 4243 consilio
2079 4201 2346 4252 abstinere,
2371 4214 2471 4244 non
2492 4201 2552 4243 de
2576 4207 2854 4255 praecepte.
2878 4202 3165 4247 Concor-dat.

697 4269 974 4312 Riccardus
993 4270 1045 4312 in
1072 4270 1112 4310 4.
1137 4268 1253 4310 dist.
1283 4267 1352 4310 82.
1375 4274 1473 4309 art..
1496 4270 1537 4309 ὃ.
1567 4281 1617 4320 q.
1651 4268 1707 4317 1.,
1738 4265 1825 4309 sed
1854 4267 2034 4310 Petrus
2062 4267 2122 4311 de
2153 4267 2395 4311 Paluda...
2425 4270 2567 4311 tenet
2596 4267 2896 4311 indistincte
2923 4271 3060 4323 quod
3088 4276 3166 4313 est

697 4335 933 4388 mortale3
968 4336 1049 4378 sed
1081 4348 1180 4377 non
1202 4336 1374 4377 credas
1404 4335 1465 4376 01.
1496 4334 1597 4375 Nec
1629 4333 1767 4375 valet
1796 4332 1902 4375 eius
1932 4335 2081 4384 rat-ic,
2103 4348 2169 4377 sc.
2203 4335 2334 4389 quod
2366 4335 2513 4377 nulla
2543 4335 2608 4377 sit
2636 4336 2909 4379 necessitas
2947 4337 3080 4380 sieut
3107 4338 3162 4380 in

696 4404 869 4454 urina3
891 4403 992 4444 imo
1012 4403 1187 4454 maior,
1207 4414 1360 4455 quam
1379 4400 1494 4453 quis
1514 4405 1612 4442 stet
1633 4399 1780 4441 iuxta
1802 4400 1968 4453 ignem
1988 4400 2135 4455 longo
2164 4406 2388 4453 tempore
2419 4404 2468 4444 et
2496 4412 2596 4444 non
2626 4399 2843 4445 calefiat.
2874 4402 2979 4445 Nec
3008 4405 3166 4447 ctiam

696 4470 801 4512 alia
830 4470 978 4521 ratio,
1005 4483 1075 4513 00.
1112 4469 1233 4523 quia
1262 4467 1400 4509 locus
1440 4465 1711 4518 polluitur3
1745 4468 1868 4520 quia
1901 4468 2116 4520 pollutio
2154 4472 2407 4511 nocturna
2447 4468 2602 4512 etiam
2642 4467 2697 4509 in
2734 4469 2922 4512 somnis
2959 4470 3168 4523 polluit,

698 4539 869 4580 tamen
910 4549 1007 4579 non
1042 4541 1116 4581 est
1149 4536 1441 4589 peceatum
1474 4532 1584 4575 ideo
1626 4536 1743 4576 tene
1782 4546 1898 4576 cum
1937 4535 2080 4577 Alex.
2123 4540 2174 4577 et
2203 4534 2448 4577 Riccardo
2478 4553 2517 4575 ι.
2549 4534 2682 4588 Ergo
2711 4540 2759 4576 et
2791 4535 2873 4578 hic
2907 4535 3167 4580 fallaciter

697 4603 987 4647 adducitur.
