3497 5147
348 342 531 411 [1055]
1358 353 1445 394 nn
1480 349 1804 392 1111111)Δο10
2712 330 2820 388 783

351 455 546 519 Porro
580 451 632 516 si
680 451 772 515 ita
819 451 931 526 est,
967 449 1212 532 quoties
1244 449 1372 532 ipse
1405 449 1716 512 humanus
1750 447 2070 512 convictus
2101 445 2324 530 exiget,
2377 446 2449 508 ut
2495 464 2672 509 sensa
2705 464 2819 509 sua

350 557 551 620 celare
576 554 735 618 alios
765 552 953 617 liceat
975 571 1085 616 nec
1105 550 1350 615 aliunde
1377 550 1681 614 abstinere
1706 550 1892 614 homo
1917 548 2115 632 possit
2140 567 2176 611 a
2198 547 2530 624 locutione,
2557 548 2822 612 cessabit

353 656 631 741 profecto
653 655 766 719 illa
798 654 1109 738 exigentia
1141 652 1400 717 humani
1424 652 1767 726 convictus,
1801 652 1875 714 ut
1906 651 2085 735 signa
2117 652 2367 715 externa
2400 649 2822 731 adaequentur

354 758 639 823 interiori
685 755 1038 839 conceptui3
1095 755 1222 820 imo
1282 754 1407 818 alia
1464 753 1775 838 exigentia
1844 752 2117 818 eiusdem
2178 752 2435 816 humani
2504 751 2820 816 convictus

357 859 758 936 subintrabit,
791 857 959 940 quod
1005 875 1221 940 nempe
1267 857 1454 921 liceat
1502 856 1816 920 occultare
1861 856 2211 920 veritatem.
2244 853 2373 919 Cur
2418 872 2565 939 ergo
2615 854 2678 917 iu
2727 853 2824 917 de-

356 963 637 1028 finitione
659 959 964 1025 mendacii
989 958 1225 1041 aliquid
1271 978 1393 1024 non
1444 958 1713 1035 additur,
1748 976 1870 1040 quo
1919 958 2051 1021 eius
2076 957 2322 1021 malitia
2369 957 2596 1022 clarius
2629 956 2822 1040 signi-

356 1065 598 1140 ficetur,
629 1064 706 1128 ut
751 1062 837 1126 sit
868 1060 1193 1124 nimirum:
1234 1060 1459 1124 locutio
1506 1062 1727 1123 contra
1756 1064 2019 1124 mentem
2049 1079 2225 1123 secus
2269 1078 2344 1122 ac
2376 1059 2577 1141 exiyit
2611 1057 2822 1121 huma·

360 1187 483 1230 nus
527 1164 838 1229 convictus
855 1163 891 1226 ,9
1172 1221 1179 1234 ,

450 1267 914 1334 Advertendum
947 1285 1089 1332 vero
1129 1268 1242 1343 661,
1292 1266 1457 1349 quod
1503 1266 1621 1331 hoc
1657 1267 1842 1349 pacto
1874 1265 2048 1330 nulla
2084 1284 2298 1348 reapse
2345 1283 2506 1329 nova
2544 1264 2824 1330 doctrina

365 1371 751 1455 proponitur.
785 1370 996 1434 Licere
1042 1388 1180 1434 earn
1210 1370 1691 1451 responsionem,
1725 1387 1918 1450 quarn
1963 1368 2245 1450 superius
2293 1367 2580 1441 (1111111116,
2616 1384 2826 1430 01111166

364 1472 744 1539 concedunt:
778 1471 1104 1536 discrimen
1136 1473 1232 1535 est
1277 1472 1339 1534 in
1389 1471 1519 1535 eius
1566 1469 1873 1534 reddenda
1904 1469 2147 1534 ratione
2178 1488 2288 1534 seu
2333 1469 2397 1533 in
2445 1466 2823 1551 explicando,

367 1573 678 1657 quomodo
724 1591 847 1637 non
894 1572 979 1636 sit
1022 1572 1413 1637 mendacium
1459 1573 1522 1636 et
1555 1571 1966 1637 communiter
1994 1590 2278 1636 recursus
2302 1570 2376 1634 fit
2413 1571 2490 1634 ad
2520 1570 2828 1634 theoriam

362 1677 444 1741 de
479 1676 871 1741 restrictione
892 1674 1174 1752 mentali,
1210 1693 1368 1756 quae
1400 1677 1549 1739 tunc
1586 1675 1753 1738 licite
1789 1674 2136 1751 adhibetur,
2170 1692 2310 1738 cum
2343 1674 2441 1737 ius
2481 1674 2594 1748 est,
2621 1691 2832 1737 6661111-

370 1779 520 1846 dum
573 1778 773 1862 ipsam
826 1777 1202 1862 exigentiam
1246 1777 1554 1841 humanae
1602 1777 1940 1853 societatis,
1991 1776 2301 1841 occultare
2347 1776 2677 1840 veritatem
2723 1793 2832 1839 nec

364 1883 685 1968 integrum
716 1883 812 1947 est
858 1883 1081 1946 tacere.
1131 1880 1351 1945 Nonne
1398 1881 1596 1945 satius
1631 1882 1793 1944 esset
1822 1880 2041 1956 dicere,
2080 1898 2317 1945 cessare
2365 1881 2515 1944 tunc
2560 1878 2831 1961 (quoties

370 1985 606 2050 scilicet
635 1983 946 2049 restrictio
993 1978 1285 2048 mentalis
1332 1983 1505 2047 licita
1553 1984 1675 2065 est)
1722 1983 1926 2067 legem
1958 1983 2433 2065 praecipientem
2464 1983 2540 2046 ut
2569 1981 2834 2046 exterior

371 2086 605 2151 locutio
651 2086 1072 2150 conformetur
1102 2085 1384 2151 interiori
1415 2086 1665 2149 sensui?

462 2187 822 2270 Respondeo
860 2188 918 2250 1.
950 2186 1256 2272 Magnum
1293 2206 1425 2252 esse
1455 2187 1781 2252 discrimen
1829 2189 1990 2253 inter
2028 2188 2186 2251 hanc
2221 2186 2533 2252 theoriam
2564 2187 2628 2250 et
2657 2185 2834 2248 illam

375 2289 451 2355 de
493 2290 883 2354 restrictione
926 2289 1205 2354 mentali.
1241 2287 1399 2355 Cum
1446 2291 1609 2355 enim
1640 2290 1792 2355 haec
1823 2290 1991 2356 licite
2040 2289 2387 2364 adhibetur,
2422 2289 2522 2353 vel
2566 2290 2701 2373 ipsa
2748 2289 2836 2353 lo·

368 2393 568 2469 cutio,
599 2410 759 2475 quae
814 2392 1149 2474 aequivoca
1197 2395 1309 2466 est,
1346 2393 1444 2457 vel
1492 2392 1997 2457 circumstantiae
2044 2393 2240 2456 reales
2270 2392 2625 2468 locutionis,
2674 2391 2837 2456 exhi-

374 2496 525 2561 bent
568 2514 817 2561 sensum
863 2514 1099 2572 verum,
1133 2495 1520 2561 reconditum
1566 2495 1816 2579 quidem
1845 2495 1952 2560 sed
1985 2496 2092 2579 qui
2138 2495 2388 2560 tandem
2440 2496 2517 2560 ab
2550 2495 2837 2560 audiente

375 2599 607 2683 percipi
652 2601 892 2682 posset:
927 2598 1085 2663 unde
1134 2617 1372 2681 semper
1406 2597 1580 2663 adest
1612 2599 2018 2665 conformitas
2063 2599 2399 2664 locutionis
2431 2619 2573 2663 611111
2610 2598 2835 2663 11161116.

378 2702 453 2766 111
481 2718 643 2765 nova
667 2718 813 2764 vero
844 2699 1085 2764 theoria
1119 2700 1267 2764 haec
1309 2700 1444 2783 ipsa
1482 2701 1889 2767 conformitas
1928 2702 2297 2767 excluditur.

471 2804 654 2886 Resp.
692 2803 757 2865 2.
791 2802 963 2866 Haec
992 2820 1152 2867 nova
1186 2802 1514 2887 explicatio
1549 2821 1670 2866 non
1704 2807 1799 2868 est
1831 2804 2192 2881 necessaria,
2226 2824 2368 2869 cum
2402 2804 2478 2868 ad
2518 2804 2724 2869 omnia
2756 2804 2845 2867 in-

379 2907 706 2974 commoda
753 2905 1009 2970 vitanda
1055 2906 1327 2971 sufficiat
1372 2925 1524 2971 usus
1572 2908 1980 2973 restrictionis
2012 2910 2323 2974 mentalis.
2373 2910 2508 2974 Imo
2557 2928 2629 2973 ea
2660 2908 2847 2991 expli-

378 3010 545 3077 catio
592 3008 810 3091 nequit
847 3007 1134 3072 omnibus
1165 3008 1410 3073 casibus
1449 3008 1767 3073 inservire.
1803 3008 1923 3089 Qui
1971 3012 2134 3075 enim
2167 3031 2258 3076 ex.
2292 3031 2385 3097 gr.
2434 3011 2605 3075 licite
2642 3012 2846 3074 utitur

381 3112 908 3197 aequivocatione,
941 3110 1110 3175 licite
1142 3111 1334 3175 etiam
1381 3112 1589 3194 potest
1637 3111 1987 3178 iuramento
2036 3114 2399 3179 confirmare
2443 3114 2610 3196 quod
2656 3113 2841 3189 dicit3

378 3236 529 3281 nam
559 3233 772 3299 reapse
804 3213 1040 3295 aliquid
1064 3212 1215 3277 dicit
1246 3215 1309 3277 et
1340 3233 1556 3278 verum
1595 3215 1773 3279 dicit:
1810 3218 1878 3280 at
1909 3216 1963 3279 si
1994 3215 2160 3298 quod
2184 3218 2451 3281 exterius
2484 3216 2847 3300 exprimitur

380 3318 611 3382 falsum
648 3318 763 3393 661,
796 3316 862 3381 111
886 3314 1062 3378 6111116
1096 3314 1185 3377 rei
1217 3314 1418 3380 dictae
1452 3317 1885 3380 testimonium
1917 3318 2243 3381 vocabitur
2276 3320 2487 3381 Deus?

478 3419 660 3500 Resp.
700 3418 762 3480 3.
798 3414 1064 3480 Theoria
1102 3434 1242 3479 vere
1289 3418 1384 3480 est
1416 3435 1612 3487 novaz
1653 3437 1798 3481 nam
1835 3421 2182 3485 communis
2214 3422 2310 3484 est
2347 3421 2645 3501 doctrina,
2685 3442 2850 3489 men-

388 3520 636 3585 dacium
666 3536 906 3600 semper
934 3515 1229 3581 illicitum
1266 3536 1395 3583 esse
1428 3522 1489 3582 et
1527 3522 1782 3585 eatenus
1818 3521 2001 3585 licere
2032 3523 2480 3587 restrictionem
2515 3528 2848 3590 mentalem

388 3624 697 3703 quatenus
727 3618 1118 3684 mendacium
1165 3637 1286 3683 non
1325 3620 1442 3683 sit:
1484 3621 1618 3684 heic
1655 3640 1800 3686 vero
1840 3623 2225 3701 haberemus,
2259 3644 2379 3689 non
2414 3644 2653 3708 semper
2686 3647 2852 3690 men-

390 3724 640 3788 dacium
668 3722 960 3787 illicitum
992 3740 1143 3787 6666.

481 3828 666 3909 Resp.
697 3826 761 3889 4.
788 3822 1057 3890 Causam
1088 3824 1337 3891 finalem
1362 3826 1578 3908 utique
1609 3827 1767 3912 legis
1799 3827 2069 3892 vetantis
2102 3830 2491 3895 mendacium
2525 3849 2655 3895 esse
2688 3831 2855 3895 utili-

391 3931 590 3995 tatem
630 3926 885 3993 humani
917 3928 1272 3994 convictus:
1320 3929 1717 3994 intrinsecam
1753 3949 1897 3995 vero
1929 3931 2233 3997 rationem
2281 3951 2418 3997 eam
2466 3952 2615 4011 6666,
2665 3952 2854 4015 qua-m

391 4030 784 4097 exhibuimus
815 4047 888 4093 ex
918 4046 967 4092 s.
1003 4028 1243 4096 Thoma
1280 4052 1338 4097 n.
1380 4033 1570 4096 1053.
