3497 5147
379 363 525 438 [858]
1423 381 1507 420 nn
1544 380 1815 423 smcmro
2730 368 2839 422 635

377 476 511 539 11110
541 475 627 540 sit
656 494 795 559 spes
828 476 1143 554 evadendi,
1178 497 1253 542 ne
1289 478 1464 542 navis
1510 477 1574 541 in
1612 477 1891 542 hostium
1921 480 2297 562 potestatem
2328 498 2469 543 cum
2517 479 2834 543 communi

379 576 750 642 detrimento
788 578 1016 642 veniat.
1052 579 1172 642 Hic
1206 598 1330 643 non
1368 580 1464 643 est
1499 598 1678 644 casus
1710 580 2066 663 propositus
2099 600 2134 644 a
2174 598 2221 644 s.
2257 579 2515 657 Thoma‚
2552 580 2658 661 qui
2698 598 2839 661 sup-

379 679 576 762 ponit,
610 680 877 743 mortem
915 680 1104 743 vitari
1132 699 1331 763 posse.

470 780 637 864 Ergo
674 780 738 843 1⁰
775 781 830 844 si
863 783 1152 865 ageretur
1183 783 1386 846 solum
1419 782 1492 846 de
1523 785 1723 848 morte
1755 783 1844 847 sic
1879 784 1998 847 sibi
2036 784 2114 846 ab
2145 783 2355 865 aliquo
2391 782 2724 859 inferenda,
2758 801 2833 845 ne

379 882 445 946 in
482 882 848 947 servitutem
886 882 1208 968 redigatur
1241 904 1277 947 a
1322 884 1562 967 piratis,
1603 903 1639 948 a
1669 885 1970 964 barbaris,
2004 886 2210 950 locum
2243 885 2497 949 haberet
2529 885 2838 949 sententia

381 1004 430 1049 3.
470 984 767 1049 Τ11011100.

472 1087 633 1150 110111
681 1088 750 1149 2⁰
796 1087 847 1149 si
895 1088 1184 1170 ageretur
1230 1088 1479 1153 tantum
1525 1089 1599 1153 de
1645 1090 2032 1173 impedienda
2078 1091 2306 1173 praeda
2352 1092 2697 1174 piratarum
2731 1108 2840 1153 seu

381 1189 808 1266 barbarorum,
859 1188 966 1252 ubi
1012 1190 1186 1253 nulla
1223 1191 1384 1254 ratio
1432 1191 1834 1256 intercederet
1879 1192 2025 1256 boni
2072 1193 2417 1258 communis
2450 1190 2838 1275 procurandi,

382 1309 492 1355 seu
540 1290 749 1353 damni
795 1292 1139 1356 communis
1187 1293 1528 1369 avertendi3
1578 1294 1814 1376 pariter
1860 1313 1982 1359 non
2029 1294 2277 1358 liceret:
2326 1314 2386 1358 v.
2436 1315 2529 1378 gr.
2582 1294 2634 1357 si
2681 1312 2843 1356 nunc

381 1393 559 1457 navis
591 1393 690 1457 vel
722 1394 1101 1471 111010010113,
1142 1396 1241 1460 vel
1278 1396 1524 1478 publico
1563 1376 1885 1462 commodo
1919 1397 2283 1475 deservienS,
2318 1398 2446 1461 sive
2478 1398 2706 1479 privati
2740 1397 2846 1459 ho-

382 1498 568 1561 minis
600 1497 685 1560 sit
715 1497 844 1561 sive
875 1496 1176 1580 Principis
1219 1499 1331 1561 aut
1368 1498 1759 1580 reipublicae,
1793 1499 1857 1562 in
1892 1499 2132 1580 aliquos
2168 1499 2403 1582 piratas
2434 1496 2750 1561 incideret.

474 1599 632 1663 Item
667 1600 737 1661 3⁰
783 1599 837 1662 si
867 1599 1072 1663 solum
1117 1617 1562 1682 praeoccupare
1609 1600 1854 1665 hostem
1902 1601 2090 1665 velles
2124 1602 2187 1664 et
2223 1603 2488 1665 mortem
2529 1600 2715 1674 obire,
2767 1618 2844 1663 ne

384 1721 521 1767 eam
566 1702 684 1765 tibi
730 1702 940 1766 hostes
987 1701 1255 1765 inferant
1302 1704 1363 1765 et
1408 1703 1587 1782 quasi
1626 1702 1703 1765 ad
1742 1703 2080 1766 vindictam
2119 1704 2488 1765 sumendam
2536 1703 2609 1765 de
2642 1702 2846 1765 morte

384 1804 501 1868 tibi
531 1803 865 1880 inferenda,
899 1822 1120 1867 navem
1151 1804 1518 1879 incenderes,
1552 1822 1675 1868 non
1708 1805 1938 1868 liceret.
1975 1804 2046 1867 In
2093 1804 2259 1868 hisce
2290 1805 2508 1886 utique
2541 1805 2710 1866 valet
2741 1802 2846 1867 (10-

385 1907 585 1971 ctrina
617 1926 665 1971 s.
701 1906 997 1970 Thomae.

476 2009 595 2073 Ast
626 2009 696 2072 4⁰
719 2009 826 2073 ubi
847 2009 1188 2073 intercedat
1219 2027 1405 2072 causa
1430 2009 1574 2073 boni
1605 2009 1837 2091 publici
1868 2010 1967 2073 vel
1999 2010 2209 2073 damni
2242 2008 2474 2092 publici
2505 2008 2843 2084 avertendi,

386 2110 545 2174 nihil
578 2110 771 2175 officit
814 2112 975 2176 ratio
1023 2131 1072 2175 s.
1123 2111 1415 2187 Thomae,
1451 2111 1559 2192 qui
1596 2110 2035 2195 intelligendus
2074 2113 2171 2176 est
2201 2130 2324 2175 non
2355 2110 2429 2174 de
2460 2110 2846 2175 removendis

387 2213 649 2297 publicis
694 2212 934 2278 damnis
982 2213 1183 2295 (secus
1229 2212 1522 2277 illicitum
1557 2214 1719 2277 esset
1750 2213 2031 2297 bellum),
2059 2213 2164 2277 sed
2203 2215 2275 2277 de
2313 2214 2568 2278 vitanda
2618 2213 2848 2277 suimet

388 2315 598 2397 aliqua
631 2315 1009 2379 calamitate.

476 2416 682 2481 Causa
729 2418 940 2481 autem
986 2417 1131 2481 boni
1176 2416 1363 2481 huius
1410 2417 1641 2500 publici
1687 2417 2015 2500 dupliciter
2054 2417 2392 2501 excogitari
2430 2418 2655 2499 potest,
2688 2415 2849 2480 vide-

386 2521 551 2598 licet,
592 2521 660 2584 1⁰
689 2520 935 2603 quando
969 2538 1063 2585 res
1101 2523 1195 2584 est
1225 2539 1367 2584 cum
1413 2520 1591 2586 hoste
1629 2521 1961 2597 communi,
2002 2519 2228 2603 praeda
2267 2520 2478 2583 autem
2525 2518 2623 2582 vel
2670 2519 2848 2582 navis

386 2623 583 2708 ipsius
614 2624 713 2688 vel
744 2640 978 2700 eorum,
1005 2641 1163 2704 quae
1195 2623 1340 2686 navi
1364 2624 1694 2701 vehuntur,
1722 2623 2026 2688 eiusmodi
2057 2624 2237 2699 esset,
2271 2641 2430 2704 quae
2453 2621 2614 2685 vires
2647 2622 2848 2686 hostis

390 2728 644 2811 augeret
692 2726 769 2789 ad
814 2745 1002 2810 grave
1041 2725 1238 2789 totius
1283 2725 1655 2806 reipublicae
1687 2724 2012 2798 damnum;
2051 2727 2123 2788 2⁶
2152 2724 2396 2806 quando
2428 2743 2525 2787 res
2560 2727 2720 2788 esset
2751 2724 2849 2788 vel

387 2829 461 2894 (10
492 2830 711 2913 piratis
758 2829 1084 2893 haereticis
1131 2828 1248 2910 (sic
1296 2828 1445 2892 olim
1493 2826 1842 2892 Calviniani
1889 2847 2076 2892 naves
2115 2829 2564 2895 catholicorum
2599 2828 2851 2911 praeda-

390 2933 647 3015 bantur)
679 2931 777 2996 vel
807 2930 882 2994 de
912 2930 1132 3013 piratis
1164 2930 1437 2994 cuiusvis
1468 2931 1727 3013 generis,
1762 2930 1856 2993 ita
1879 2934 2088 2995 tamen
2122 2935 2193 2996 ut
2218 2931 2394 2995 navis
2430 2932 2697 2996 incensio
2732 2933 2853 2996 uti·

389 3034 637 3098 litatem
673 3052 968 3118 magnam
996 3033 1084 3096 rei
1122 3033 1435 3096 communi
1474 3032 1685 3096 afferre
1723 3032 2068 3097 videretur:
2102 3054 2161 3097 v.
2203 3054 2295 3117 gr.
2337 3034 2582 3098 utilitas
2620 3054 2851 3117 magna

391 3137 505 3214 est,
555 3155 630 3199 ne
677 3135 915 3218 piratae
961 3135 1254 3198 haeretici
1287 3134 1415 3198 sive
1447 3135 1686 3198 ratione
1724 3136 2066 3218 acquisitae
2098 3137 2277 3200 navis
2309 3138 2438 3202 sive
2486 3137 2848 3201 divitiarum

392 3239 780 3304 molestiores
811 3237 1111 3313 evadant3
1144 3238 1274 3301 sive
1306 3239 1379 3301 ut
1423 3238 1663 3320 piratae
1693 3237 2086 3322 desperantes
2120 3258 2183 3303 se
2217 3240 2536 3324 quidpiam
2568 3259 2852 3304 consecu-

392 3344 570 3407 turos
618 3340 773 3405 alias
820 3359 1005 3404 naves
1052 3358 1173 3403 non
1207 3339 1588 3417 adoriantur,
1629 3340 1753 3403 imo
1787 3342 1850 3403 et
1880 3359 2135 3404 suarum
2170 3342 2473 3405 iacturam
2507 3343 2849 3423 patiantur.

394 3445 515 3510 Hic
552 3446 760 3508 tamen
785 3461 964 3506 casus
994 3441 1263 3506 difficilis
1295 3441 1489 3505 videri
1518 3442 1782 3524 poterit3
1824 3444 1970 3522 quia
2002 3443 2203 3506 rabies
2236 3443 2471 3525 piratas
2510 3443 2854 3524 impelleret

396 3548 489 3611 sin
536 3547 742 3610 minus
789 3564 894 3628 spe
924 3544 1204 3627 praedae,
1238 3543 1463 3607 saltem
1495 3541 1802 3606 vindictae
1834 3543 2115 3626 cupidine
2149 3546 2212 3609 et
2251 3543 2389 3608 odio
2425 3546 2611 3623 atque
2643 3544 2735 3606 ira
2771 3546 2848 3607 ob
2947 3603 2952 3608 .

398 3648 710 3713 sublatam
740 3646 1052 3731 praedam.
1079 3646 1258 3724 Quod
1288 3646 1341 3709 si
1372 3646 1604 3709 bonum
1635 3645 2130 3725 consequendum
2164 3665 2269 3728 per
2292 3645 2469 3710 navis
2500 3645 2851 3709 incendium

395 3751 495 3816 vel
518 3770 639 3816 non
674 3750 823 3814 adeo
858 3750 1095 3813 certum
1121 3750 1218 3813 vel
1248 3768 1370 3812 non
1397 3748 1488 3811 ita
1519 3749 1681 3811 certe
1711 3765 2011 3831 magnum
2045 3746 2350 3824 videatur,
2387 3749 2536 3811 tunc
2571 3747 2647 3810 ad
2679 3747 2850 3811 licei-

394 3856 595 3918 tatem
628 3852 888 3917 actionis
913 3851 1290 3933 postulatur,
1325 3852 1397 3914 ut
1422 3850 1654 3933 pariter
1686 3849 1782 3914 vel
1807 3869 1928 3914 non
1960 3850 2200 3913 certum
2225 3850 2326 3928 sit,
2361 3852 2459 3914 vel
2485 3851 2708 3914 saltem
2733 3868 2852 3914 non

396 3957 489 4020 ita
535 3957 697 4019 certe
730 3971 920 4038 grave
950 3952 1273 4016 discrimen
1314 3953 1497 4026 vitae,
1541 3953 1602 4016 in
1635 3952 1801 4034 quod
1837 3971 1968 4017 sese
2000 3951 2355 4026 coniiciunt,
2390 3954 2493 4018 sed
2533 3955 2858 4035 requirunt

398 4060 720 4134 Βο010103,
756 4058 831 4121 ut
860 4057 1000 4139 plus
1031 4056 1311 4120 minusve
1342 4055 1679 4139 probabilis
1711 4055 1796 4119 sit
1826 4073 1963 4137 spes
1989 4056 2285 4120 evadendi
2308 4057 2436 4120 sive
2462 4076 2568 4138 per
2600 4056 2860 4135 scaphas

399 4163 527 4227 sive
566 4160 837 4225 natando
878 4161 994 4223 etc.

489 4259 665 4334 858.
693 4262 871 4342 Quod
902 4261 1129 4342 aliquis
1160 4279 1225 4324 se
1251 4261 1478 4324 obiciat
1511 4262 1651 4326 telis
1685 4262 1762 4325 ad
1794 4263 2129 4346 principem
2158 4261 2527 4326 servandum
2553 4263 2647 4324 est
2683 4263 2862 4324 actus

400 4367 678 4444 1111111313,
711 4385 821 4429 nec
851 4363 1024 4428 nulla
1057 4364 1152 4427 est
1183 4363 1601 4426 controversia
1638 4363 1713 4427 de
1746 4364 1862 4428 hac
1895 4383 1977 4428 re.

491 4468 710 4549 Quoad
741 4467 1011 4531 amicum
1042 4483 1187 4528 vero
1226 4463 1452 4526 dicitur
1489 4487 1524 4522 ‹<
1556 4464 1786 4528 initaste
1817 4464 2180 4527 damiatam
2213 4490 2272 4527 ».
2314 4464 2645 4528 Rationem
2687 4463 2862 4528 addit

399 4573 649 4638 Lessius
676 4573 722 4634 1.
749 4590 801 4634 0.
828 4589 888 4632 11.
917 4568 1044 4643 3οη
1072 4565 1237 4649 (111οᾶ
1270 4583 1442 4628 300113
1474 4564 1635 4629 idest
1666 4566 1719 4629 si
1754 4568 1983 4650 agatur
2013 4567 2085 4629 de
2117 4585 2241 4643 re0‚
2268 4566 2368 4628 hic
2402 4565 2753 4629 alliceretur
2781 4565 2858 4629 ad

400 4677 744 4760 peccatum.
769 4671 910 4737 Non
935 4670 1090 4735 satis
1114 4667 1321 4733 valida
1345 4666 1495 4731 haec
1518 4667 1679 4731 ratio
1712 4666 1985 4746 videtum
2013 4668 2160 4749 quia
2191 4667 2495 4732 eiusmodi
2517 4667 2863 4749 periculum
