3497 5147
735 349 844 404 272
1059 365 1272 404 Tmo-r.
1302 365 1380 404 vr.
1412 364 1572 405 sacr.
1601 364 1642 404 1.
1670 364 1755 403 nm
1783 364 1981 404 ramo
2007 364 2222 405 ranno.
2252 365 2579 408 nmAmGr.
2605 368 2801 410 CAPUT
2835 370 2899 410 11.
3070 357 3209 433 [369]

734 462 880 526 illae
911 460 1492 543 gesticulationibus
1542 479 1661 525 non
1710 480 1951 543 semper
2001 462 2358 527 verecundis
2411 463 2723 545 abreptae,
2764 485 2830 530 se
2875 467 3207 533 invisibilia

734 582 1011 645 quaeque
1059 563 1404 645 conspicere
1450 564 1743 627 effutiunt
1790 583 1861 628 ac
1907 564 1979 627 de
2039 565 2172 647 ipsa
2229 565 2524 648 religione
2582 585 2916 645 sermones,
2969 570 3202 636 animas

734 668 1123 730 mortuorum
1172 685 1444 739 evocare.
1489 684 1783 748 responsa
1830 667 2119 749 accipere,
2155 669 2373 750 ignota
2420 670 2484 732 et
2528 669 2872 753 longinqua
2923 671 3206 755 detegere

736 770 980 850 aliaque
1028 769 1088 832 id
1135 788 1328 852 genus
1378 769 1810 851 superstitiosa
1858 789 2163 833 excercere
2213 790 2371 834 ausu
2407 772 2738 836 temerario
2776 781 3201 855 praesumunt,

733 893 1033 955 magnum
1065 876 1394 954 quaestum
1429 872 1544 935 sibi
1581 892 1651 937 ac
1682 872 1949 937 dominis
1982 875 2109 937 suis
2142 873 2474 938 divinando
2523 878 2692 940 certo
2739 880 3202 943 consecuturae.

740 978 808 1040 In
842 976 1007 1040 hisce
1040 976 1342 1051 omnibus,
1377 994 1764 1057 quacumque
1810 975 2057 1039 demum
2105 976 2366 1040 utantur
2414 978 2547 1041 arte
2583 978 2683 1042 vel
2719 979 3028 1054 illusione,
3062 1001 3201 1046 cum

738 1079 1095 1143 ordinentur
1127 1077 1328 1141 media
1360 1077 1615 1161 physica
1648 1077 1726 1141 ad
1758 1078 2008 1141 effectus
2048 1097 2168 1142 non
2202 1080 2538 1156 naturales,
2573 1082 2879 1163 reperitur
2924 1083 3199 1164 deceptio

739 1181 987 1245 omnino
1021 1180 1243 1244 illicita
1267 1182 1330 1243 et
1361 1180 1750 1244 haereticalis
1782 1182 1847 1243 et
1877 1180 2236 1245 scandalum
2261 1183 2478 1246 contra
2503 1182 2896 1248 honestatem
2930 1203 3198 1250 morum.

827 1285 905 1348 V.
952 1310 987 1341 «
1020 1284 1224 1367 Igitur
1262 1285 1338 1348 ad
1371 1286 1619 1347 tantum
1655 1283 1827 1347 nefas
1859 1285 1923 1346 et
1951 1283 2238 1367 religioni
2275 1286 2339 1348 et
2375 1283 2545 1348 civili
2590 1286 2878 1350 societati
2921 1288 3202 1353 infensis·

736 1388 964 1452 simum
995 1386 1326 1451 efficaciter
1356 1386 1784 1461 cohibendum.
1812 1386 2066 1449 excitari
2112 1405 2301 1467 quam
2349 1387 2613 1450 maxime
2645 1387 2827 1452 debet
2865 1391 3200 1471 pastoralis

734 1489 1107 1565 sollicitudo,
1136 1489 1464 1573 vigilantia
1503 1509 1573 1551 ac
1605 1489 1771 1552 zelus
1806 1488 2232 1570 episcoporum
2266 1490 2561 1553 omnium.
2590 1488 2983 1573 Quapropter
3015 1511 3203 1573 quan-

730 1596 868 1657 tum
905 1592 1116 1656 divina
1148 1591 1447 1656 adiutrice
1479 1592 1686 1675 gratia
1720 1592 2014 1674 poterunt
2059 1592 2336 1655 locorum
2375 1591 2704 1669 Ordinarii‚
2739 1612 2863 1674 qua
2903 1597 3197 1677 paternae

729 1696 1056 1759 charitatis
1094 1695 1368 1770 monitis,
1402 1714 1527 1776 qua
1574 1693 1802 1757 severis
1851 1693 2410 1777 obiurgationibus,
2444 1713 2567 1775 qua
2614 1693 2866 1759 demum
2915 1696 3075 1761 iuris
3111 1717 3204 1761 re-

730 1799 949 1864 mediis
1005 1799 1318 1875 adhibitis,
1370 1799 1557 1881 prout
1610 1798 1870 1861 attentis
1926 1797 2223 1873 locorum,
2275 1815 2677 1879 personarum
2725 1799 3202 1881 temporumque

730 1902 1038 1965 adiunctis
1070 1901 1348 1983 expedire
1395 1901 1458 1963 in
1492 1900 1760 1964 Domino
1800 1899 2225 1975 iudicaverint,
2263 1918 2509 1964 omnem
2554 1898 2917 1981 impendant
2953 1920 3201 1983 operam

734 2004 812 2068 ad
858 2004 1212 2068 huiusmodi
1257 2002 1656 2087 magnetismi
1703 2003 1933 2066 abusus
1979 2002 2396 2085 reprimendos
2442 2003 2507 2066 et
2553 2002 2925 2080 avellendoS‚
2979 2007 3053 2069 ut
3101 2006 3203 2070 do·

733 2106 997 2169 minicus
1043 2125 1191 2188 grex
1236 2104 1598 2169 defendatur
1645 2105 1722 2168 ab
1769 2105 2018 2169 inimico
2065 2105 2332 2181 homine,
2380 2104 2728 2186 depositum
2776 2104 2920 2168 fidei
2958 2109 3200 2172 sartum

730 2210 1088 2290 tectumque
1134 2208 1545 2281 custodiatur,
1593 2211 1656 2272 et
1718 2207 1928 2272 fideles
1975 2208 2094 2271 sibi
2154 2206 2373 2271 crediti
2419 2225 2456 2270 a
2501 2225 2750 2271 morum
2805 2212 3200 2293 corruptione

732 2312 1221 2393 praeserventur.
3107 2327 3112 2331 ’

830 2439 865 2471 «
889 2414 1124 2477 Datum
1158 2413 1392 2478 Romae
1424 2414 1485 2477 in
1520 2412 1900 2478 Cancelleria
1938 2432 1986 2475 s.
2015 2411 2217 2475 Officii
2251 2410 2409 2493 apud
2446 2410 2825 2476 Vaticanum
2857 2412 2956 2477 die
2987 2414 3052 2477 4.
3080 2414 3201 2478 Au·

732 2516 901 2600 gusti
949 2516 1140 2580 1856.

2351 2628 2386 2661 «
2411 2603 2488 2666 V.
2516 2601 2696 2668 Card.
2723 2603 2986 2669 MAccm
3005 2631 3070 2669 ».

819 2713 1027 2794 Atque
1058 2714 1209 2777 haec
1240 2712 1395 2777 satis
1430 2713 1555 2776 sint
1592 2713 1655 2776 in
1686 2732 1751 2776 re
1791 2711 1941 2776 adeo
1990 2714 2164 2776 nota.

1763 2943 2036 3009 CAPUT
2085 2946 2165 3008 ΙΙ.

1289 3107 1365 3152 DE
1412 3106 1938 3152 IRRELIGIOSITATE
1987 3105 2254 3162 EIL‘SQUE
2305 3105 2636 3153 SPECIEBUS

838 3253 943 3304 XL.
970 3248 1206 3313 irreligio,
1233 3263 1358 3315 quae
1384 3248 1608 3312 religioni
1645 3246 1911 3314 opponitur
1954 3261 2041 3310 per
2078 3248 2336 3311 derectum,
2365 3251 2441 3300 vel
2485 3248 2640 3302 tendit
2680 3248 2867 3303 directe
2908 3251 2969 3304 ad
3010 3251 3198 3307 irreve-

729 3336 934 3391 rentiam
960 3335 1064 3399 Dei‚
1084 3343 1133 3388 et
1157 3342 1230 3388 est
1259 3333 1460 3389 tentatio
1492 3333 1582 3386 Dei
1606 3338 1687 3385 aut
1713 3331 2016 3398 periurium:
2047 3333 2125 3385 vel
2154 3338 2340 3384 tantum
2367 3330 2521 3384 tendit
2545 3333 2605 3385 ad
2633 3331 3001 3387 irreverentiam
3035 3348 3200 3390 rerum

725 3437 992 3487 sacrarum,
1023 3429 1072 3474 et
1101 3432 1175 3477 est
1213 3421 1522 3485 sacrilegium
1564 3426 1648 3472 aut
1688 3419 1909 3472 simonia.
1943 3421 2014 3472 De
2056 3417 2271 3484 periurio
2311 3418 2359 3472 in
2400 3420 2616 3472 secundo
2660 3426 2952 3486 praecepto;
2985 3423 3049 3475 de
3091 3421 3201 3475 reli·

727 3509 837 3574 quis
877 3507 971 3563 hic.

814 3651 987 3725 369.
1022 3655 1056 3691 *
1096 3678 1132 3712 «
1165 3652 1415 3726 Deinde,
1454 3651 1543 3714 ait
1581 3670 1628 3714 s.
1670 3650 1944 3714 Thomas
1977 3671 2036 3732 q.
2073 3650 2200 3725 97„
2235 3647 2746 3712 considerandum
2779 3651 2876 3712 est
2915 3649 2992 3713 de
3027 3652 3199 3716 vitiis

722 3758 1010 3841 religioni
1058 3756 1357 3838 oppositis
1406 3774 1512 3838 per
1560 3753 1866 3818 defectum
1912 3752 2250 3836 religioniS‚
2302 3770 2459 3831 quae
2511 3750 2911 3815 manifestam
2963 3753 3200 3818 habent

716 3862 1222 3926 contrarietatem
1279 3861 1355 3923 ad
1412 3859 1814 3942 religionem:
1881 3856 2040 3920 unde
2095 3856 2208 3918 sub
2267 3854 2738 3939 irreliqiositate
2793 3857 3200 3922 continentur

717 3963 884 4046 (inde
936 3964 1109 4046 patet
1155 3961 1687 4045 irreligiositatem
1721 3979 1757 4021 a
1806 3978 1853 4021 s.
1891 3958 2130 4021 Thoma
2166 3956 2441 4037 specifice
2489 3958 2670 4034 sumi,
2712 3975 2834 4022 non
2884 3961 3199 4042 generice:

715 4087 861 4133 nam
908 4066 1185 4152 generice
1242 4063 1564 4147 quodlibet
1624 4061 1849 4124 vitium
1899 4061 2115 4122 contra
2177 4059 2543 4143 religionem
2589 4059 3055 4142 complectitur.
3107 4059 3199 4126 Of.

717 4171 941 4235 Suarez
990 4170 1098 4234 lib.
1150 4169 1214 4231 et
1274 4185 1406 4247 cap.
1455 4163 1611 4227 infra
1662 4180 1806 4224 mox
1853 4160 2149 4242 citando).
2203 4161 2580 4226 Huiusmodi
2641 4163 2853 4226 autem
2903 4166 3058 4228 sunt
3104 4182 3196 4240 ea,

718 4291 877 4354 quae
924 4272 1235 4354 pertinent
1283 4267 1359 4331 ad
1406 4267 1833 4347 contemptum
1879 4264 2008 4327 sive
2054 4264 2518 4328 irreverentiam
2579 4265 2694 4328 Dei
2741 4267 2805 4329 et
2850 4285 3061 4331 rerum
3097 4286 3199 4331 sa·

719 4393 964 4438 orarum
1002 4397 1063 4435 ».
1098 4372 1318 4452 Itaque
1365 4369 1425 4431 in
1477 4367 1916 4449 superstitione
1962 4366 2233 4430 defertur
2271 4367 2477 4432 cultus
2514 4367 2783 4443 divinuS‚
2820 4366 2927 4431 sed
2976 4369 3075 4433 vel
3121 4388 3198 4433 eo

720 4474 924 4552 modo,
960 4491 1083 4557 quo
1115 4491 1239 4537 non
1287 4471 1544 4535 debetur
1592 4470 1687 4533 vel
1735 4469 1834 4533 cui
1868 4487 1988 4535 non
2035 4468 2321 4533 debetur:
2357 4469 2421 4532 in
2465 4467 2935 4553 irreligiositate
2976 4471 3193 4554 agitur

720 4580 937 4643 contra
986 4576 1226 4641 cultum
1274 4576 1405 4640 Deo
1453 4574 1550 4637 vel
1616 4573 1797 4637 rebus
1846 4573 2036 4637 sacris
2082 4571 2381 4636 debitum.
2431 4572 2623 4636 Porro
2671 4590 2832 4653 quae
2878 4573 3194 4655 pertinent
