3497 5147
732 359 816 415 50
1114 369 1327 411 macr.
1369 372 1424 411 v.
1464 370 1627 412 sacr.
1667 373 1706 412 1.
1746 371 1831 410 ns:
1868 371 2243 413 panacem-rs
2279 372 2468 413 mom.
2507 371 2707 415 cunr
2743 372 2822 412 iv.
3090 356 3203 431 [74]

736 469 1091 545 infidelitaS‚
1128 487 1249 532 non
1275 468 1522 550 quidem
1548 468 1865 551 negativa,
1915 488 2024 532 seu
2071 487 2229 549 quae
2260 468 2411 532 dicit
2448 468 2565 533 hoc
2600 467 2767 550 quod
2799 468 2893 531 est
2926 485 3049 532 non
3095 468 3201 532 ha-

734 574 874 637 bere
921 572 1125 644 fidem,
1175 570 1281 635 sed
1328 572 1423 634 est
1468 569 1802 634 infidelitas
1853 571 2175 648 privativa
2219 590 2330 634 seu
2382 571 2725 644 contraria,
2787 589 2912 652 qua
2967 570 3199 635 scilicet

734 675 962 758 aliquis
999 674 1308 756 repugnat
1355 671 1603 737 auditui
1648 671 1790 735 fidei
1837 673 1935 736 vel
1982 672 2174 737 etiam
2220 673 2562 738 contemnit
2605 672 2781 737 illam
2814 698 2875 735 ».

824 772 950 846 74.
1002 774 1228 840 Suarez
1277 774 1432 857 disp.
1474 774 1573 838 16.
1611 774 1758 837 sect.
1805 774 1861 837 1.
1889 794 1948 838 n.
1987 775 2082 837 7.:
2130 800 2163 832 «
2197 774 2606 857 Supponenda
2637 777 2733 838 est
2769 773 3086 840 distinctio
3124 775 3199 839 de

734 880 966 965 duplici
1012 878 1379 942 infidelitate
1417 896 1540 941 una
1578 877 1901 956 privativa
1947 878 2010 941 et
2057 877 2254 942 altera
2290 878 2647 954 contraria,-
2694 896 2960 959 quarum
2998 877 3196 960 prima

735 982 1051 1049 invenitur
1096 981 1161 1046 in
1209 981 1285 1045 iis
1332 978 1709 1053 hominibus
1761 978 1987 1061 quibus
2034 1000 2180 1044 vera
2226 979 2376 1044 fides
2421 979 2697 1045 nondum
2734 981 2829 1044 est
2857 980 3197 1064 proposita.

735 1083 1013 1151 Secunda
1046 1102 1190 1148 vero
1222 1083 1288 1147 in
1333 1082 1459 1146 illis
1492 1081 1843 1147 infidelibus
1881 1082 2205 1165 reperitur,
2240 1082 2345 1163 qui
2380 1084 2523 1164 post
2560 1081 2948 1147 sufficentem
2983 1101 3201 1166 propo-

733 1191 1025 1255 sitionem
1056 1187 1199 1252 fidei
1230 1187 1324 1250 ini
1357 1186 1676 1250 resistunt.
1696 1186 1878 1250 Prius
1903 1205 2099 1269 genus
2123 1186 2509 1250 infidelitatis
2541 1204 2648 1268 per
2671 1204 2735 1249 se
2770 1185 3077 1267 loquendo
3105 1189 3199 1250 est

732 1293 1055 1376 peccatum
1082 1289 1449 1366 omissioniS‚
1470 1288 1617 1371 quia
1643 1288 1917 1371 proxime
1966 1288 2300 1371 opponitur
2337 1288 2662 1371 praecepto
2696 1287 2983 1352 audiendi
3013 1288 3196 1353 fidem

733 1398 799 1460 et
829 1414 936 1477 per
966 1393 1165 1458 solam
1211 1391 1656 1475 negligentiam
1689 1409 1800 1454 seu
1831 1390 2250 1455 voluntariam
2284 1390 2623 1453 carentiam
2655 1390 3029 1474 cognitionis
3054 1390 3195 1454 fidei

732 1495 1169 1563 committitur.
1219 1492 1545 1576 Contingit
1591 1493 1803 1556 autem
1858 1510 1999 1556 cum
2048 1493 2161 1555 hac
2214 1490 2572 1575 ignorantia
2618 1491 2912 1576 coniungi
2961 1510 3195 1557 errores

733 1600 947 1664 contra
981 1597 1310 1661 veritatem
1355 1594 1583 1659 fidei....
1620 1594 1766 1676 quia
1799 1612 1944 1658 vero
1995 1595 2128 1658 tota
2167 1593 2413 1658 malitia
2445 1591 2628 1656 istius
2670 1593 2845 1657 actus
2878 1612 2951 1657 ex
2985 1594 3196 1658 volun-

731 1703 894 1767 taria
925 1697 1281 1785 ignorantia
1330 1716 1439 1761 seu
1477 1696 1751 1760 carentia
1798 1696 2170 1781 cognitionis
2210 1694 2515 1779 provenit,
2556 1694 2692 1760 ideo
2742 1695 2987 1760 malitia
3025 1696 3194 1761 illius

729 1803 965 1888 peccati
995 1798 1349 1880 formliter
1371 1800 1441 1861 in
1458 1798 1788 1861 omissione
1813 1799 2144 1863 consistere
2163 1797 2429 1874 videtur,
2464 1796 2751 1878 quamvis
2784 1797 3194 1862 materialiter

734 1908 819 1971 sit
864 1903 1219 1970 commissio
1252 1926 1315 1965 ».

824 2008 913 2071 De
959 2006 1074 2070 hac
1121 2025 1184 2068 re
1230 2002 1513 2086 superius
1559 2024 1618 2067 n.
1647 2003 1709 2066 4.
1744 2001 2025 2067 dixerat:
2082 2027 2116 2061 <c
2149 2002 2470 2087 Distingui
2517 2003 2678 2067 solet
2708 2002 2932 2085 duplex
2981 2003 3192 2069 infide-

731 2109 899 2185 litas,
948 2126 1072 2172 una
1120 2105 1467 2189 culpabiliS‚
1516 2124 1674 2186 quae
1708 2105 2033 2184 privativa
2078 2104 2285 2168 vocari
2331 2105 2492 2169 solet
2523 2106 2586 2168 et
2618 2104 2740 2168 alia
2774 2105 3189 2188 inculpabiIiS‚

730 2231 890 2294 quae
937 2210 1098 2274 solet
1136 2207 1345 2272 vocari
1393 2207 1748 2289 neyativa...
1799 2206 1970 2270 Haec
2016 2205 2348 2271 infidelitas
2381 2206 2651 2271 excludit
2681 2208 3102 2292 cognitionem
3134 2214 3195 2274 et

730 2314 869 2378 ideo
918 2312 970 2376 si
1018 2313 1197 2376 tanta
1236 2310 1320 2374 sit
1366 2309 1639 2374 carentia
1688 2307 2081 2393 cognitioniS‚
2118 2311 2191 2372 ut
2222 2309 2413 2374 etiam
2459 2309 2851 2374 voluntatem
2888 2312 3191 2387 excludat,

730 2415 1066 2482 infidelitas
1121 2413 1439 2497 continget
1486 2413 1615 2476 sine
1662 2413 1980 2494 peccato...
2038 2409 2409 2495 Contingere
2452 2413 2662 2477 autem
2717 2415 2942 2496 potest,
2977 2416 3053 2479 ut
3090 2415 3197 2480 ali-

729 2519 839 2603 qui
884 2517 1243 2604 ignorantes
1290 2516 1492 2580 totam
1537 2513 1721 2577 fidem
1791 2513 2061 2578 habeant
2124 2514 2399 2596 aliquam
2445 2516 2738 2583 notitiam
2798 2514 3193 2601 professionis

727 2641 838 2687 seu
884 2616 1359 2704 praedicationis
1406 2615 1577 2679 illius
1626 2617 1689 2680 et
1734 2616 2118 2700 negligentes
2165 2617 2293 2680 sint
2336 2618 2400 2681 in
2449 2618 2797 2701 quaerenda
2837 2621 2898 2684 et
2944 2620 3195 2685 investi·

727 2722 933 2806 ganda
979 2717 1312 2785 sufficienti
1360 2717 1780 2799 propositione
1811 2717 1954 2783 fidei
1985 2718 2049 2782 et
2078 2718 2214 2784 ideo
2247 2723 2521 2786 carentia
2553 2724 2648 2786 est
2678 2721 2804 2786 illis
2835 2723 3190 2788 voluntaria

726 2827 791 2888 et
831 2822 906 2887 ad
945 2823 1191 2904 culpam
1225 2821 1594 2903 imputatur,
1628 2823 1690 2884 et
1720 2821 1873 2885 haec
1904 2823 1999 2885 est
2036 2822 2367 2888 infidelitas
2399 2825 2643 2908 proprie
2662 2826 2984 2905 privativa
3008 2851 3070 2890 ».

815 2927 1150 2991 Peccatum
1199 2925 1417 2988 autem
1448 2922 1837 2988 infidelitatis
1885 2924 2108 3007 duplex
2155 2926 2285 2989 scil.
2320 2946 2427 3010 per
2460 2929 2853 2993 omissionem
2906 2947 3066 3011 quae
3097 2932 3194 2994 est

725 3028 1060 3095 infidelitas
1107 3025 1447 3111 privativa)
1500 3028 1563 3090 et
1611 3028 2063 3092 commissionis
2101 3028 2288 3110 (quae
2321 3033 2415 3095 est
2446 3031 2787 3116 contraria)
2819 3032 2910 3096 sic
2941 3033 3194 3115 exponit

725 3154 785 3197 n.
822 3133 926 3194 6.:
982 3156 1017 3189 ‹
1050 3129 1461 3210 Praeceptum
1507 3128 1649 3192 fidei
1698 3128 1922 3212 duplex
1969 3132 2082 3208 est,
2133 3131 2263 3194 scil.
2305 3132 2755 3199 affirmativum
2803 3135 3094 3200 audiendi
3131 3140 3192 3200 et

726 3233 1010 3297 credendi
1068 3234 1131 3295 et
1177 3230 1543 3314 negativum
1602 3249 1724 3295 non
1789 3230 2134 3296 discedendi
2182 3251 2218 3296 a
2265 3232 2384 3298 fide
2454 3254 2565 3300 nec
2624 3236 2905 3301 credendi
2960 3237 3198 3320 aliquid

726 3334 1111 3400 contrarium
1157 3332 1484 3397 revelatis:
1533 3333 1869 3399 infidelitas
1916 3354 2061 3399 vero
2109 3337 2393 3401 contrahi
2441 3340 2646 3422 potest
2679 3340 2755 3403 ad
2793 3360 2989 3405 unum
3019 3340 3192 3406 etad

726 3440 897 3507 aliud
943 3441 1372 3526 praeceptum:
1422 3460 1569 3526 ergo
1616 3443 1823 3524 potest
1868 3443 2152 3507 contrahi
2197 3464 2304 3528 per
2353 3446 2748 3511 omissionem
2779 3449 2841 3512 et
2879 3467 2986 3531 per
3031 3468 3192 3514 com-

726 3544 1102 3610 missionem.
1153 3544 1431 3626 Denique
1464 3544 1806 3627 explicatur
1837 3544 1901 3608 in
1932 3545 2095 3609 hunc
2125 3547 2445 3611 modum...
2479 3546 2642 3611 Nam
2696 3548 2937 3614 duobus
2988 3550 3190 3615 modis

724 3648 933 3730 potest
962 3646 1101 3729 quis
1138 3644 1421 3710 resistere
1469 3645 1713 3709 auditui
1761 3647 1944 3725 fidei?
1957 3647 2085 3711 scil.
2122 3648 2220 3712 vel
2252 3649 2513 3713 nolendo
2546 3649 2778 3728 audire,
2807 3651 2905 3715 vel
2927 3651 3188 3716 nolendo

723 3749 940 3813 audita
987 3749 1229 3813 credere
1277 3750 1341 3812 et
1400 3750 1667 3830 utroque
1714 3750 1897 3815 modo
1947 3751 2155 3833 potest
2198 3752 2483 3816 contrahi
2529 3752 2970 3831 infidelitaS...;
3021 3756 3191 3839 prior

721 3852 932 3916 autem
979 3850 1201 3915 modus
1250 3870 1357 3932 per
1404 3870 1468 3914 se
1517 3852 1784 3933 pertinet
1822 3852 1899 3915 ad
1935 3852 2349 3929 omissionem,
2385 3854 2686 3920 secundus
2734 3875 2879 3922 vero
2912 3857 2989 3922 ad
3027 3877 3191 3923 com-

718 3953 1078 4017 missionem
1111 3978 1174 4018 ».

804 4050 926 4126 75.
979 4055 1114 4120 Has
1162 4053 1588 4118 distinctiones
1641 4053 1846 4118 innuit
1883 4054 2060 4138 Lugo
2087 4055 2242 4138 disp.
2289 4057 2388 4120 18.
2423 4078 2482 4121 n.
2519 4059 2616 4124 3.:
2681 4085 2714 4118 «
2748 4062 2961 4145 Aliqui
2992 4063 3187 4128 latius

717 4176 938 4223 nomen
986 4155 1373 4221 infidelitatis
1428 4159 1817 4236 usurpantes
1868 4155 2155 4221 dividunt
2199 4158 2375 4222 illam
2417 4160 2479 4224 in
2513 4163 2872 4247 negativam
2920 4167 2984 4229 et
3030 4166 3189 4249 posi-

716 4258 951 4323 tivam:
987 4259 1102 4323 sub
1134 4257 1429 4340 negativa
1475 4256 1894 4340 intelligentes
1927 4260 2265 4323 carentiam
2304 4260 2445 4327 fidei
2492 4265 2688 4329 etiam
2717 4265 3186 4349 inculpabilem;

718 4360 1123 4425 subdividunt
1169 4357 1331 4422 enim
1379 4359 1760 4441 negativam,
1811 4359 1871 4424 in
1919 4380 2086 4426 mere
2142 4365 2518 4449 negativam,
2569 4387 2727 4449 quae
2774 4372 2869 4432 est
2915 4370 3189 4454 inculpa-

720 4463 864 4526 bilis
910 4463 974 4525 et
1020 4461 1083 4524 in
1131 4459 1507 4544 privativam
1571 4479 1729 4542 quae
1793 4464 1887 4527 est
1948 4464 2274 4548 culpabilis
2337 4471 2399 4532 et
2461 4488 2602 4533 cum
2649 4469 2856 4536 debito
2923 4472 3184 4538 habendi

723 4563 906 4626 fidem
940 4588 1000 4626 ».
