3497 5147
357 337 543 414 [1087]
1121 349 1206 388 nn
1245 348 1619 389 Ammrroim
1657 349 2058 395 mmnssmu
2726 345 2832 401 807

362 448 610 533 prodito
643 464 756 510 suo
790 444 1079 524 facinore,
1116 445 1307 509 etiam
1332 465 1474 509 611111
1498 446 1702 511 famae
1730 447 1990 529 aliquali
2023 449 2266 514 iactura
2299 450 2558 516 liberare
2591 451 2832 519 Caium.

363 550 470 616 Sin
517 550 623 614 ille
655 548 719 612 id
752 548 951 612 facere
998 548 1259 624 recuset,
1310 548 1522 612 licebit·
1569 548 1705 626 tibi,
1740 568 1811 614 66
1845 550 1919 613 de
1950 550 2103 634 fuga
2134 553 2396 629 monito,
2436 554 2709 619 revelare
2742 576 2836 621 se-

362 654 601 718 cretum
641 649 778 716 Gaii
809 650 1110 715 liberandi
1158 650 1366 735 gratia
1400 676 1462 713 ».

450 756 541 820 Ex
571 755 798 837 quibus
830 753 1138 837 generalis
1170 753 1451 817 doctrina
1484 755 1812 832 statuitur,
1845 775 1944 820 me
1978 756 2055 820 ad
2087 760 2392 823 secretum
2430 762 2833 826 commissum

228 921 238 932 ,
365 859 577 935 teneri,
614 855 890 938 quandiu
920 874 1062 919 reus
1092 856 1262 919 licite
1307 854 1465 919 illud
1513 874 1758 920 servare
1787 859 1996 939 potest
2027 860 2092 923 et
2124 859 2347 926 idcirco
2379 861 2479 926 ius
2526 863 2714 927 habet
2759 866 2833 927 ut

363 980 599 1026 servem
631 960 804 1042 ipse3
846 957 900 1021 si
945 958 1109 1021 enim
1156 958 1272 1022 hoc
1318 958 1416 1022 ius
1464 957 1569 1021 ille
1615 959 1823 1035 habet,
1871 960 2003 1043 ipse
2048 960 2286 1026 invitus
2316 964 2709 1030 rationabilis
2733 968 2830 1031 est

363 1062 529 1145 quod
554 1062 777 1145 prodat
809 1060 986 1137 alter,
1020 1059 1128 1142 qui
1161 1078 1233 1124 ex
1278 1060 1411 1124 iure
1442 1061 1704 1124 naturae
1736 1079 1857 1125 non
1905 1064 2116 1144 potest
2144 1062 2275 1127 sine
2305 1063 2437 1129 eius
2467 1067 2828 1131 rationabili

364 1184 665 1230 consensu
690 1165 923 1229 secreto
956 1163 1073 1227 uti.

457 1263 665 1338 1087.
700 1265 1069 1331 Subnectere
1098 1265 1236 1330 heic
1271 1282 1517 1346 quoque
1547 1264 1702 1329 libet
1724 1284 1883 1346 quae
1914 1267 1990 1329 A.
2015 1267 2166 1333 alibi
2196 1268 2239 1332 1.
2266 1286 2318 1331 6.
2345 1270 2581 1332 tractat
2603 1269 2678 1333 de
2701 1270 2829 1334 vio-

362 1374 596 1437 latione
639 1370 857 1435 secreti
908 1369 1292 1445 litterarum3
1344 1370 1418 1433 ut
1455 1369 1854 1435 absolvamus
1903 1371 2070 1435 dicta
2116 1393 2176 1437 n.
2223 1374 2414 1437 1083.
2460 1372 2598 1452 Qua
2644 1373 2717 1438 de
2764 1394 2831 1439 re

363 1476 511 1539 haec
549 1473 812 1538 tenenda
838 1474 1004 1535 sunt.

545 1576 610 1640 1⁰
644 1575 819 1638 Licet
862 1573 1198 1639 identidem
1238 1573 1506 1637 aliorum
1540 1573 1785 1637 litteras
1819 1574 2072 1655 aperire.
2108 1574 2266 1639 Sane
2302 1575 2366 1639 id
2390 1576 2539 1640 licet
2561 1578 2831 1659 superio·

361 1681 533 1745 ribus
563 1678 873 1763 religiosis
922 1696 991 1741 ex
1023 1676 1274 1760 regula:
1324 1677 1613 1758 quocirca
1659 1676 1959 1758 cuiusque
2008 1677 2237 1742 ordinis
2284 1678 2562 1762 religiosi
2608 1680 2827 1763 regula

363 1784 616 1864 eiusque
642 1780 878 1863 optima
901 1780 1203 1861 interpres
1227 1778 1606 1843 consuetudo
1640 1779 2017 1861 inspicienda
2050 1780 2187 1844 erit.
2223 1779 2324 1845 Sic
2355 1780 2518 1845 enim
2551 1781 2828 1847 Ferraris

368 1903 423 1947 v,
460 1882 744 1947 Litterae
782 1901 841 1943 n.
874 1882 1014 1944 10.:
1056 1904 1092 1939 ‹
1132 1878 1488 1961 Superiores
1537 1880 1854 1964 regulares
1891 1881 2060 1947 licite
2092 1884 2355 1965 possunt
2388 1884 2624 1966 aperire
2652 1886 2717 1948 et
2748 1884 2829 1948 le·

360 2005 505 2072 gere
533 1985 779 2048 litteras
812 2000 1068 2048 suorum
1114 1981 1527 2060 subditorum,
1561 1981 1667 2045 ubi
1706 1982 1770 2045 id
1814 1984 2115 2047 mandant
2146 2003 2255 2048 seu
2287 1985 2661 2068 permittunt
2694 2005 2828 2068 pro·

362 2089 531 2173 priae
578 2086 1076 2161 constitutiones,
1126 2085 1224 2149 vel
1270 2085 1555 2169 legitima
1603 2085 2045 2150 consuetudine
2093 2087 2519 2154 introductum
2568 2091 2663 2153 est
2717 2109 2828 2171 pro

366 2193 526 2257 bono
576 2189 822 2273 publico
868 2187 1217 2272 religionis:
1252 2187 1587 2251 dummodo
1622 2189 1831 2251 tamen
1878 2207 1982 2252 eas
2031 2208 2152 2253 non
2201 2190 2483 2272 aperiant
2514 2191 2579 2254 et
2613 2190 2828 2275 legant

365 2314 436 2359 ex
482 2313 653 2358 mera
701 2292 1064 2357 curiositate
1097 2293 1209 2355 aut
1248 2291 1494 2373 privata
1550 2290 1832 2372 passione
1888 2293 1950 2355 et
2003 2291 2268 2368 malitia,
2308 2312 2467 2374 quae
2513 2313 2728 2376 pacem
2765 2297 2829 2359 et
2953 2302 2959 2308 “

367 2396 706 2461 fraternam
755 2396 1080 2459 caritatem
1127 2393 1337 2476 potius
1383 2392 1666 2457 violaret.
1703 2392 1878 2457 Unde
1925 2395 1986 2458 in
2035 2394 2134 2458 his
2180 2394 2403 2459 debent
2448 2393 2824 2478 Superiores,

363 2497 659 2584 depositis
707 2497 969 2580 privatis
1016 2496 1425 2580 passionibus,
1483 2498 1664 2560 caute
1709 2486 2053 2580 procedere,
2092 2498 2360 2562 maxime
2406 2518 2548 2562 cum
2594 2500 2828 2564 similes

362 2602 838 2667 constitutiones
886 2602 948 2664 et
994 2599 1467 2664 consuetudines
1497 2599 1625 2663 iam
1659 2599 1783 2664 fere
1815 2598 2199 2665 in‘omnibus
2229 2600 2635 2685 religionibus
2669 2602 2828 2667 abie-

362 2705 492 2768 rint
521 2704 584 2766 in
617 2701 1082 2766 desuetudinem
1094 2703 1176 2794 ,et
1209 2701 1442 2783 passim
1488 2701 1766 2784 religiosi
1811 2702 2044 2766 subditi
2092 2702 2366 2767 scribant
2402 2704 2468 2768 et
2520 2705 2828 2786 accipiant

361 2806 625 2882 litteras,
660 2805 791 2869 sine
838 2803 1094 2867 scientia
1126 2805 1189 2868 et
1218 2803 1467 2867 licentia
1515 2804 1904 2886 superiorum
1936 2805 2131 2888 (quod
2161 2805 2224 2869 in
2255 2807 2471 2871 nostra
2519 2805 2827 2872 Societate

362 2926 613 2992 prorsus
660 2906 1043 2988 inauditum)
1077 2929 1137 2968 ».

456 3009 636 3074 Certe
683 3006 1104 3091 imprudenter
1135 3026 1198 3072 se
1231 3010 1474 3092 gereret
1519 3007 1832 3092 Superior,
1869 3010 2152 3091 aperiens
2190 3011 2454 3086 litteraS,
2502 3013 2564 3076 in
2604 3013 2829 3094 quibus

362 3114 586 3178 merito
635 3112 990 3195 suspicatur
1020 3111 1231 3176 haberi
1271 3112 1523 3189 secreta,
1564 3132 1723 3194 quae
1757 3113 2021 3195 scriptor
2056 3113 2191 3177 iure
2235 3114 2431 3179 nollet
2477 3116 2656 3180 alteri
2694 3136 2828 3180 ma-

357 3216 584 3281 nifesta
630 3216 769 3280 fieri
817 3236 869 3280 e.
905 3235 964 3298 g.
1001 3214 1409 3279 conscientiae
1443 3215 1676 3278 secreta
1707 3215 2196 3279 continerentur.

447 3318 890 3401 Excipiendum
938 3319 1032 3380 est
1077 3335 1323 3397 quoque
1370 3318 1807 3382 commercium
1854 3316 2186 3399 epistolare
2218 3336 2359 3380 cum
2407 3321 2827 3400 superioribus

362 3419 666 3483 mediatis.
703 3417 839 3497 Qua
863 3417 938 3481 de
963 3436 1026 3480 re
1050 3435 1265 3480 rursus
1291 3417 1566 3481 Ferraris
1599 3418 1745 3481 ibid.
1780 3439 1839 3481 n.
1870 3420 1931 3481 9.
1973 3443 2008 3475 «
2033 3417 2306 3481 Litteras
2340 3437 2376 3482 a
2407 3422 2827 3500 superioribus

364 3520 441 3583 ad
473 3520 789 3584 inferiores
822 3520 886 3582 et
931 3518 1009 3582 ab
1063 3517 1455 3581 inferioribus
1508 3517 1585 3581 ad
1634 3519 1980 3601 superiores
2019 3518 2242 3582 missas
2292 3520 2545 3602 aperire,
2603 3522 2826 3605 legere,

362 3619 656 3703 impedire
704 3624 815 3686 aut
861 3620 1175 3685 retardare
1224 3621 1318 3683 est
1364 3621 1682 3702 peccatum
1733 3638 1965 3703 grave3
2002 3619 2146 3700 quia
2179 3637 2286 3700 per
2331 3619 2448 3684 hoc
2493 3622 2828 3703 impeditur

361 3724 628 3788 maxime
674 3726 907 3789 bonum
951 3724 1223 3808 regimen
1272 3723 1591 3808 religionis
1623 3724 1687 3787 et
1723 3722 1997 3785 fraterna
2028 3722 2259 3785 caritas
2290 3723 2452 3787 inter
2481 3724 2826 3808 religiosos.

362 3825 538 3891 Unde
569 3825 732 3890 inter
762 3845 942 3890 casus
968 3825 1367 3891 reservabiles
1401 3846 1436 3890 a
1470 3824 1894 3907 superioribus
1925 3823 2320 3908 regularibus
2350 3823 2633 3890 Clemens
2653 3826 2826 3891 VIII.

361 3930 425 3992 111
479 3947 593 3992 suo
632 3928 875 3993 decreto
930 3928 1097 3992 edito
1132 3929 1236 3992 26.
1270 3928 1424 3992 Maii
1461 3929 1652 3991 1593.
1704 3926 2094 4011 designavit:
2135 3926 2524 3991 malitiosum
2569 3929 2829 4011 impedi-

362 4031 644 4096 mentum
689 4033 804 4095 aut
833 4030 1173 4095 retardatio
1209 4034 1321 4096 aut
1353 4030 1614 4113 aperitio
1645 4029 2006 4094 litterarum
2044 4049 2081 4092 a
2114 4029 2536 4112 superioribus
2575 4029 2653 4094 ad
2683 4031 2831 4096 infe-

361 4135 555 4198 riores
587 4135 651 4197 et
684 4134 761 4197 ab
791 4132 1185 4197 inferioribus
1218 4134 1295 4197 ad
1350 4133 1715 4216 superiores.
1766 4133 1850 4195 Et
1885 4132 2032 4196 talis
2064 4150 2245 4197 casus
2274 4133 2400 4197 fere
2431 4133 2496 4197 in
2545 4134 2829 4200 omnibus

361 4236 766 4322 religionibus
798 4237 959 4301 solet
995 4235 1293 4299 reservari
1326 4262 1387 4299 ».

448 4338 625 4404 Licet
671 4357 916 4421 quoque
966 4337 1329 4403 auctoritati
1376 4338 1656 4420 publicae
1702 4338 1948 4402 litteras
1981 4337 2235 4421 aperire,
2277 4337 2327 4401 si
2366 4339 2700 4421 probabilis
2733 4342 2829 4404 est

364 4442 569 4524 opinio
619 4441 829 4505 damni
877 4440 1297 4524 praecavendi.
1339 4440 1516 4520 Quod
1562 4441 1746 4506 licere
1795 4460 2042 4524 quoque
2073 4441 2319 4525 privato
2353 4439 2674 4505 dicendum
2709 4445 2823 4520 est,

362 4546 490 4608 sive
538 4545 616 4608 ad
649 4541 1137 4627 praecavendum
1170 4561 1352 4607 suum
1384 4543 1689 4607 iniustum
1727 4542 2022 4607 damnum
2057 4543 2185 4606 sive
2218 4541 2493 4606 alterius.
2530 4542 2621 4606 Cf.
2650 4563 2826 4627 prae-

361 4648 530 4710 terea
578 4647 743 4711 dicta
774 4668 834 4711 11.
874 4646 1065 4712 1083.
