3497 5147
705 338 814 392 234
1074 350 1287 391 mmor.
1328 352 1408 391 vr.
1448 350 1610 392 emor.
1650 352 1689 392 1.
1729 352 1815 392 nm
1853 353 2046 393 ano
2086 353 2443 394 Pnamnvro
2485 351 2798 393 nncALoffl
3028 335 3173 410 [320]

711 452 922 514 autem
946 448 1147 530 prima
1169 447 1433 511 intentio
1457 448 1636 526 desit,
1666 449 1868 513 oratio
1888 468 1998 513 nec
2013 450 2333 514 meritoria
2350 449 2571 513 estnec
2591 448 3018 531 impetrativa.
3034 448 3178 511 Ter-

712 551 840 615 tius
873 550 1124 614 effectus
1157 550 1455 614 orationis
1487 551 1601 622 est,
1636 569 1821 631 quem
1852 552 2345 634 praesentialiter
2377 552 2585 627 efficit,
2613 551 2849 616 scilicet
2872 550 3177 632 quaedam

710 652 1055 736 spiritualis
1082 651 1333 716 refectio
1357 652 1603 727 mentiS,
1626 653 1689 716 et
1713 652 1792 716 ad
1816 653 1931 718 hoc
1954 653 2028 718 de
2050 654 2782 741 necessitate‘requiritur
2804 653 2872 717 in
2898 653 3177 719 oratione

717 754 984 819 attentio
1020 778 1082 817 ».

803 854 984 928 320.
1021 856 1284 939 Expedit
1317 857 1526 920 autem
1559 860 1621 920 et
1643 856 1869 922 referre
1893 878 2052 940 quae
2071 860 2282 924 subdit
2305 860 2467 924 circa
2493 860 2698 924 varias
2723 859 2956 942 species
2982 859 3180 922 atten-

716 961 926 1025 tionis.
959 984 995 1018 (
1019 958 1345 1023 Sciendum
1371 962 1600 1033 tamen,
1626 960 1791 1041 quod
1818 961 2039 1042 triplex
2064 965 2158 1026 est
2183 964 2470 1037 attentio,
2497 981 2656 1043 quae
2683 960 2952 1025 orationi
2974 958 3176 1023 vocali

715 1065 923 1147 potest
956 1062 1251 1126 adhiberi.
1279 1060 1419 1125 Una
1451 1061 1718 1143 quidem,
1754 1081 1878 1143 qua
1902 1064 2249 1127 attenditur
2282 1065 2357 1129 ad
2389 1066 2597 1141 verba,
2633 1082 2709 1127 ne
2743 1061 2969 1143 aliquis
2993 1062 3056 1124 in
3089 1060 3177 1124 eis

718 1166 912 1229 erret:
947 1163 1233 1240 secunda,
1259 1182 1382 1245 qua
1409 1163 1754 1228 attenditur
1787 1165 1864 1227 ad
1896 1185 2144 1229 sensum
2181 1167 2539 1231 verborum:
2579 1165 2789 1242 tertia,
2825 1183 2946 1245 qua
2978 1164 3180 1227 atten-

721 1268 891 1330 ditur
922 1266 1000 1330 ad
1035 1266 1220 1329 finem
1253 1266 1572 1339 orationis,
1608 1266 1841 1330 scilicet
1879 1266 1956 1330 ad
1989 1269 2190 1332 Deum
2222 1271 2286 1333 et
2318 1267 2395 1331 ad
2426 1288 2575 1345 rem,
2610 1285 2722 1350 pro
2769 1284 2894 1347 qua
2939 1266 3175 1342 oratur,

721 1389 880 1452 quae
912 1370 1158 1451 quidem
1192 1370 1287 1432 est
1317 1370 1583 1433 maxime
1615 1371 1957 1435 necessaria
1989 1370 2253 1451 (scilicet
2284 1371 2361 1435 ab
2397 1371 2608 1453 initio)
2642 1370 2706 1433 et
2736 1370 2896 1432 hane
2919 1367 3180 1450 possunt

722 1472 946 1536 habere
980 1472 1170 1536 etiam
1202 1472 1432 1535 idiotae
1464 1496 1526 1534 ».
1560 1471 1603 1535 l.
1637 1491 1687 1534 c.

813 1576 1034 1656 Itaque
1072 1576 1147 1638 ut
1182 1594 1327 1638 vera
1366 1574 1449 1638 sit
1487 1574 1687 1638 oratio
1720 1574 1913 1655 (vera,
1947 1575 2223 1656 inquam,
2257 1576 2593 1639 secundum
2625 1572 2958 1637 essentiam
2982 1588 3180 1647 suam,

724 1677 889 1759 quod
920 1696 1041 1741 non
1080 1676 1328 1759 perinde
1365 1676 1461 1739 est
1492 1695 1563 1740 ac
1594 1696 1723 1739 esse
1756 1676 2136 1758 perfectam),
2171 1678 2510 1758 requiritur
2533 1676 2756 1740 saltem
2783 1674 2861 1738 ab
2885 1673 3069 1737 initio
3099 1673 3186 1736 in-

724 1781 921 1844 tentio
956 1779 1169 1843 orandi
1204 1780 1424 1850 Deum,
1460 1797 1617 1859 quae
1649 1779 2003 1842 virtualiter
2035 1779 2315 1861 deinceps
2349 1779 2654 1861 perduret.

813 1881 1027 1960 Qualis
1074 1899 1218 1943 vero
1269 1880 1532 1943 attentio
1564 1881 1919 1960 requiratur
1957 1901 2026 1945 ex
2060 1883 2278 1955 tribus,
2330 1881 2555 1946 Suarez
2596 1883 2802 1945 censet
2848 1905 2883 1937 «
2916 1877 3085 1960 quod
3116 1880 3184 1940 ut

726 1983 957 2048 vocalis
991 1983 1191 2045 oratio
1225 1983 1309 2045 sit
1340 2002 1485 2044 vera
1533 1983 1755 2073 orati0,
1796 1984 2028 2046 sufficit
2072 2003 2496 2065 quaecumque
2535 1983 2800 2047 attentio
2836 2001 2910 2045 ex
2956 1980 3183 2044 tribus:

726 2086 801 2149 ad
850 2084 1170 2148 vitandam
1218 2084 1429 2146 autem
1477 2102 1721 2147 omnem
1769 2084 2034 2166 culpam,
2085 2104 2207 2149 non
2268 2105 2507 2168 semper
2567 2084 2885 2167 quaelibet
2929 2082 3181 2146 sufficit.

725 2188 809 2250 Et
831 2187 923 2250 ait
941 2185 1208 2267 priorem
1240 2186 1480 2267 partem
1504 2204 1635 2248 esse
1652 2204 2061 2250 communem.
2097 2188 2284 2252 Ratio
2311 2188 2424 2263 est,
2459 2188 2606 2269 quia
2630 2206 2774 2251 cum
2799 2201 3189 2267 quacumque

724 2290 976 2351 illarum
1009 2288 1427 2351 attentionum
1460 2289 1637 2351 actus
1670 2291 1764 2352 est
1797 2289 2105 2353 humanus
2139 2293 2202 2353 et
2226 2310 2441 2354 verum
2469 2291 2719 2373 signum
2751 2289 2962 2352 cultus
2993 2284 3190 2350 divini

729 2410 799 2453 ac
828 2389 1148 2473 petitionis
1178 2390 1453 2453 internae
1492 2391 1621 2453 Deo
1663 2391 1973 2455 oblatae...
2026 2390 2183 2455 Sane
2219 2392 2406 2457 homo
2439 2412 2561 2457 non
2593 2393 2844 2456 tenetur
2876 2410 2949 2454 ex
2986 2390 3052 2454 vi
3089 2407 3190 2452 na·

727 2494 951 2558 turalis
984 2493 1138 2578 legis
1187 2512 1361 2557 orare
1407 2494 1659 2557 meliore
1706 2495 1910 2573 modo,
1959 2514 2083 2578 quo
2129 2497 2370 2580 potest:
2421 2515 2568 2582 ergo
2615 2515 2726 2560 1100
2771 2496 3024 2560 tenetur
3070 2511 3190 2557 non

724 2597 1019 2681 impedire
1050 2596 1481 2679 perfectionem
1525 2598 1923 2672 attentioni83
1974 2618 2119 2682 ergo
2169 2598 2510 2664 adhibendo
2561 2599 2973 2663 attentionem
3021 2596 3192 2661 suffi-

726 2693 988 2764 cientem
1034 2699 1377 2775 minimam,
1411 2700 1556 2762 licet
1602 2700 1993 2781 praescindat
2023 2702 2120 2765 vel
2146 2702 2431 2766 excludat
2479 2701 2653 2777 aliae,
2688 2720 2810 2765 non
2843 2699 3188 2782 peccabit...

727 2801 791 2864 Si
838 2820 982 2865 vero
1032 2801 1231 2865 oratio
1272 2800 1449 2864 sitin
1480 2805 1826 2883 praecepto,
1877 2803 1991 2865 sub
2037 2803 2146 2866 illo
2193 2822 2314 2867 non
2364 2803 2531 2866 cadit
2579 2802 2799 2866 modus
2840 2800 3187 2884 perfectior,

724 2905 829 2970 sed
877 2906 1127 2968 tantum
1174 2904 1605 2968 substantialis
1638 2931 1699 2967 ».
1736 2903 1810 2967 de
1844 2904 2054 2985 Reliy.
2090 2909 2168 2969 tr.
2199 2906 2260 2969 4.
2297 2906 2339 2968 1.
2377 2907 2438 2968 3.
2474 2926 2524 2970 e.
2553 2906 2614 2969 4.
2650 2926 2752 2969 nn.
2791 2906 2851 2968 8.
2891 2905 2997 2966 11.

817 3006 1032 3087 Quoad
1082 3006 1343 3069 alteram
1399 3008 1637 3088 partem
1694 3007 1811 3070 ait:
1868 3032 1903 3065 ‹<
1950 3007 2210 3089 Oportet
2264 3007 2647 3071 considerare
2694 3006 2898 3088 qualis
2948 3006 3037 3069 sit
3080 3003 3192 3068 illa

728 3111 1039 3185 voluntaS,
1074 3129 1179 3190 per
1215 3128 1404 3190 quam
1450 3109 1725 3172 carentia
1771 3109 2043 3172 melioris
2082 3108 2447 3173 attentionis
2479 3109 2836 3173 voluntaria
2874 3110 2988 3172 est.
3025 3106 3188 3170 Nam

724 3215 776 3279 si
824 3214 935 3275 issa
982 3212 1066 3275 sit
1103 3212 1492 3276 rationabilis
1526 3213 1589 3274 et
1620 3231 1691 3275 ex
1738 3211 1949 3292 aliquo
1984 3212 2243 3276 honesto
2279 3213 2491 3286 titulo,
2520 3212 2672 3276 nihil
2715 3213 2993 3276 obstabit
3040 3228 3195 3293 quo-

727 3317 934 3379 minus
982 3314 1171 3378 etiam
1221 3315 1422 3378 oratio
1470 3316 1728 3378 honesta
1793 3315 1878 3378 sit
1924 3314 2026 3395 (ut
2078 3334 2220 3378 cum
2277 3315 2417 3396 quis
2473 3315 2733 3386 dum,se
2778 3314 3003 3390 induit,
3058 3315 3194 3378 orat

728 3419 895 3502 quod
917 3420 1080 3482 certe
1102 3417 1294 3498 licet).
1330 3417 1417 3480 At
1454 3435 1598 3480 vero
1631 3417 1682 3480 si
1714 3417 2006 3481 voluntas
2029 3418 2366 3499 impediens
2397 3418 2715 3482 meliorem
2756 3417 3187 3493 attentionem,

729 3523 813 3586 sit
860 3522 1014 3584 alias
1060 3520 1133 3583 de
1181 3523 1324 3583 actu
1358 3520 1527 3602 turpi
1575 3521 1675 3583 vel
1706 3521 1928 3597 otioso,
1969 3520 2216 3584 videtur
2261 3520 2535 3602 profecto
2583 3521 2877 3585 voluntas
2922 3520 3036 3584 illa
3066 3538 3186 3582 non

730 3627 933 3689 solum
980 3624 1042 3686 in
1090 3642 1153 3687 se
1200 3623 1386 3692 mala.
1438 3624 1542 3686 sed
1588 3623 1780 3686 etia-m
1818 3643 1948 3687 esse
1996 3642 2188 3705 prava
2234 3623 2704 3687 circumstantia
2744 3623 3066 3698 orationis,
3100 3622 3188 3685 ita

734 3730 870 3792 ut...
919 3746 1081 3790 unus
1130 3729 1306 3791 actus
1353 3726 1653 3791 deformet
1701 3727 1921 3802 alium3
1972 3726 2118 3806 quia
2163 3744 2284 3789 non
2340 3724 2414 3789 fit
2459 3726 2588 3789 sine
2633 3724 3036 3788 irreverentia
3083 3722 3194 3787 Dei

732 3831 932 3895 oratio
952 3849 1095 3894 cum
1118 3831 1472 3894 voluntaria
1496 3830 1897 3893 distractione
1920 3829 2092 3911 turpi
2114 3829 2213 3892 vel
2231 3827 2710 3891 irrationabili...
2733 3826 2909 3891 Unde
2929 3828 3025 3891 est
3044 3825 3196 3890 mihi

733 3933 1087 4010 verisimile,
1135 3934 1187 3997 si
1236 3934 1373 4014 quis
1420 3933 1567 3995 dum
1616 3931 1912 4018 vocaliter
1960 3933 2118 4007 orat,
2168 3930 2231 3994 in
2267 3930 2675 3994 delectatione
2712 3931 2777 3993 et
2812 3928 3196 4013 cogitatione

732 4037 900 4120 turpi
950 4055 1191 4100 morose
1229 4035 1583 4106 delectetur,
1634 4033 1938 4114 peccando
1977 4033 2327 4097 mortaliter
2373 4026 2587 4096 contra
2635 4032 3014 4106 castitatem,
3051 4050 3198 4095 eum

734 4141 926 4204 etiam
966 4156 1211 4221 peccare
1257 4155 1364 4217 per
1409 4134 1942 4197 circumstantiam
1989 4135 2363 4198 contrariam
2411 4133 2696 4218 religioni
2730 4134 2828 4197 vel
2872 4133 3205 4198 venialiter

737 4242 1204 4326 aggravantem,
1254 4236 1418 4318 quod
1466 4238 1562 4300 est
1591 4237 1849 4312 certum,
1885 4238 1981 4300 vel
2029 4238 2220 4301 etiam
2266 4238 2636 4314 mortaliter,
2686 4235 2872 4318 quod,
2922 4237 3066 4301 lieet
3112 4236 3207 4300 sit

732 4346 1056 4408 incertum.
1116 4339 1458 4404 timendum
1515 4343 1649 4416 est3
1721 4341 1871 4422 quia
1927 4341 2174 4405 videtur
2229 4341 2439 4424 gravis
2507 4341 2623 4404 Dei
2692 4340 3088 4405 irreverentia
3136 4365 3209 4406 ».

741 4445 897 4509 Ibid.
940 4464 998 4506 11.
1040 4445 1140 4505 13.

829 4547 889 4612 S.
925 4547 1196 4610 Thomas
1229 4546 1376 4611 haec
1410 4547 1596 4611 habet
1627 4547 1668 4609 l.
1704 4566 1754 4610 c.
1793 4547 1867 4610 ad
1907 4549 2019 4610 1¹¹¹:
2067 4571 2102 4605 «
2136 4547 2205 4609 In
2245 4546 2470 4629 spiritu
2501 4549 2564 4609 et
2602 4546 2867 4610 veritate
2893 4548 3047 4618 orat,
3082 4546 3206 4626 qui
