3497 5147
718 336 827 392 278
936 351 1148 391 TnAc‘r.
1177 352 1256 392 w.
1283 349 1444 392 saer.
1471 350 1510 389 1.
1538 351 1623 389 Dm
1648 350 1840 391 ramo
1867 350 2083 390 ruane.
2109 350 2443 392 Dracanom.
2470 352 2610 394 CAP.
2635 351 2700 393 11.
2727 352 2871 394 nnn.
2903 352 2941 391 1.
3038 336 3187 412 [377]

718 450 891 531 patet
934 468 1006 512 ex
1052 448 1409 531 Evangelio,
1446 447 1553 510 ubi
1597 448 1845 511 diabolo
1894 447 2180 512 suadenti
2219 450 2290 511 ut
2324 466 2388 512 se
2421 449 2708 513 deiiceret
2741 468 2773 512 e
2806 449 3023 531 templi
3056 469 3186 513 ver-

718 552 836 616 tice
866 550 1148 615 Christus
1180 550 1496 633 respondit
1523 577 1603 606 =
1629 549 1783 613 Non
1816 550 2084 613 tentabis
2115 549 2460 614 Dominum
2484 570 2600 615 ecc.
2634 550 2810 615 Suar.
2837 551 2879 614 1.
2908 572 2959 616 c.
2988 572 3046 615 n.
3080 551 3183 618 16.

830 693 999 745 XLlil.
1024 695 1075 744 2.
1102 691 1470 757 interpretativa
1508 692 1727 753 tentati0‚
1755 691 1833 744 cui
1857 690 2098 745 dubitatio
2122 691 2204 745 ilia
2231 694 2385 754 deest,
2413 696 2699 759 pierumque
2747 698 2822 746 est
2849 680 3034 746 tantum
3074 708 3184 759 pec-

716 782 877 830 catum
917 775 1105 830 veniale
1142 780 1205 829 ob
1244 774 1657 842 imperfectionem
1684 784 1840 838 actuS,
1866 774 2203 841 ignorantiam,
2229 776 2723 831 inconsiderationem
2765 781 2843 831 vel
2885 777 3178 844 parvitatem

719 862 935 927 periculi.
962 864 1062 916 imo
1088 877 1234 930 saepe
1273 865 1457 916 nulium
1483 870 1557 915 est
1584 870 1854 928 peccatum,
1881 865 2076 927 quando
2116 862 2303 916 scilicet
2340 863 2466 917 iusta
2505 878 2651 917 causa
2685 867 2870 929 subest,
2902 879 2948 917 v.
2976 879 3050 929 gr.
3084 864 3172 919 Dei

717 945 990 1010 instinctuS‚
1019 947 1282 1001 necessitas
1308 949 1389 1001 vel
1416 946 1492 1014 pia
1523 947 1721 1000 utilitas.
1753 950 1889 1010 sayr.
1919 948 2078 1000 Tolet.
2105 946 2258 1001 Caiet.
2285 962 2325 1000 S.
2352 950 2527 1001 Thom.
2569 951 2618 1001 2.
2647 951 2694 1000 2.
2731 965 2778 1014 q.
2808 950 2892 1002 92.

807 1068 981 1141 377.
1021 1070 1180 1151 Quid
1225 1070 1577 1152 requiratur
1623 1069 1701 1133 ad
1748 1069 2158 1133 tentationem
2207 1070 2321 1134 Dei
2377 1071 2916 1154 interpretativam
2965 1074 3026 1137 et
3073 1093 3178 1156 per

717 1174 866 1255 quid
913 1174 1333 1255 distinguatur
1381 1192 1417 1235 a
1464 1172 1647 1236 modo
1697 1170 1919 1255 agendi
1967 1171 2341 1254 imprudenti
2389 1174 2450 1236 et
2497 1174 2845 1251 temerario,
2895 1175 3174 1257 superius

717 1296 819 1340 nn.
856 1276 1006 1339 372.
1043 1275 1192 1338 373.
1229 1274 1463 1338 dictum
1499 1275 1612 1338 est.

805 1378 897 1442 Ad
946 1377 1411 1460 intelligendam
1460 1378 1670 1439 autem
1718 1376 2065 1440 doctrinam
2110 1376 2208 1454 A„
2251 1376 2522 1453 adverte,
2558 1377 2861 1458 quaedam
2914 1397 3067 1453 esse,
3117 1379 3180 1443 in

712 1481 936 1562 quibus
982 1479 1225 1543 nullum
1271 1479 1477 1542 locum
1510 1478 1741 1541 habent
1789 1478 2168 1560 imperfectio
2204 1480 2380 1542 actus
2414 1479 2527 1541 aut
2557 1478 3034 1543 inconsideratio
3071 1483 3180 1543 aut

712 1582 1085 1666 ignorantia.
1134 1580 1456 1644 Eiusmodi
1502 1582 1648 1643 sunt
1695 1580 1992 1662 exempla,
2030 1600 2189 1662 quae
2238 1581 2470 1663 passim
2518 1584 2966 1663 proponuntur,
3008 1584 3081 1644 ut
3126 1581 3180 1646 si

714 1685 851 1767 quis
886 1684 964 1748 ad
995 1682 1327 1747 imitandos
1376 1682 1677 1762 quosdam
1712 1680 1971 1746 Sanctos
2005 1683 2193 1746 vellet
2240 1682 2445 1747 vivere
2478 1702 2549 1746 ex
2595 1683 2729 1748 sola
2759 1684 3173 1763 Eucharistia,

718 1789 829 1851 aut
866 1786 944 1851 ad
976 1786 1321 1867 exemplum
1353 1782 1585 1848 Christi
1618 1784 1804 1848 vellet
1837 1786 1942 1849 40.
1979 1785 2107 1849 dies
2144 1785 2486 1869 transigere
2532 1786 2661 1849 sine
2707 1786 2842 1850 cibo
2891 1790 2956 1850 et
3002 1790 3174 1869 potu,

716 1892 826 1953 aut
864 1890 1091 1953 fretum
1124 1888 1462 1970 transigere
1495 1906 1677 1970 super
1715 1890 1962 1951 extenso
1996 1888 2207 1970 pallio,
2243 1891 2315 1951 ut
2344 1908 2393 1952 3.
2429 1889 2792 1955 Franciscus
2841 1890 2914 1953 de
2952 1890 3171 1955 Paula.

805 1992 947 2055 Alia
991 2010 1134 2055 vero
1174 1993 1338 2067 sunt,
1373 1990 1434 2053 in
1466 1990 1689 2072 quibus
1737 1991 2074 2073 plurimum
2106 1992 2226 2056 sibi
2256 1992 2573 2056 vindicant
2613 1994 2675 2056 et
2719 1993 3076 2076 ignorantia
3111 1996 3172 2057 et

714 2092 1207 2169 inconsideratio,
1242 2092 1423 2172 idque
1472 2091 1829 2174 saepissime
1863 2093 1937 2156 fit
1968 2093 2031 2156 in
2063 2094 2158 2169 113,
2198 2112 2356 2175 quae
2404 2093 2480 2157 ad
2529 2094 2872 2176 profectum
2919 2095 3171 2178 spiritus

716 2195 1048 2278 pertinent;
1098 2194 1321 2276 quippe
1366 2195 1470 2258 vix
1515 2196 1627 2271 est,
1662 2194 1770 2275 qui
1816 2214 1938 2259 non
1986 2195 2169 2273 dicat,
2204 2215 2268 2260 se
2299 2216 2437 2259 cum
2468 2195 2598 2260 Dei
2641 2196 2884 2261 auxilio
2932 2217 3173 2280 sperare

715 2300 827 2361 aut
870 2296 1215 2379 profectum
1251 2296 1315 2360 in
1362 2297 1700 2361 virtutibus
1734 2298 1846 2360 aut
1876 2297 2367 2361 emendationem
2413 2298 2579 2362 vitae
2614 2300 2725 2361 aut
2755 2299 3026 2363 salutem
3065 2301 3173 2363 aut

712 2400 946 2483 peccati
989 2398 1234 2482 fugam:
1286 2398 1488 2463 media
1550 2401 1759 2462 tamen
1808 2398 1884 2461 ad
1934 2398 1994 2462 id
2042 2399 2216 2481 paria
2268 2419 2393 2464 non
2440 2399 2691 2464 adhibet
2737 2403 2800 2464 et
2845 2402 3035 2466 simul
3083 2403 3174 2465 in-

710 2502 954 2566 terdum
1000 2501 1168 2578 dicit,
1219 2520 1281 2566 se
1331 2521 1367 2565 a
1416 2503 1545 2565 Deo
1592 2520 1715 2565 non
1763 2500 2140 2564 exauditum.

798 2605 871 2669 A.
924 2604 1094 2668 addit
1143 2604 1330 2667 aliam
1375 2604 1681 2667 rationem
1725 2603 2001 2667 levitatis
2047 2603 2264 2686 culpae
2308 2604 2692 2683 parvitatem
2741 2605 3039 2686 periculi.
3088 2607 3168 2671 Et

707 2726 756 2772 s.
790 2707 973 2790 Alph.
1009 2728 1068 2771 n.
1105 2707 1210 2770 30.
1251 2706 1401 2770 facit
1432 2705 1565 2769 heic
1611 2704 2054 2787 quaestionem,
2093 2724 2171 2769 an
2218 2706 2280 2770 in
2329 2709 2666 2773 tentatione
2697 2707 2828 2773 Dei
2863 2710 3165 2789 interpre-

712 2810 907 2872 tativa
950 2809 1130 2872 detur
1174 2808 1450 2892 parvitas
1497 2807 1814 2883 materiae,
1850 2826 1921 2871 ac
1956 2807 2380 2872 Busembaum
2428 2810 2623 2892 ponit,
2663 2829 2804 2875 cum
2852 2811 3164 2888 Valentia,

707 2908 1002 2975 Caietano
1036 2912 1149 2975 etc.
1183 2911 1343 2975 inter
1373 2929 1498 2986 303,
1532 2910 1641 2991 qui
1662 2910 1861 2974 levem
1893 2910 2138 2992 culpam
2172 2910 2385 2975 dicunt
2414 2913 2655 2976 tentare
2688 2913 2888 2977 Deum
2921 2934 3002 2977 ex
3030 2913 3166 2978 sola

704 3012 1063 3077 curiositate
1108 3010 1430 3090 spectandi
1473 3010 1734 3092 aliqwd
1776 3031 1928 3092 opas
1971 3012 2477 3091 supernaturale.

799 3115 1031 3178 Verum
1062 3113 1136 3176 A.
1172 3114 1288 3177 hoc
1320 3132 1440 3177 non
1478 3113 1626 3178 dicit
1658 3115 1720 3177 et
1753 3132 1966 3177 sensus
1992 3114 2123 3177 eius
2151 3117 2262 3190 est,
2298 3135 2483 3196 quem
2514 3117 2804 3182 Valentia
2835 3118 2934 3183 his
2967 3120 3164 3183 verbis

706 3215 878 3281 effert
908 3215 972 3278 in
1005 3217 1065 3277 2.
1097 3216 1155 3277 2.
1185 3214 1355 3298 Disp.
1386 3214 1445 3278 6.
1474 3236 1532 3297 q.
1562 3215 1662 3279 14.
1690 3217 1898 3297 punct.
1928 3217 2019 3279 2.:
2061 3240 2096 3273 «
2127 3215 2220 3280 Ex
2250 3236 2472 3300 genere
2503 3219 2750 3300 quidem
2782 3221 3022 3285 certum
3054 3224 3164 3300 est,

703 3317 1110 3382 tentationem
1144 3317 1258 3381 Dei
1304 3335 1433 3382 esse
1482 3318 1801 3399 peccatum
1849 3318 2178 3381 mortale...
2214 3317 2542 3404 Contingit
2593 3323 2800 3386 tamen
2832 3342 2907 3387 ex
2936 3323 3163 3407 duplici

701 3419 901 3502 capite
925 3437 1055 3483 esse
1087 3419 1343 3484 veniale.
1380 3419 1588 3482 Primo
1627 3418 1680 3482 si
1712 3418 1796 3482 sit
1828 3421 2075 3484 tantum
2109 3422 2366 3485 tentatio
2389 3422 2740 3487 materialis
2771 3426 2834 3487 et
2866 3425 3164 3509 interpre-

701 3523 965 3588 tativa...
1002 3523 1176 3588 Tunc
1221 3522 1403 3598 enim,
1436 3523 1508 3584 111
1552 3522 1715 3586 recte
1764 3521 1854 3585 ait
1884 3518 2305 3602 Caietanus...‚
2340 3525 2590 3607 propter
2633 3525 3160 3608 imperfectionem

703 3628 878 3692 actus
910 3625 1320 3691 communiter
1366 3626 1614 3688 tantum
1662 3626 1823 3689 esset
1870 3626 2127 3704 veniale,
2169 3625 2288 3690 nisi
2334 3625 2493 3691 forte
2537 3628 2819 3712 gravitas
2865 3630 3166 3694 materiae

702 3730 785 3793 sit
832 3731 1029 3804 tanta,
1079 3730 1153 3791 111
1198 3728 1409 3792 redeat
1457 3728 1632 3792 301113
1671 3728 1734 3792 111
1782 3729 2072 3792 naturam
2121 3747 2267 3793 suae
2314 3728 2549 3794 formae
2596 3732 2903 3812 quantum
2936 3731 3016 3795 ad
3047 3733 3165 3798 hoo

697 3831 862 3912 quod
894 3832 988 3895 est
1025 3848 1156 3893 esse
1189 3830 1472 3907 mortale,
1509 3833 1579 3894 ut
1610 3851 1669 3895 v.
1703 3851 1797 3914 gr.
1834 3831 1888 3894 si
1918 3831 2247 3914 exponeret
2284 3850 2347 3895 se
2386 3831 2524 3912 quis
2554 3832 2826 3896 maximo
2853 3833 3162 3912 periculo.

699 3929 871 3996 Sicut
918 3931 978 3994 in
1026 3932 1395 4015 purgatione
1443 3932 1587 3996 ferri
1634 3932 1950 3996 candentis
1985 3959 2046 3994 ».
2080 3933 2274 3996 Porro
2323 3953 2480 4015 quae
2526 3932 2752 3998 dicitur
2807 3936 3162 4002 maternalis

697 4033 982 4109 tentatiO,
1019 4052 1139 4097 non
1172 4052 1244 4096 ea
1282 4035 1395 4110 est,
1423 4052 1581 4114 quae
1613 4035 1792 4115 putet
1825 4033 2132 4116 agendum
2166 4053 2308 4098 cum
2342 4037 2471 4100 Deo
2505 4036 2668 4101 sicut
2698 4057 2840 4102 011111
2871 4038 3161 4116 1111110113;

697 4136 801 4201 3311
847 4135 1160 4200 reducitur
1218 4135 1294 4198 ad
1353 4134 1831 4217 imprudentiam
1886 4153 1995 4197 seu
2053 4134 2690 4216 inconsiderationem,
2738 4160 2898 4222 quae
2947 4145 3157 4207 tamen

697 4240 905 4320 posset
935 4257 1065 4302 esse
1098 4256 1286 4321 grave
1321 4236 1659 4319 peccatum,
1686 4234 1740 4299 si
1771 4236 1950 4320 gravi
1981 4237 2316 4303 discrimini
2350 4241 2612 4306 obnoxia
2645 4245 2805 4306 esset
2835 4248 2901 4308 et
2931 4244 3156 4310 idcirco

702 4338 777 4404 ob
807 4339 940 4402 leve
988 4338 1327 4420 perieulum
1362 4336 1480 4400 erit
1511 4336 1642 4399 leve
1677 4340 2016 4419 peccatum.
2051 4340 2284 4406 Idcirco
2316 4342 2392 4406 A.
2427 4363 2548 4408 non
2581 4345 2736 4408 dixit
2765 4344 2840 4409 ob
2875 4349 3161 4426 parvita-

699 4443 816 4504 tem
849 4440 1166 4514 materiae‚
1202 4438 1307 4503 sed
1339 4438 1411 4501 ob
1446 4436 1753 4502 lemftatem
1777 4441 2069 4520 periculi.
2104 4443 2276 4508 Haec
2321 4444 2583 4510 clariora
2629 4447 2780 4511 fient
2826 4467 2901 4512 ex
2931 4447 3156 4514 Suarez

697 4541 997 4608 doctrina.
