<?xml version="1.0" encoding="UTF-8"?>
<!DOCTYPE html PUBLIC "-//W3C//DTD XHTML 1.0 Transitional//EN"
    "http://www.w3.org/TR/xhtml1/DTD/xhtml1-transitional.dtd">
<html xmlns="http://www.w3.org/1999/xhtml" xml:lang="en" lang="en">
 <head>
  <title>
</title>
<meta http-equiv="Content-Type" content="text/html;charset=utf-8" />
  <meta name='ocr-system' content='tesseract 3.04.00' />
  <meta name='ocr-capabilities' content='ocr_page ocr_carea ocr_par ocr_line ocrx_word'/>
</head>
<body>
  <div class='ocr_page' id='page_1' title='image "./opustheologicum00ballgoog/opustheologicum00ballgoog_0455.png"; bbox 0 0 3497 5147; ppageno 0'>
   <div class='ocr_carea' id='block_1_1' title="bbox 796 316 3200 393">
    <p class='ocr_par' dir='ltr' id='par_1_1' title="bbox 796 316 3200 393">
     <span class='ocr_line' id='line_1_1' title="bbox 796 316 3200 393; baseline 0.001 -23"><span class='ocrx_word' id='word_1_1' title='bbox 796 316 905 370; x_wconf 84' lang='grc'>448</span> <span class='ocrx_word' id='word_1_2' title='bbox 952 329 1165 369; x_wconf 63' lang='lat' dir='ltr'>macr.</span> <span class='ocrx_word' id='word_1_3' title='bbox 1194 331 1274 371; x_wconf 80' lang='lat' dir='ltr'>vr.</span> <span class='ocrx_word' id='word_1_4' title='bbox 1302 330 1464 372; x_wconf 67' lang='lat' dir='ltr'>secr.</span> <span class='ocrx_word' id='word_1_5' title='bbox 1496 331 1561 373; x_wconf 90' lang='lat'>11.</span> <span class='ocrx_word' id='word_1_6' title='bbox 1589 332 1675 371; x_wconf 70' lang='lat' dir='ltr'>ma</span> <span class='ocrx_word' id='word_1_7' title='bbox 1701 331 1982 373; x_wconf 64' lang='lat' dir='ltr'>suem-mo</span> <span class='ocrx_word' id='word_1_8' title='bbox 2008 331 2225 372; x_wconf 69' lang='lat' dir='ltr'>PRAEc.</span> <span class='ocrx_word' id='word_1_9' title='bbox 2251 330 2583 373; x_wconf 64' lang='lat' dir='ltr'>mammea.</span> <span class='ocrx_word' id='word_1_10' title='bbox 2607 331 2736 372; x_wconf 81' lang='lat' dir='ltr'>CAP.</span> <span class='ocrx_word' id='word_1_11' title='bbox 2766 332 2826 373; x_wconf 89' lang='lat'>11.</span> <span class='ocrx_word' id='word_1_12' title='bbox 2849 332 2979 372; x_wconf 78' lang='lat' dir='ltr'>Due.</span> <span class='ocrx_word' id='word_1_13' title='bbox 3001 334 3049 373; x_wconf 80' lang='lat' dir='ltr'>v.</span> <span class='ocrx_word' id='word_1_14' title='bbox 3077 318 3200 393; x_wconf 65' lang='lat'>[582]</span> 
     </span>
    </p>
   </div>
   <div class='ocr_carea' id='block_1_2' title="bbox 795 426 3213 1640">
    <p class='ocr_par' dir='ltr' id='par_1_2' title="bbox 795 426 3206 1208">
     <span class='ocr_line' id='line_1_2' title="bbox 886 426 3203 509; baseline 0.002 -20"><span class='ocrx_word' id='word_1_15' title='bbox 886 426 1242 509; x_wconf 79' lang='lat' dir='ltr'>Respondet</span> <span class='ocrx_word' id='word_1_16' title='bbox 1264 426 1516 491; x_wconf 90' lang='lat' dir='ltr'>Lessius</span> <span class='ocrx_word' id='word_1_17' title='bbox 1550 427 1625 491; x_wconf 87' lang='lat' dir='ltr'>de</span> <span class='ocrx_word' id='word_1_18' title='bbox 1648 430 1914 493; x_wconf 78' lang='lat' dir='ltr'>Iustitia</span> <span class='ocrx_word' id='word_1_19' title='bbox 1945 432 2060 493; x_wconf 89' lang='lat' dir='ltr'>etc.</span> <span class='ocrx_word' id='word_1_20' title='bbox 2095 430 2138 492; x_wconf 91' lang='lat'>1.</span> <span class='ocrx_word' id='word_1_21' title='bbox 2175 431 2234 492; x_wconf 82' lang='lat'>2.</span> <span class='ocrx_word' id='word_1_22' title='bbox 2270 449 2322 492; x_wconf 92' lang='lat' dir='ltr'>c.</span> <span class='ocrx_word' id='word_1_23' title='bbox 2357 430 2463 492; x_wconf 83' lang='lat'>42.</span> <span class='ocrx_word' id='word_1_24' title='bbox 2500 428 2643 493; x_wconf 90' lang='lat' dir='ltr'>dub.</span> <span class='ocrx_word' id='word_1_25' title='bbox 2680 430 2737 492; x_wconf 87' lang='lat'>7.</span> <span class='ocrx_word' id='word_1_26' title='bbox 2761 450 2819 493; x_wconf 91' lang='lat' dir='ltr'>n.</span> <span class='ocrx_word' id='word_1_27' title='bbox 2852 430 2950 491; x_wconf 84' lang='lat'>34.</span> <span class='ocrx_word' id='word_1_28' title='bbox 2983 430 3029 492; x_wconf 91' lang='lat' dir='ltr'>si</span> <span class='ocrx_word' id='word_1_29' title='bbox 3055 430 3203 494; x_wconf 85' lang='lat' dir='ltr'>dolus</span> 
     </span>
     <span class='ocr_line' id='line_1_3' title="bbox 800 528 3200 608; baseline 0.001 -15"><span class='ocrx_word' id='word_1_30' title='bbox 800 547 1053 593; x_wconf 88' lang='lat' dir='ltr'>causam</span> <span class='ocrx_word' id='word_1_31' title='bbox 1093 528 1329 592; x_wconf 89' lang='lat' dir='ltr'>dederit</span> <span class='ocrx_word' id='word_1_32' title='bbox 1375 530 1750 608; x_wconf 86' lang='lat' dir='ltr'>iuramento,</span> <span class='ocrx_word' id='word_1_33' title='bbox 1802 533 1930 596; x_wconf 86' lang='lat' dir='ltr'>sive</span> <span class='ocrx_word' id='word_1_34' title='bbox 1970 531 2149 595; x_wconf 91' lang='lat' dir='ltr'>dolus</span> <span class='ocrx_word' id='word_1_35' title='bbox 2183 533 2461 595; x_wconf 86' lang='lat' dir='ltr'>versetur</span> <span class='ocrx_word' id='word_1_36' title='bbox 2509 531 2670 595; x_wconf 85' lang='lat' dir='ltr'>circa</span> <span class='ocrx_word' id='word_1_37' title='bbox 2713 531 2799 594; x_wconf 90' lang='lat' dir='ltr'>rei</span> <span class='ocrx_word' id='word_1_38' title='bbox 2843 531 3200 595; x_wconf 76' lang='lat' dir='ltr'><strong>substantiam</strong></span> 
     </span>
     <span class='ocr_line' id='line_1_4' title="bbox 796 630 3201 718; baseline 0.001 -24"><span class='ocrx_word' id='word_1_39' title='bbox 796 630 925 694; x_wconf 87' lang='lat' dir='ltr'>sive</span> <span class='ocrx_word' id='word_1_40' title='bbox 964 630 1125 695; x_wconf 88' lang='lat' dir='ltr'>circa</span> <span class='ocrx_word' id='word_1_41' title='bbox 1174 631 1565 712; x_wconf 72' lang='lat' dir='ltr'>qualitatem,</span> <span class='ocrx_word' id='word_1_42' title='bbox 1631 634 1773 697; x_wconf 92' lang='lat' dir='ltr'>DD.</span> <span class='ocrx_word' id='word_1_43' title='bbox 1832 633 2176 718; x_wconf 81' lang='lat' dir='ltr'>generatim</span> <span class='ocrx_word' id='word_1_44' title='bbox 2224 633 2440 698; x_wconf 89' lang='lat' dir='ltr'>docere</span> <span class='ocrx_word' id='word_1_45' title='bbox 2471 632 2637 714; x_wconf 91' lang='lat' dir='ltr'>quod</span> <span class='ocrx_word' id='word_1_46' title='bbox 2680 633 3069 697; x_wconf 88' lang='lat' dir='ltr'>iuramentum</span> <span class='ocrx_word' id='word_1_47' title='bbox 3104 653 3201 698; x_wconf 92' lang='lat' dir='ltr'>non</span> 
     </span>
     <span class='ocr_line' id='line_1_5' title="bbox 798 732 3202 816; baseline 0 -18"><span class='ocrx_word' id='word_1_48' title='bbox 798 732 1069 816; x_wconf 87' lang='lat' dir='ltr'>obliget;</span> <span class='ocrx_word' id='word_1_49' title='bbox 1105 734 1253 815; x_wconf 90' lang='lat' dir='ltr'>quia</span> <span class='ocrx_word' id='word_1_50' title='bbox 1286 735 1395 798; x_wconf 90' lang='lat' dir='ltr'>ubi</span> <span class='ocrx_word' id='word_1_51' title='bbox 1425 735 1606 800; x_wconf 89' lang='lat' dir='ltr'>dolus</span> <span class='ocrx_word' id='word_1_52' title='bbox 1666 737 1782 814; x_wconf 88' lang='lat' dir='ltr'>est,</span> <span class='ocrx_word' id='word_1_53' title='bbox 1833 735 2180 800; x_wconf 77' lang='lat' dir='ltr'>excluditur</span> <span class='ocrx_word' id='word_1_54' title='bbox 2225 735 2520 800; x_wconf 80' lang='lat' dir='ltr'>volunta-s</span> <span class='ocrx_word' id='word_1_55' title='bbox 2569 737 2633 800; x_wconf 91' lang='lat' dir='ltr'>et</span> <span class='ocrx_word' id='word_1_56' title='bbox 2675 735 3068 800; x_wconf 85' lang='lat' dir='ltr'>iuramentum</span> <span class='ocrx_word' id='word_1_57' title='bbox 3104 754 3202 800; x_wconf 92' lang='lat' dir='ltr'>non</span> 
     </span>
     <span class='ocr_line' id='line_1_6' title="bbox 799 835 3206 919; baseline 0 -19"><span class='ocrx_word' id='word_1_58' title='bbox 799 835 1040 919; x_wconf 89' lang='lat' dir='ltr'>obligat</span> <span class='ocrx_word' id='word_1_59' title='bbox 1070 837 1240 899; x_wconf 89' lang='lat' dir='ltr'>ultra</span> <span class='ocrx_word' id='word_1_60' title='bbox 1277 840 1546 902; x_wconf 78' lang='lat' dir='ltr'>mentem</span> <span class='ocrx_word' id='word_1_61' title='bbox 1597 840 1659 902; x_wconf 94' lang='lat' dir='ltr'>et</span> <span class='ocrx_word' id='word_1_62' title='bbox 1690 838 2097 904; x_wconf 88' lang='lat' dir='ltr'>intentionem</span> <span class='ocrx_word' id='word_1_63' title='bbox 2129 838 2422 902; x_wconf 87' lang='lat' dir='ltr'>iurantis.</span> <span class='ocrx_word' id='word_1_64' title='bbox 2458 836 2618 902; x_wconf 87' lang='lat' dir='ltr'>Cum</span> <span class='ocrx_word' id='word_1_65' title='bbox 2651 840 2860 903; x_wconf 87' lang='lat' dir='ltr'>autem</span> <span class='ocrx_word' id='word_1_66' title='bbox 2891 838 3053 902; x_wconf 88' lang='lat' dir='ltr'>dolus</span> <span class='ocrx_word' id='word_1_67' title='bbox 3078 839 3206 901; x_wconf 82' lang='lat' dir='ltr'>circa</span> 
     </span>
     <span class='ocr_line' id='line_1_7' title="bbox 797 938 3205 1025; baseline 0.001 -24"><span class='ocrx_word' id='word_1_68' title='bbox 797 938 887 1002; x_wconf 89' lang='lat' dir='ltr'>rei</span> <span class='ocrx_word' id='word_1_69' title='bbox 932 938 1304 1019; x_wconf 82' lang='lat' dir='ltr'>qualitatem</span> <span class='ocrx_word' id='word_1_70' title='bbox 1354 959 1607 1005; x_wconf 87' lang='lat' dir='ltr'>causam</span> <span class='ocrx_word' id='word_1_71' title='bbox 1656 941 1829 1005; x_wconf 86' lang='lat' dir='ltr'>dedit</span> <span class='ocrx_word' id='word_1_72' title='bbox 1873 941 2244 1016; x_wconf 89' lang='lat' dir='ltr'>iurament0‚</span> <span class='ocrx_word' id='word_1_73' title='bbox 2281 941 2375 1005; x_wconf 89' lang='lat' dir='ltr'>ita</span> <span class='ocrx_word' id='word_1_74' title='bbox 2422 942 2514 1017; x_wconf 88' lang='lat' dir='ltr'>ut,</span> <span class='ocrx_word' id='word_1_75' title='bbox 2556 942 2610 1005; x_wconf 90' lang='lat' dir='ltr'>si</span> <span class='ocrx_word' id='word_1_76' title='bbox 2641 960 2856 1006; x_wconf 81' lang='lat' dir='ltr'>verum</span> <span class='ocrx_word' id='word_1_77' title='bbox 2887 941 3205 1025; x_wconf 76' lang='lat' dir='ltr'>agnovisset,</span> 
     </span>
     <span class='ocr_line' id='line_1_8' title="bbox 795 1041 3205 1126; baseline 0.001 -22"><span class='ocrx_word' id='word_1_78' title='bbox 795 1058 918 1104; x_wconf 92' lang='lat' dir='ltr'>non</span> <span class='ocrx_word' id='word_1_79' title='bbox 972 1041 1194 1105; x_wconf 86' lang='lat' dir='ltr'>fuisset</span> <span class='ocrx_word' id='word_1_80' title='bbox 1254 1043 1393 1124; x_wconf 88' lang='lat' dir='ltr'>quis</span> <span class='ocrx_word' id='word_1_81' title='bbox 1432 1044 1787 1120; x_wconf 78' lang='lat' dir='ltr'>iuraturus3</span> <span class='ocrx_word' id='word_1_82' title='bbox 1823 1045 2069 1126; x_wconf 90' lang='lat' dir='ltr'>oportet</span> <span class='ocrx_word' id='word_1_83' title='bbox 2116 1045 2191 1107; x_wconf 92' lang='lat' dir='ltr'>ut</span> <span class='ocrx_word' id='word_1_84' title='bbox 2238 1042 2511 1124; x_wconf 80' lang='lat' dir='ltr'>qualitas</span> <span class='ocrx_word' id='word_1_85' title='bbox 2551 1043 2741 1106; x_wconf 90' lang='lat' dir='ltr'>fuerit</span> <span class='ocrx_word' id='word_1_86' title='bbox 2784 1043 3074 1120; x_wconf 72' lang='lat' dir='ltr'>notabilia,</span> <span class='ocrx_word' id='word_1_87' title='bbox 3113 1042 3205 1106; x_wconf 83' lang='lat' dir='ltr'>sal·</span> 
     </span>
     <span class='ocr_line' id='line_1_9' title="bbox 798 1143 1299 1208; baseline 0.004 -2"><span class='ocrx_word' id='word_1_88' title='bbox 798 1145 926 1206; x_wconf 90' lang='lat' dir='ltr'>tem</span> <span class='ocrx_word' id='word_1_89' title='bbox 957 1143 1235 1208; x_wconf 81' lang='lat' dir='ltr'>relative.</span> <span class='ocrx_word' id='word_1_90' title='bbox 1265 1147 1299 1182; x_wconf 76' lang='lat'>’¹‘</span> 
     </span>
    </p>

    <p class='ocr_par' dir='ltr' id='par_1_3' title="bbox 798 1245 3213 1640">
     <span class='ocr_line' id='line_1_10' title="bbox 888 1245 3210 1333; baseline 0.001 -25"><span class='ocrx_word' id='word_1_91' title='bbox 888 1245 1238 1324; x_wconf 83' lang='lat' dir='ltr'>Qualitates</span> <span class='ocrx_word' id='word_1_92' title='bbox 1277 1250 1485 1313; x_wconf 90' lang='lat' dir='ltr'>tamen</span> <span class='ocrx_word' id='word_1_93' title='bbox 1518 1251 1710 1313; x_wconf 88' lang='lat' dir='ltr'>etiam</span> <span class='ocrx_word' id='word_1_94' title='bbox 1767 1270 1931 1314; x_wconf 85' lang='lat' dir='ltr'>mere</span> <span class='ocrx_word' id='word_1_95' title='bbox 1981 1249 2388 1315; x_wconf 87' lang='lat' dir='ltr'>accidentales</span> <span class='ocrx_word' id='word_1_96' title='bbox 2437 1250 2695 1315; x_wconf 86' lang='lat' dir='ltr'>evadere</span> <span class='ocrx_word' id='word_1_97' title='bbox 2745 1251 2996 1333; x_wconf 84' lang='lat' dir='ltr'>possunt</span> <span class='ocrx_word' id='word_1_98' title='bbox 3041 1249 3210 1333; x_wconf 85' lang='lat' dir='ltr'>magni</span> 
     </span>
     <span class='ocr_line' id='line_1_11' title="bbox 798 1348 3211 1436; baseline 0.002 -26"><span class='ocrx_word' id='word_1_99' title='bbox 798 1348 1119 1423; x_wconf 87' lang='lat' dir='ltr'>momenti,</span> <span class='ocrx_word' id='word_1_100' title='bbox 1156 1350 1207 1412; x_wconf 88' lang='lat' dir='ltr'>si</span> <span class='ocrx_word' id='word_1_101' title='bbox 1241 1351 1379 1432; x_wconf 89' lang='lat' dir='ltr'>quis</span> <span class='ocrx_word' id='word_1_102' title='bbox 1411 1351 1488 1416; x_wconf 88' lang='lat' dir='ltr'>iis</span> <span class='ocrx_word' id='word_1_103' title='bbox 1529 1354 1796 1436; x_wconf 87' lang='lat' dir='ltr'>cognitis</span> <span class='ocrx_word' id='word_1_104' title='bbox 1843 1372 1966 1417; x_wconf 90' lang='lat' dir='ltr'>non</span> <span class='ocrx_word' id='word_1_105' title='bbox 1998 1353 2289 1417; x_wconf 86' lang='lat' dir='ltr'>iurasset.</span> <span class='ocrx_word' id='word_1_106' title='bbox 2348 1351 2413 1417; x_wconf 86' lang='lat' dir='ltr'>Si</span> <span class='ocrx_word' id='word_1_107' title='bbox 2461 1373 2561 1417; x_wconf 90' lang='lat' dir='ltr'>res</span> <span class='ocrx_word' id='word_1_108' title='bbox 2614 1353 2711 1418; x_wconf 85' lang='lat' dir='ltr'>ita</span> <span class='ocrx_word' id='word_1_109' title='bbox 2767 1373 2831 1418; x_wconf 90' lang='lat' dir='ltr'>se</span> <span class='ocrx_word' id='word_1_110' title='bbox 2862 1353 3049 1430; x_wconf 84' lang='lat' dir='ltr'>habet,</span> <span class='ocrx_word' id='word_1_111' title='bbox 3088 1353 3211 1416; x_wconf 76' lang='lat' dir='ltr'>istae</span> 
     </span>
     <span class='ocr_line' id='line_1_12' title="bbox 800 1451 3213 1539; baseline 0.002 -28"><span class='ocrx_word' id='word_1_112' title='bbox 800 1467 1046 1531; x_wconf 89' lang='lat' dir='ltr'>quoque</span> <span class='ocrx_word' id='word_1_113' title='bbox 1092 1451 1378 1529; x_wconf 86' lang='lat' dir='ltr'>efficient,</span> <span class='ocrx_word' id='word_1_114' title='bbox 1427 1456 1501 1517; x_wconf 92' lang='lat' dir='ltr'>ut</span> <span class='ocrx_word' id='word_1_115' title='bbox 1532 1454 1585 1518; x_wconf 89' lang='lat' dir='ltr'>is</span> <span class='ocrx_word' id='word_1_116' title='bbox 1619 1456 1969 1519; x_wconf 82' lang='lat' dir='ltr'>iuramento</span> <span class='ocrx_word' id='word_1_117' title='bbox 2011 1473 2132 1519; x_wconf 91' lang='lat' dir='ltr'>non</span> <span class='ocrx_word' id='word_1_118' title='bbox 2168 1454 2498 1539; x_wconf 85' lang='lat' dir='ltr'>obligetur.</span> <span class='ocrx_word' id='word_1_119' title='bbox 2534 1455 2843 1520; x_wconf 80' lang='lat' dir='ltr'>Videlicet</span> <span class='ocrx_word' id='word_1_120' title='bbox 2887 1456 2946 1519; x_wconf 91' lang='lat' dir='ltr'>in</span> <span class='ocrx_word' id='word_1_121' title='bbox 2989 1455 3072 1518; x_wconf 86' lang='lat' dir='ltr'>his</span> <span class='ocrx_word' id='word_1_122' title='bbox 3097 1453 3213 1517; x_wconf 84' lang='lat' dir='ltr'>casi-</span> 
     </span>
     <span class='ocr_line' id='line_1_13' title="bbox 798 1551 2790 1640; baseline 0.004 -26"><span class='ocrx_word' id='word_1_123' title='bbox 798 1551 915 1614; x_wconf 89' lang='lat' dir='ltr'>bus</span> <span class='ocrx_word' id='word_1_124' title='bbox 952 1551 1374 1618; x_wconf 88' lang='lat' dir='ltr'>iuramentum</span> <span class='ocrx_word' id='word_1_125' title='bbox 1406 1556 1689 1637; x_wconf 89' lang='lat' dir='ltr'>sequitur</span> <span class='ocrx_word' id='word_1_126' title='bbox 1735 1559 2029 1621; x_wconf 89' lang='lat' dir='ltr'>naturam</span> <span class='ocrx_word' id='word_1_127' title='bbox 2067 1559 2244 1620; x_wconf 85' lang='lat' dir='ltr'>actus</span> <span class='ocrx_word' id='word_1_128' title='bbox 2275 1557 2376 1621; x_wconf 89' lang='lat' dir='ltr'>cui</span> <span class='ocrx_word' id='word_1_129' title='bbox 2403 1557 2790 1640; x_wconf 85' lang='lat' dir='ltr'>adiungitur.</span> 
     </span>
    </p>
   </div>
   <div class='ocr_carea' id='block_1_3' title="bbox 797 1703 3216 2201">
    <p class='ocr_par' dir='ltr' id='par_1_4' title="bbox 797 1703 3216 2201">
     <span class='ocr_line' id='line_1_14' title="bbox 910 1703 3210 1770; baseline 0.003 -17"><span class='ocrx_word' id='word_1_130' title='bbox 910 1703 1189 1756; x_wconf 76' lang='lat' dir='ltr'>xxxvlll.</span> <span class='ocrx_word' id='word_1_131' title='bbox 1219 1708 1264 1757; x_wconf 89' lang='lat'>6.</span> <span class='ocrx_word' id='word_1_132' title='bbox 1296 1707 1397 1758; x_wconf 80' lang='lat' dir='ltr'>Non</span> <span class='ocrx_word' id='word_1_133' title='bbox 1437 1705 1622 1759; x_wconf 82' lang='lat' dir='ltr'>inducit</span> <span class='ocrx_word' id='word_1_134' title='bbox 1662 1708 1808 1760; x_wconf 85' lang='lat' dir='ltr'>ullam</span> <span class='ocrx_word' id='word_1_135' title='bbox 1848 1707 2211 1770; x_wconf 79' lang='lat' dir='ltr'>obligationem,</span> <span class='ocrx_word' id='word_1_136' title='bbox 2242 1707 2284 1760; x_wconf 85' lang='lat' dir='ltr'>si</span> <span class='ocrx_word' id='word_1_137' title='bbox 2320 1707 2453 1760; x_wconf 83' lang='lat' dir='ltr'>iures</span> <span class='ocrx_word' id='word_1_138' title='bbox 2487 1722 2587 1761; x_wconf 87' lang='lat' dir='ltr'>rem</span> <span class='ocrx_word' id='word_1_139' title='bbox 2630 1712 2809 1762; x_wconf 84' lang='lat' dir='ltr'>malam</span> <span class='ocrx_word' id='word_1_140' title='bbox 2851 1716 2932 1763; x_wconf 83' lang='lat' dir='ltr'>aut</span> <span class='ocrx_word' id='word_1_141' title='bbox 2970 1723 3119 1762; x_wconf 82' lang='lat' dir='ltr'>vanam</span> <span class='ocrx_word' id='word_1_142' title='bbox 3151 1713 3210 1760; x_wconf 80' lang='lat' dir='ltr'>aut</span> 
     </span>
     <span class='ocr_line' id='line_1_15' title="bbox 797 1784 3205 1857; baseline 0.003 -20"><span class='ocrx_word' id='word_1_143' title='bbox 797 1784 1017 1839; x_wconf 84' lang='lat' dir='ltr'>inutilem</span> <span class='ocrx_word' id='word_1_144' title='bbox 1045 1794 1143 1847; x_wconf 80' lang='lat' dir='ltr'>aut,</span> <span class='ocrx_word' id='word_1_145' title='bbox 1172 1795 1222 1840; x_wconf 89' lang='lat' dir='ltr'>ut</span> <span class='ocrx_word' id='word_1_146' title='bbox 1251 1792 1394 1842; x_wconf 82' lang='lat' dir='ltr'>babet</span> <span class='ocrx_word' id='word_1_147' title='bbox 1419 1789 1589 1852; x_wconf 83' lang='lat' dir='ltr'>Caiet.,</span> <span class='ocrx_word' id='word_1_148' title='bbox 1617 1791 1989 1855; x_wconf 76' lang='lat' dir='ltr'>indifferentem,</span> <span class='ocrx_word' id='word_1_149' title='bbox 2020 1807 2143 1857; x_wconf 85' lang='lat' dir='ltr'>quae</span> <span class='ocrx_word' id='word_1_150' title='bbox 2172 1807 2258 1844; x_wconf 89' lang='lat' dir='ltr'>nec</span> <span class='ocrx_word' id='word_1_151' title='bbox 2285 1807 2344 1845; x_wconf 87' lang='lat' dir='ltr'>ex</span> <span class='ocrx_word' id='word_1_152' title='bbox 2374 1795 2468 1846; x_wconf 81' lang='lat' dir='ltr'>tine</span> <span class='ocrx_word' id='word_1_153' title='bbox 2495 1808 2582 1845; x_wconf 87' lang='lat' dir='ltr'>nec</span> <span class='ocrx_word' id='word_1_154' title='bbox 2609 1808 2672 1846; x_wconf 84' lang='lat' dir='ltr'>ex</span> <span class='ocrx_word' id='word_1_155' title='bbox 2707 1793 3071 1848; x_wconf 78' lang='lat' dir='ltr'>circumstantiis</span> <span class='ocrx_word' id='word_1_156' title='bbox 3093 1797 3205 1846; x_wconf 82' lang='lat' dir='ltr'>coho·</span> 
     </span>
     <span class='ocr_line' id='line_1_16' title="bbox 800 1872 3208 1943; baseline 0.003 -22"><span class='ocrx_word' id='word_1_157' title='bbox 800 1877 1043 1936; x_wconf 85' lang='lat' dir='ltr'>nestatur;</span> <span class='ocrx_word' id='word_1_158' title='bbox 1071 1872 1180 1937; x_wconf 86' lang='lat' dir='ltr'>quia</span> <span class='ocrx_word' id='word_1_159' title='bbox 1220 1873 1545 1928; x_wconf 84' lang='lat' dir='ltr'>iuramentum</span> <span class='ocrx_word' id='word_1_160' title='bbox 1586 1890 1679 1928; x_wconf 90' lang='lat' dir='ltr'>non</span> <span class='ocrx_word' id='word_1_161' title='bbox 1707 1883 1870 1941; x_wconf 87' lang='lat' dir='ltr'>potest</span> <span class='ocrx_word' id='word_1_162' title='bbox 1897 1892 2010 1929; x_wconf 86' lang='lat' dir='ltr'>esse</span> <span class='ocrx_word' id='word_1_163' title='bbox 2041 1877 2290 1931; x_wconf 86' lang='lat' dir='ltr'>vinculum</span> <span class='ocrx_word' id='word_1_164' title='bbox 2322 1876 2596 1943; x_wconf 89' lang='lat' dir='ltr'>iniquitatis</span> <span class='ocrx_word' id='word_1_165' title='bbox 2634 1885 2722 1932; x_wconf 86' lang='lat' dir='ltr'>aut</span> <span class='ocrx_word' id='word_1_166' title='bbox 2753 1893 2979 1932; x_wconf 82' lang='lat' dir='ltr'>vanarum</span> <span class='ocrx_word' id='word_1_167' title='bbox 3004 1892 3141 1932; x_wconf 82' lang='lat' dir='ltr'>rerum</span> <span class='ocrx_word' id='word_1_168' title='bbox 3168 1890 3208 1929; x_wconf 77' lang='lat' dir='ltr'>ae</span> 
     </span>
     <span class='ocr_line' id='line_1_17' title="bbox 799 1953 3211 2025; baseline 0.003 -20"><span class='ocrx_word' id='word_1_169' title='bbox 799 1953 1086 2017; x_wconf 86' lang='lat' dir='ltr'>otiosarum,</span> <span class='ocrx_word' id='word_1_170' title='bbox 1117 1959 1178 2008; x_wconf 87' lang='lat' dir='ltr'>ad</span> <span class='ocrx_word' id='word_1_171' title='bbox 1216 1973 1337 2022; x_wconf 85' lang='lat' dir='ltr'>quas</span> <span class='ocrx_word' id='word_1_172' title='bbox 1365 1961 1499 2012; x_wconf 89' lang='lat' dir='ltr'>Deus</span> <span class='ocrx_word' id='word_1_173' title='bbox 1535 1974 1630 2013; x_wconf 90' lang='lat' dir='ltr'>non</span> <span class='ocrx_word' id='word_1_174' title='bbox 1661 1962 1767 2013; x_wconf 81' lang='lat' dir='ltr'>vult</span> <span class='ocrx_word' id='word_1_175' title='bbox 1792 1975 1882 2013; x_wconf 91' lang='lat' dir='ltr'>nos</span> <span class='ocrx_word' id='word_1_176' title='bbox 1907 1960 2130 2025; x_wconf 84' lang='lat' dir='ltr'>obligari.</span> <span class='ocrx_word' id='word_1_177' title='bbox 2162 1964 2339 2014; x_wconf 83' lang='lat' dir='ltr'>Bonae.</span> <span class='ocrx_word' id='word_1_178' title='bbox 2367 1969 2414 2014; x_wconf 82' lang='lat' dir='ltr'>et</span> <span class='ocrx_word' id='word_1_179' title='bbox 2441 1961 2523 2014; x_wconf 87' lang='lat' dir='ltr'>alii</span> <span class='ocrx_word' id='word_1_180' title='bbox 2562 1963 2906 2017; x_wconf 82' lang='lat' dir='ltr'>communiter.</span> <span class='ocrx_word' id='word_1_181' title='bbox 2935 1961 3024 2017; x_wconf 87' lang='lat' dir='ltr'>Ubi</span> <span class='ocrx_word' id='word_1_182' title='bbox 3046 1969 3138 2015; x_wconf 77' lang='lat' dir='ltr'>nota</span> <span class='ocrx_word' id='word_1_183' title='bbox 3168 1975 3211 2013; x_wconf 81' lang='lat' dir='ltr'>ex</span> 
     </span>
     <span class='ocr_line' id='line_1_18' title="bbox 799 2038 3214 2114; baseline 0.004 -26"><span class='ocrx_word' id='word_1_184' title='bbox 799 2038 969 2101; x_wconf 73' lang='lat' dir='ltr'>Laym.</span> <span class='ocrx_word' id='word_1_185' title='bbox 998 2054 1132 2104; x_wconf 87' lang='lat' dir='ltr'>supr.</span> <span class='ocrx_word' id='word_1_186' title='bbox 1170 2056 1212 2095; x_wconf 88' lang='lat' dir='ltr'>c.</span> <span class='ocrx_word' id='word_1_187' title='bbox 1253 2044 1301 2094; x_wconf 90' lang='grc'>6.</span> <span class='ocrx_word' id='word_1_188' title='bbox 1342 2042 1667 2097; x_wconf 88' lang='lat' dir='ltr'>iuramentum</span> <span class='ocrx_word' id='word_1_189' title='bbox 1710 2059 1804 2098; x_wconf 88' lang='lat' dir='ltr'>non</span> <span class='ocrx_word' id='word_1_190' title='bbox 1844 2047 2206 2108; x_wconf 78' lang='lat' dir='ltr'>convalescere,</span> <span class='ocrx_word' id='word_1_191' title='bbox 2238 2045 2329 2098; x_wconf 85' lang='lat' dir='ltr'>etsi</span> <span class='ocrx_word' id='word_1_192' title='bbox 2367 2045 2480 2100; x_wconf 85' lang='lat' dir='ltr'>talis</span> <span class='ocrx_word' id='word_1_193' title='bbox 2518 2061 2599 2099; x_wconf 91' lang='lat' dir='ltr'>rcs</span> <span class='ocrx_word' id='word_1_194' title='bbox 2636 2046 2811 2102; x_wconf 87' lang='lat' dir='ltr'>illicita</span> <span class='ocrx_word' id='word_1_195' title='bbox 2850 2055 2897 2102; x_wconf 84' lang='lat' dir='ltr'>et</span> <span class='ocrx_word' id='word_1_196' title='bbox 2935 2062 3064 2114; x_wconf 82' lang='lat' dir='ltr'>vana,</span> <span class='ocrx_word' id='word_1_197' title='bbox 3088 2053 3214 2113; x_wconf 74' lang='lat' dir='ltr'>postea</span> 
     </span>
     <span class='ocr_line' id='line_1_19' title="bbox 800 2121 3216 2201; baseline 0.003 -28"><span class='ocrx_word' id='word_1_198' title='bbox 800 2121 999 2175; x_wconf 78' lang='lat' dir='ltr'>mutatis</span> <span class='ocrx_word' id='word_1_199' title='bbox 1037 2123 1414 2180; x_wconf 84' lang='lat' dir='ltr'>circumstantiis</span> <span class='ocrx_word' id='word_1_200' title='bbox 1452 2130 1535 2182; x_wconf 82' lang='lat' dir='ltr'>flat</span> <span class='ocrx_word' id='word_1_201' title='bbox 1573 2133 1792 2192; x_wconf 82' lang='lat' dir='ltr'>honesta,</span> <span class='ocrx_word' id='word_1_202' title='bbox 1833 2144 1941 2182; x_wconf 83' lang='lat' dir='ltr'>cum</span> <span class='ocrx_word' id='word_1_203' title='bbox 1981 2129 2114 2182; x_wconf 80' lang='lat' dir='ltr'>iuxta</span> <span class='ocrx_word' id='word_1_204' title='bbox 2153 2145 2255 2194; x_wconf 82' lang='lat' dir='ltr'>reg.</span> <span class='ocrx_word' id='word_1_205' title='bbox 2291 2133 2369 2184; x_wconf 87' lang='grc'>18.</span> <span class='ocrx_word' id='word_1_206' title='bbox 2395 2130 2521 2183; x_wconf 86' lang='lat' dir='ltr'>iuris</span> <span class='ocrx_word' id='word_1_207' title='bbox 2547 2131 2594 2183; x_wconf 92' lang='lat' dir='ltr'>in</span> <span class='ocrx_word' id='word_1_208' title='bbox 2635 2134 2683 2185; x_wconf 87' lang='grc'><strong>6.</strong></span> <span class='ocrx_word' id='word_1_209' title='bbox 2713 2136 3067 2201; x_wconf 51' lang='lat' dir='ltr'>nomm-metor</span> <span class='ocrx_word' id='word_1_210' title='bbox 3099 2137 3216 2184; x_wconf 78' lang='lat' dir='ltr'>tractu</span> 
     </span>
    </p>
   </div>
   <div class='ocr_carea' id='block_1_4' title="bbox 797 2207 3232 3924">
    <p class='ocr_par' dir='ltr' id='par_1_5' title="bbox 800 2207 1799 2273">
     <span class='ocr_line' id='line_1_20' title="bbox 800 2207 1799 2273; baseline 0.009 -15"><span class='ocrx_word' id='word_1_211' title='bbox 800 2207 1053 2272; x_wconf 84' lang='lat' dir='ltr'>temporis,</span> <span class='ocrx_word' id='word_1_212' title='bbox 1080 2214 1211 2273; x_wconf 87' lang='lat' dir='ltr'>quod</span> <span class='ocrx_word' id='word_1_213' title='bbox 1248 2210 1386 2264; x_wconf 89' lang='lat' dir='ltr'>initio</span> <span class='ocrx_word' id='word_1_214' title='bbox 1425 2227 1519 2264; x_wconf 94' lang='lat' dir='ltr'>non</span> <span class='ocrx_word' id='word_1_215' title='bbox 1559 2213 1799 2267; x_wconf 83' lang='lat' dir='ltr'>subsistit.</span> 
     </span>
    </p>

    <p class='ocr_par' dir='ltr' id='par_1_6' title="bbox 800 2312 3222 2815">
     <span class='ocr_line' id='line_1_21' title="bbox 898 2312 3217 2412; baseline -0.001 -25"><span class='ocrx_word' id='word_1_216' title='bbox 898 2312 1074 2387; x_wconf 83' lang='lat'>582.</span> <span class='ocrx_word' id='word_1_217' title='bbox 1104 2319 1516 2412; x_wconf 85' lang='lat' dir='ltr'>Intelligenda</span> <span class='ocrx_word' id='word_1_218' title='bbox 1564 2323 1660 2386; x_wconf 89' lang='lat' dir='ltr'>est</span> <span class='ocrx_word' id='word_1_219' title='bbox 1692 2322 2016 2400; x_wconf 85' lang='lat' dir='ltr'>resolutio,</span> <span class='ocrx_word' id='word_1_220' title='bbox 2052 2322 2198 2386; x_wconf 90' lang='lat' dir='ltr'>licet</span> <span class='ocrx_word' id='word_1_221' title='bbox 2228 2342 2327 2386; x_wconf 89' lang='lat' dir='ltr'>res</span> <span class='ocrx_word' id='word_1_222' title='bbox 2358 2322 2494 2387; x_wconf 87' lang='lat' dir='ltr'>ideo</span> <span class='ocrx_word' id='word_1_223' title='bbox 2530 2324 2734 2388; x_wconf 90' lang='lat' dir='ltr'>solum</span> <span class='ocrx_word' id='word_1_224' title='bbox 2770 2325 2856 2390; x_wconf 87' lang='lat' dir='ltr'>sit</span> <span class='ocrx_word' id='word_1_225' title='bbox 2894 2326 3069 2402; x_wconf 85' lang='lat' dir='ltr'>mala,</span> <span class='ocrx_word' id='word_1_226' title='bbox 3109 2323 3217 2404; x_wconf 82' lang='lat' dir='ltr'>quia</span> 
     </span>
     <span class='ocr_line' id='line_1_22' title="bbox 802 2421 3220 2511; baseline 0.001 -27"><span class='ocrx_word' id='word_1_227' title='bbox 802 2421 1165 2503; x_wconf 85' lang='lat' dir='ltr'>prohibetur</span> <span class='ocrx_word' id='word_1_228' title='bbox 1225 2424 1360 2508; x_wconf 90' lang='lat' dir='ltr'>lege</span> <span class='ocrx_word' id='word_1_229' title='bbox 1418 2425 1605 2500; x_wconf 82' lang='lat' dir='ltr'>civili,</span> <span class='ocrx_word' id='word_1_230' title='bbox 1665 2425 1913 2489; x_wconf 89' lang='lat' dir='ltr'>etiamsi</span> <span class='ocrx_word' id='word_1_231' title='bbox 1975 2425 2379 2508; x_wconf 87' lang='lat' dir='ltr'>prohibeatur</span> <span class='ocrx_word' id='word_1_232' title='bbox 2439 2426 2689 2490; x_wconf 87' lang='lat' dir='ltr'>tantum</span> <span class='ocrx_word' id='word_1_233' title='bbox 2739 2428 2859 2492; x_wconf 87' lang='lat' dir='ltr'>sub</span> <span class='ocrx_word' id='word_1_234' title='bbox 2905 2446 3102 2511; x_wconf 86' lang='lat' dir='ltr'>poena.</span> <span class='ocrx_word' id='word_1_235' title='bbox 3146 2425 3220 2488; x_wconf 86' lang='lat' dir='ltr'>Ita</span> 
     </span>
     <span class='ocr_line' id='line_1_23' title="bbox 801 2524 3217 2611; baseline 0.001 -24"><span class='ocrx_word' id='word_1_236' title='bbox 801 2542 848 2587; x_wconf 85' lang='lat' dir='ltr'>S.</span> <span class='ocrx_word' id='word_1_237' title='bbox 884 2524 1069 2608; x_wconf 83' lang='lat' dir='ltr'>Alph.</span> <span class='ocrx_word' id='word_1_238' title='bbox 1105 2546 1162 2589; x_wconf 88' lang='lat' dir='ltr'>n.</span> <span class='ocrx_word' id='word_1_239' title='bbox 1210 2525 1356 2589; x_wconf 88' lang='grc'>176.</span> <span class='ocrx_word' id='word_1_240' title='bbox 1407 2526 1467 2590; x_wconf 84' lang='grc'>111</span> <span class='ocrx_word' id='word_1_241' title='bbox 1516 2526 1653 2591; x_wconf 92' lang='lat' dir='ltr'>fine.</span> <span class='ocrx_word' id='word_1_242' title='bbox 1697 2526 1885 2592; x_wconf 86' lang='lat' dir='ltr'>Ratio</span> <span class='ocrx_word' id='word_1_243' title='bbox 1931 2528 2166 2611; x_wconf 88' lang='lat' dir='ltr'>primae</span> <span class='ocrx_word' id='word_1_244' title='bbox 2213 2528 2411 2610; x_wconf 87' lang='lat' dir='ltr'>partis</span> <span class='ocrx_word' id='word_1_245' title='bbox 2445 2527 2649 2611; x_wconf 79' lang='lat' dir='ltr'>quoad</span> <span class='ocrx_word' id='word_1_246' title='bbox 2694 2548 2834 2594; x_wconf 90' lang='lat' dir='ltr'>rem</span> <span class='ocrx_word' id='word_1_247' title='bbox 2882 2531 3098 2595; x_wconf 87' lang='lat' dir='ltr'>malam</span> <span class='ocrx_word' id='word_1_248' title='bbox 3135 2531 3217 2592; x_wconf 83' lang='lat' dir='ltr'>est.</span> 
     </span>
     <span class='ocr_line' id='line_1_24' title="bbox 802 2628 3222 2717; baseline 0.001 -26"><span class='ocrx_word' id='word_1_249' title='bbox 802 2628 949 2708; x_wconf 89' lang='lat' dir='ltr'>quia</span> <span class='ocrx_word' id='word_1_250' title='bbox 989 2629 1177 2693; x_wconf 86' lang='lat' dir='ltr'>habes</span> <span class='ocrx_word' id='word_1_251' title='bbox 1213 2629 1658 2714; x_wconf 85' lang='lat' dir='ltr'>obligationem</span> <span class='ocrx_word' id='word_1_252' title='bbox 1696 2630 2045 2694; x_wconf 88' lang='lat' dir='ltr'>abstinendi</span> <span class='ocrx_word' id='word_1_253' title='bbox 2078 2630 2155 2694; x_wconf 92' lang='lat' dir='ltr'>ab</span> <span class='ocrx_word' id='word_1_254' title='bbox 2184 2650 2256 2694; x_wconf 89' lang='lat' dir='ltr'>ea</span> <span class='ocrx_word' id='word_1_255' title='bbox 2290 2630 2564 2695; x_wconf 86' lang='lat' dir='ltr'>actione:</span> <span class='ocrx_word' id='word_1_256' title='bbox 2606 2651 2757 2717; x_wconf 90' lang='lat' dir='ltr'>ergo</span> <span class='ocrx_word' id='word_1_257' title='bbox 2791 2635 2968 2698; x_wconf 88' lang='lat' dir='ltr'>nulla</span> <span class='ocrx_word' id='word_1_258' title='bbox 2998 2634 3084 2697; x_wconf 90' lang='lat' dir='ltr'>est</span> <span class='ocrx_word' id='word_1_259' title='bbox 3111 2629 3222 2696; x_wconf 90' lang='lat' dir='ltr'>obli·</span> 
     </span>
     <span class='ocr_line' id='line_1_25' title="bbox 800 2731 2655 2815; baseline 0.003 -22"><span class='ocrx_word' id='word_1_260' title='bbox 800 2731 995 2814; x_wconf 88' lang='lat' dir='ltr'>gatio,</span> <span class='ocrx_word' id='word_1_261' title='bbox 1032 2750 1220 2811; x_wconf 89' lang='lat' dir='ltr'>quam</span> <span class='ocrx_word' id='word_1_262' title='bbox 1254 2731 1441 2795; x_wconf 82' lang='lat' dir='ltr'>velles</span> <span class='ocrx_word' id='word_1_263' title='bbox 1477 2750 1788 2796; x_wconf 86' lang='lat' dir='ltr'>assumere</span> <span class='ocrx_word' id='word_1_264' title='bbox 1820 2733 2086 2815; x_wconf 87' lang='lat' dir='ltr'>ponendi</span> <span class='ocrx_word' id='word_1_265' title='bbox 2118 2732 2293 2796; x_wconf 87' lang='lat' dir='ltr'>illam</span> <span class='ocrx_word' id='word_1_266' title='bbox 2328 2734 2655 2798; x_wconf 87' lang='lat' dir='ltr'>actionem.</span> 
     </span>
    </p>

    <p class='ocr_par' dir='ltr' id='par_1_7' title="bbox 797 2832 3226 3324">
     <span class='ocr_line' id='line_1_26' title="bbox 892 2832 3225 2924; baseline 0.002 -28"><span class='ocrx_word' id='word_1_267' title='bbox 892 2832 1224 2897; x_wconf 84' lang='lat' dir='ltr'>Rationem</span> <span class='ocrx_word' id='word_1_268' title='bbox 1273 2834 1571 2897; x_wconf 89' lang='lat' dir='ltr'>secundae</span> <span class='ocrx_word' id='word_1_269' title='bbox 1619 2835 1817 2917; x_wconf 88' lang='lat' dir='ltr'>partis</span> <span class='ocrx_word' id='word_1_270' title='bbox 1873 2835 2078 2915; x_wconf 89' lang='lat' dir='ltr'>quoad</span> <span class='ocrx_word' id='word_1_271' title='bbox 2125 2854 2256 2899; x_wconf 86' lang='lat' dir='ltr'>rem</span> <span class='ocrx_word' id='word_1_272' title='bbox 2304 2855 2532 2900; x_wconf 79' lang='lat' dir='ltr'>vanam</span> <span class='ocrx_word' id='word_1_273' title='bbox 2578 2836 2784 2903; x_wconf 87' lang='lat' dir='ltr'>reddit</span> <span class='ocrx_word' id='word_1_274' title='bbox 2833 2839 3134 2924; x_wconf 80' lang='lat' dir='ltr'>Laymann</span> <span class='ocrx_word' id='word_1_275' title='bbox 3172 2832 3225 2895; x_wconf 78' lang='lat' dir='ltr'>de</span> 
     </span>
     <span class='ocr_line' id='line_1_27' title="bbox 797 2934 3224 3024; baseline 0 -24"><span class='ocrx_word' id='word_1_276' title='bbox 797 2934 1047 3000; x_wconf 79' lang='lat' dir='ltr'>Iuram.</span> <span class='ocrx_word' id='word_1_277' title='bbox 1076 2956 1126 2999; x_wconf 91' lang='lat' dir='ltr'>c.</span> <span class='ocrx_word' id='word_1_278' title='bbox 1170 2935 1228 2998; x_wconf 84' lang='lat'>6.</span> <span class='ocrx_word' id='word_1_279' title='bbox 1258 2956 1315 2999; x_wconf 92' lang='lat' dir='ltr'>n.</span> <span class='ocrx_word' id='word_1_280' title='bbox 1352 2937 1435 3012; x_wconf 85' lang='lat'>3.,</span> <span class='ocrx_word' id='word_1_281' title='bbox 1471 2936 1617 3016; x_wconf 86' lang='lat' dir='ltr'>quia</span> <span class='ocrx_word' id='word_1_282' title='bbox 1664 2936 1812 2999; x_wconf 85' lang='lat' dir='ltr'>talis</span> <span class='ocrx_word' id='word_1_283' title='bbox 1862 2936 2024 2999; x_wconf 89' lang='lat' dir='ltr'>actio</span> <span class='ocrx_word' id='word_1_284' title='bbox 2075 2937 2307 3000; x_wconf 89' lang='lat' dir='ltr'>nemini</span> <span class='ocrx_word' id='word_1_285' title='bbox 2355 2938 2532 3002; x_wconf 85' lang='lat' dir='ltr'>utilis</span> <span class='ocrx_word' id='word_1_286' title='bbox 2566 2940 2678 3003; x_wconf 91' lang='lat' dir='ltr'>aut</span> <span class='ocrx_word' id='word_1_287' title='bbox 2710 2945 2968 3024; x_wconf 88' lang='lat' dir='ltr'>accepta</span> <span class='ocrx_word' id='word_1_288' title='bbox 2998 2936 3224 3004; x_wconf 81' lang='lat' dir='ltr'>maioris·</span> 
     </span>
     <span class='ocr_line' id='line_1_28' title="bbox 801 3038 3226 3125; baseline 0.002 -25"><span class='ocrx_word' id='word_1_289' title='bbox 801 3056 918 3119; x_wconf 89' lang='lat' dir='ltr'>que</span> <span class='ocrx_word' id='word_1_290' title='bbox 950 3039 1114 3116; x_wconf 90' lang='lat' dir='ltr'>boni,</span> <span class='ocrx_word' id='word_1_291' title='bbox 1144 3038 1367 3101; x_wconf 88' lang='lat' dir='ltr'>saltem</span> <span class='ocrx_word' id='word_1_292' title='bbox 1399 3057 1508 3120; x_wconf 89' lang='lat' dir='ltr'>pro</span> <span class='ocrx_word' id='word_1_293' title='bbox 1543 3057 1613 3102; x_wconf 92' lang='lat' dir='ltr'>eo</span> <span class='ocrx_word' id='word_1_294' title='bbox 1640 3040 1916 3120; x_wconf 88' lang='lat' dir='ltr'>tempore</span> <span class='ocrx_word' id='word_1_295' title='bbox 1942 3057 2063 3120; x_wconf 88' lang='lat' dir='ltr'>quo</span> <span class='ocrx_word' id='word_1_296' title='bbox 2090 3040 2421 3118; x_wconf 83' lang='lat' dir='ltr'>exercetur,</span> <span class='ocrx_word' id='word_1_297' title='bbox 2443 3041 2830 3122; x_wconf 81' lang='lat' dir='ltr'>impeditiva,</span> <span class='ocrx_word' id='word_1_298' title='bbox 2857 3062 2981 3108; x_wconf 91' lang='lat' dir='ltr'>non</span> <span class='ocrx_word' id='word_1_299' title='bbox 3011 3038 3226 3125; x_wconf 69' lang='lat' dir='ltr'>pertinet</span> 
     </span>
     <span class='ocr_line' id='line_1_29' title="bbox 802 3139 3222 3224; baseline -0.001 -21"><span class='ocrx_word' id='word_1_300' title='bbox 802 3140 877 3203; x_wconf 88' lang='lat' dir='ltr'>ad</span> <span class='ocrx_word' id='word_1_301' title='bbox 910 3141 1150 3204; x_wconf 90' lang='lat' dir='ltr'>cultum</span> <span class='ocrx_word' id='word_1_302' title='bbox 1183 3142 1245 3203; x_wconf 92' lang='lat' dir='ltr'>et</span> <span class='ocrx_word' id='word_1_303' title='bbox 1281 3139 1687 3203; x_wconf 83' lang='lat' dir='ltr'>reverentiam</span> <span class='ocrx_word' id='word_1_304' title='bbox 1718 3141 1853 3217; x_wconf 88' lang='lat' dir='ltr'>Dei,</span> <span class='ocrx_word' id='word_1_305' title='bbox 1901 3143 1975 3204; x_wconf 91' lang='lat' dir='ltr'>ut</span> <span class='ocrx_word' id='word_1_306' title='bbox 2006 3144 2256 3224; x_wconf 85' lang='lat' dir='ltr'>propter</span> <span class='ocrx_word' id='word_1_307' title='bbox 2288 3142 2417 3206; x_wconf 85' lang='lat' dir='ltr'>eius</span> <span class='ocrx_word' id='word_1_308' title='bbox 2451 3143 2785 3209; x_wconf 86' lang='lat' dir='ltr'>adductam</span> <span class='ocrx_word' id='word_1_309' title='bbox 2835 3143 3222 3209; x_wconf 82' lang='lat' dir='ltr'>auctoritatem</span> 
     </span>
     <span class='ocr_line' id='line_1_30' title="bbox 803 3242 1298 3324; baseline -0.002 -19"><span class='ocrx_word' id='word_1_310' title='bbox 803 3242 1011 3324; x_wconf 88' lang='lat' dir='ltr'>perfici</span> <span class='ocrx_word' id='word_1_311' title='bbox 1059 3242 1298 3305; x_wconf 87' lang='lat' dir='ltr'>debeat.</span> 
     </span>
    </p>

    <p class='ocr_par' dir='ltr' id='par_1_8' title="bbox 801 3343 3232 3924">
     <span class='ocr_line' id='line_1_31' title="bbox 891 3343 3225 3428; baseline 0 -20"><span class='ocrx_word' id='word_1_312' title='bbox 891 3345 1083 3408; x_wconf 86' lang='lat' dir='ltr'>Addit</span> <span class='ocrx_word' id='word_1_313' title='bbox 1128 3343 1450 3428; x_wconf 89' lang='lat' dir='ltr'>Laymann</span> <span class='ocrx_word' id='word_1_314' title='bbox 1494 3343 1643 3407; x_wconf 87' lang='lat' dir='ltr'>ibid.</span> <span class='ocrx_word' id='word_1_315' title='bbox 1678 3364 1737 3408; x_wconf 91' lang='lat' dir='ltr'>n.</span> <span class='ocrx_word' id='word_1_316' title='bbox 1774 3345 1835 3407; x_wconf 90' lang='lat'>4.</span> <span class='ocrx_word' id='word_1_317' title='bbox 1872 3345 2228 3410; x_wconf 90' lang='lat' dir='ltr'>huiusmodi</span> <span class='ocrx_word' id='word_1_318' title='bbox 2275 3346 2624 3411; x_wconf 87' lang='lat' dir='ltr'>iuramenta</span> <span class='ocrx_word' id='word_1_319' title='bbox 2655 3367 2781 3412; x_wconf 92' lang='lat' dir='ltr'>non</span> <span class='ocrx_word' id='word_1_320' title='bbox 2833 3350 3225 3414; x_wconf 75' lang='lat' dir='ltr'>convalescere.</span> 
     </span>
     <span class='ocr_line' id='line_1_32' title="bbox 803 3448 3228 3532; baseline 0 -19"><span class='ocrx_word' id='word_1_321' title='bbox 803 3449 919 3513; x_wconf 89' lang='lat' dir='ltr'>etsi</span> <span class='ocrx_word' id='word_1_322' title='bbox 967 3451 1203 3532; x_wconf 87' lang='lat' dir='ltr'>postea,</span> <span class='ocrx_word' id='word_1_323' title='bbox 1252 3448 1515 3513; x_wconf 90' lang='lat' dir='ltr'>mutatis</span> <span class='ocrx_word' id='word_1_324' title='bbox 1586 3450 2089 3528; x_wconf 87' lang='lat' dir='ltr'>circumstantiis,</span> <span class='ocrx_word' id='word_1_325' title='bbox 2139 3469 2235 3515; x_wconf 87' lang='lat' dir='ltr'>res</span> <span class='ocrx_word' id='word_1_326' title='bbox 2281 3450 2394 3514; x_wconf 88' lang='lat' dir='ltr'>fiat</span> <span class='ocrx_word' id='word_1_327' title='bbox 2440 3450 2614 3515; x_wconf 89' lang='lat' dir='ltr'>utilis</span> <span class='ocrx_word' id='word_1_328' title='bbox 2661 3454 2724 3516; x_wconf 90' lang='lat' dir='ltr'>et</span> <span class='ocrx_word' id='word_1_329' title='bbox 2772 3454 3053 3529; x_wconf 88' lang='lat' dir='ltr'>honesta,</span> <span class='ocrx_word' id='word_1_330' title='bbox 3095 3454 3157 3514; x_wconf 88' lang='grc'>111</span> <span class='ocrx_word' id='word_1_331' title='bbox 3189 3448 3228 3510; x_wconf 85' lang='lat' dir='ltr'>si</span> 
     </span>
     <span class='ocr_line' id='line_1_33' title="bbox 804 3546 3230 3639; baseline -0.002 -24"><span class='ocrx_word' id='word_1_332' title='bbox 804 3553 1033 3634; x_wconf 89' lang='lat' dir='ltr'>absque</span> <span class='ocrx_word' id='word_1_333' title='bbox 1080 3571 1269 3615; x_wconf 86' lang='lat' dir='ltr'>causa</span> <span class='ocrx_word' id='word_1_334' title='bbox 1315 3552 1540 3615; x_wconf 89' lang='lat' dir='ltr'>iurasti</span> <span class='ocrx_word' id='word_1_335' title='bbox 1586 3553 1648 3615; x_wconf 91' lang='lat' dir='ltr'>te</span> <span class='ocrx_word' id='word_1_336' title='bbox 1696 3553 1929 3615; x_wconf 88' lang='lat' dir='ltr'>certam</span> <span class='ocrx_word' id='word_1_337' title='bbox 1978 3552 2232 3617; x_wconf 88' lang='lat' dir='ltr'>domum</span> <span class='ocrx_word' id='word_1_338' title='bbox 2282 3572 2401 3617; x_wconf 90' lang='lat' dir='ltr'>non</span> <span class='ocrx_word' id='word_1_339' title='bbox 2450 3554 2900 3636; x_wconf 82' lang='lat' dir='ltr'>ingressurum,</span> <span class='ocrx_word' id='word_1_340' title='bbox 2953 3556 3146 3639; x_wconf 84' lang='lat' dir='ltr'>postea</span> <span class='ocrx_word' id='word_1_341' title='bbox 3183 3546 3230 3612; x_wconf 86' lang='lat' dir='ltr'>id</span> 
     </span>
     <span class='ocr_line' id='line_1_34' title="bbox 801 3652 3230 3739; baseline 0 -20"><span class='ocrx_word' id='word_1_342' title='bbox 801 3655 1133 3719; x_wconf 89' lang='lat' dir='ltr'>honestum</span> <span class='ocrx_word' id='word_1_343' title='bbox 1181 3654 1312 3731; x_wconf 89' lang='lat' dir='ltr'>fiat,</span> <span class='ocrx_word' id='word_1_344' title='bbox 1369 3674 1439 3718; x_wconf 92' lang='lat' dir='ltr'>eo</span> <span class='ocrx_word' id='word_1_345' title='bbox 1491 3654 1655 3735; x_wconf 89' lang='lat' dir='ltr'>quod</span> <span class='ocrx_word' id='word_1_346' title='bbox 1716 3655 1954 3719; x_wconf 85' lang='lat' dir='ltr'>occasio</span> <span class='ocrx_word' id='word_1_347' title='bbox 2011 3655 2278 3719; x_wconf 80' lang='lat' dir='ltr'>evaserit</span> <span class='ocrx_word' id='word_1_348' title='bbox 2337 3655 2590 3738; x_wconf 88' lang='lat' dir='ltr'>peccati.</span> <span class='ocrx_word' id='word_1_349' title='bbox 2649 3655 2839 3721; x_wconf 87' lang='lat' dir='ltr'>Ratio</span> <span class='ocrx_word' id='word_1_350' title='bbox 2904 3661 3001 3722; x_wconf 89' lang='lat' dir='ltr'>est</span> <span class='ocrx_word' id='word_1_351' title='bbox 3055 3652 3230 3739; x_wconf 73' lang='lat' dir='ltr'>regula</span> 
     </span>
     <span class='ocr_line' id='line_1_35' title="bbox 801 3754 3232 3840; baseline -0.001 -21"><span class='ocrx_word' id='word_1_352' title='bbox 801 3757 956 3821; x_wconf 88' lang='lat' dir='ltr'>iuris</span> <span class='ocrx_word' id='word_1_353' title='bbox 995 3759 1094 3821; x_wconf 79' lang='lat'>18.</span> <span class='ocrx_word' id='word_1_354' title='bbox 1132 3757 1192 3819; x_wconf 89' lang='lat' dir='ltr'>in</span> <span class='ocrx_word' id='word_1_355' title='bbox 1228 3756 1286 3819; x_wconf 85' lang='lat'>6.</span> <span class='ocrx_word' id='word_1_356' title='bbox 1336 3780 1371 3814; x_wconf 90' lang='lat'>«</span> <span class='ocrx_word' id='word_1_357' title='bbox 1403 3755 1542 3820; x_wconf 91' lang='lat' dir='ltr'>Non</span> <span class='ocrx_word' id='word_1_358' title='bbox 1575 3755 1867 3820; x_wconf 89' lang='lat' dir='ltr'>firmatur</span> <span class='ocrx_word' id='word_1_359' title='bbox 1914 3758 2121 3822; x_wconf 88' lang='lat' dir='ltr'>tractu</span> <span class='ocrx_word' id='word_1_360' title='bbox 2160 3758 2456 3840; x_wconf 89' lang='lat' dir='ltr'>temporis</span> <span class='ocrx_word' id='word_1_361' title='bbox 2490 3757 2657 3838; x_wconf 86' lang='lat' dir='ltr'>quod</span> <span class='ocrx_word' id='word_1_362' title='bbox 2687 3758 2762 3823; x_wconf 93' lang='lat' dir='ltr'>de</span> <span class='ocrx_word' id='word_1_363' title='bbox 2798 3760 2938 3825; x_wconf 87' lang='lat' dir='ltr'>iure</span> <span class='ocrx_word' id='word_1_364' title='bbox 2972 3760 3047 3824; x_wconf 87' lang='lat' dir='ltr'>ab</span> <span class='ocrx_word' id='word_1_365' title='bbox 3090 3754 3232 3822; x_wconf 84' lang='lat' dir='ltr'>initio</span> 
     </span>
     <span class='ocr_line' id='line_1_36' title="bbox 805 3860 1359 3924; baseline 0.002 -2"><span class='ocrx_word' id='word_1_366' title='bbox 805 3878 924 3923; x_wconf 92' lang='lat' dir='ltr'>non</span> <span class='ocrx_word' id='word_1_367' title='bbox 977 3860 1359 3924; x_wconf 80' lang='lat' dir='ltr'>subsistit».</span> 
     </span>
    </p>
   </div>
   <div class='ocr_carea' id='block_1_5' title="bbox 802 4009 3236 4250">
    <p class='ocr_par' dir='ltr' id='par_1_9' title="bbox 802 4009 3236 4250">
     <span class='ocr_line' id='line_1_37' title="bbox 914 4009 3233 4078; baseline -0.003 -13"><span class='ocrx_word' id='word_1_368' title='bbox 914 4011 1150 4065; x_wconf 80' lang='lat' dir='ltr'>XXXlX.</span> <span class='ocrx_word' id='word_1_369' title='bbox 1175 4012 1226 4064; x_wconf 88' lang='lat'>7.</span> <span class='ocrx_word' id='word_1_370' title='bbox 1254 4011 1351 4063; x_wconf 89' lang='lat' dir='ltr'>Nec</span> <span class='ocrx_word' id='word_1_371' title='bbox 1384 4009 1618 4073; x_wconf 77' lang='lat' dir='ltr'>obligaris</span> <span class='ocrx_word' id='word_1_372' title='bbox 1644 4010 1861 4078; x_wconf 85' lang='lat' dir='ltr'>implere,</span> <span class='ocrx_word' id='word_1_373' title='bbox 1889 4010 1930 4064; x_wconf 88' lang='lat' dir='ltr'>si</span> <span class='ocrx_word' id='word_1_374' title='bbox 1971 4010 2084 4077; x_wconf 88' lang='lat' dir='ltr'>quid</span> <span class='ocrx_word' id='word_1_375' title='bbox 2112 4010 2288 4063; x_wconf 85' lang='lat' dir='ltr'>iurasti</span> <span class='ocrx_word' id='word_1_376' title='bbox 2314 4017 2481 4063; x_wconf 83' lang='lat' dir='ltr'>contra</span> <span class='ocrx_word' id='word_1_377' title='bbox 2516 4010 2715 4064; x_wconf 87' lang='lat' dir='ltr'>consilia</span> <span class='ocrx_word' id='word_1_378' title='bbox 2754 4012 3064 4078; x_wconf 80' lang='lat' dir='ltr'>Evangelica,</span> <span class='ocrx_word' id='word_1_379' title='bbox 3091 4020 3135 4065; x_wconf 83' lang='lat' dir='ltr'>ut</span> <span class='ocrx_word' id='word_1_380' title='bbox 3161 4023 3233 4062; x_wconf 86' lang='lat' dir='ltr'>non</span> 
     </span>
     <span class='ocr_line' id='line_1_38' title="bbox 802 4093 3236 4163; baseline -0.003 -11"><span class='ocrx_word' id='word_1_381' title='bbox 802 4096 989 4163; x_wconf 81' lang='lat' dir='ltr'>ingredi</span> <span class='ocrx_word' id='word_1_382' title='bbox 1018 4093 1335 4159; x_wconf 76' lang='lat' dir='ltr'>Religionem,</span> <span class='ocrx_word' id='word_1_383' title='bbox 1357 4109 1450 4146; x_wconf 90' lang='lat' dir='ltr'>non</span> <span class='ocrx_word' id='word_1_384' title='bbox 1480 4097 1597 4147; x_wconf 86' lang='lat' dir='ltr'>dare</span> <span class='ocrx_word' id='word_1_385' title='bbox 1624 4096 1987 4159; x_wconf 84' lang='lat' dir='ltr'>eleemosynam</span> <span class='ocrx_word' id='word_1_386' title='bbox 2017 4102 2108 4149; x_wconf 86' lang='lat' dir='ltr'>etc.</span> <span class='ocrx_word' id='word_1_387' title='bbox 2132 4097 2241 4147; x_wconf 85' lang='lat' dir='ltr'>Mol.</span> <span class='ocrx_word' id='word_1_388' title='bbox 2266 4097 2441 4148; x_wconf 83' lang='lat' dir='ltr'>Sancb.</span> <span class='ocrx_word' id='word_1_389' title='bbox 2462 4098 2628 4159; x_wconf 80' lang='lat' dir='ltr'>Laym.</span> <span class='ocrx_word' id='word_1_390' title='bbox 2660 4101 2690 4150; x_wconf 89' lang='lat' dir='ltr'>l.</span> <span class='ocrx_word' id='word_1_391' title='bbox 2723 4097 2769 4150; x_wconf 70' lang='grc'><strong>4.</strong></span> <span class='ocrx_word' id='word_1_392' title='bbox 2794 4103 2826 4149; x_wconf 92' lang='lat' dir='ltr'>t.</span> <span class='ocrx_word' id='word_1_393' title='bbox 2859 4099 2911 4152; x_wconf 89' lang='lat'>3.</span> <span class='ocrx_word' id='word_1_394' title='bbox 2940 4112 2982 4151; x_wconf 89' lang='lat' dir='ltr'>c.</span> <span class='ocrx_word' id='word_1_395' title='bbox 3012 4099 3058 4150; x_wconf 90' lang='grc'><strong>6.</strong></span> <span class='ocrx_word' id='word_1_396' title='bbox 3078 4099 3130 4148; x_wconf 82' lang='lat' dir='ltr'>El</span> <span class='ocrx_word' id='word_1_397' title='bbox 3149 4093 3236 4145; x_wconf 78' lang='lat' dir='ltr'>licet</span> 
     </span>
     <span class='ocr_line' id='line_1_39' title="bbox 804 4179 3020 4250; baseline -0.001 -14"><span class='ocrx_word' id='word_1_398' title='bbox 804 4181 1085 4248; x_wconf 78' lang='lat' dir='ltr'>peccaveris</span> <span class='ocrx_word' id='word_1_399' title='bbox 1113 4180 1225 4233; x_wconf 81' lang='lat' dir='ltr'>talia</span> <span class='ocrx_word' id='word_1_400' title='bbox 1252 4179 1474 4241; x_wconf 87' lang='lat' dir='ltr'>iurando,</span> <span class='ocrx_word' id='word_1_401' title='bbox 1502 4195 1595 4231; x_wconf 88' lang='lat' dir='ltr'>non</span> <span class='ocrx_word' id='word_1_402' title='bbox 1625 4186 1783 4232; x_wconf 86' lang='lat' dir='ltr'>tamen</span> <span class='ocrx_word' id='word_1_403' title='bbox 1812 4194 1985 4247; x_wconf 83' lang='lat' dir='ltr'>peccas</span> <span class='ocrx_word' id='word_1_404' title='bbox 2012 4195 2106 4232; x_wconf 89' lang='lat' dir='ltr'>non</span> <span class='ocrx_word' id='word_1_405' title='bbox 2133 4179 2396 4247; x_wconf 69' lang='lat' dir='ltr'>implendo</span> <span class='ocrx_word' id='word_1_406' title='bbox 2423 4180 2578 4236; x_wconf 69' lang='lat' dir='ltr'>Caici.</span> <span class='ocrx_word' id='word_1_407' title='bbox 2607 4195 2654 4234; x_wconf 84' lang='lat' dir='ltr'>v.</span> <span class='ocrx_word' id='word_1_408' title='bbox 2673 4181 3020 4250; x_wconf 77' lang='lat' dir='ltr'>periurium.</span> 
     </span>
    </p>
   </div>
   <div class='ocr_carea' id='block_1_6' title="bbox 803 4288 3244 4677">
    <p class='ocr_par' dir='ltr' id='par_1_10' title="bbox 803 4288 3244 4677">
     <span class='ocr_line' id='line_1_40' title="bbox 900 4288 3240 4373; baseline -0.004 -11"><span class='ocrx_word' id='word_1_409' title='bbox 900 4288 1074 4362; x_wconf 82' lang='lat'>583.</span> <span class='ocrx_word' id='word_1_410' title='bbox 1117 4291 1290 4353; x_wconf 85' lang='lat' dir='ltr'>Licet</span> <span class='ocrx_word' id='word_1_411' title='bbox 1337 4289 1499 4353; x_wconf 89' lang='lat' dir='ltr'>enim</span> <span class='ocrx_word' id='word_1_412' title='bbox 1537 4307 1660 4352; x_wconf 91' lang='lat' dir='ltr'>non</span> <span class='ocrx_word' id='word_1_413' title='bbox 1692 4309 1919 4371; x_wconf 87' lang='lat' dir='ltr'>pecces,</span> <span class='ocrx_word' id='word_1_414' title='bbox 1969 4288 2271 4353; x_wconf 89' lang='lat' dir='ltr'>manendo</span> <span class='ocrx_word' id='word_1_415' title='bbox 2333 4288 2393 4353; x_wconf 93' lang='lat' dir='ltr'>in</span> <span class='ocrx_word' id='word_1_416' title='bbox 2442 4290 2668 4367; x_wconf 89' lang='lat' dir='ltr'>secu10,</span> <span class='ocrx_word' id='word_1_417' title='bbox 2703 4293 2770 4355; x_wconf 85' lang='lat' dir='ltr'>at</span> <span class='ocrx_word' id='word_1_418' title='bbox 2827 4310 3045 4373; x_wconf 86' lang='lat' dir='ltr'>peccas</span> <span class='ocrx_word' id='word_1_419' title='bbox 3089 4291 3240 4369; x_wconf 84' lang='lat' dir='ltr'>impe-</span> 
     </span>
     <span class='ocr_line' id='line_1_41' title="bbox 803 4390 3244 4474; baseline 0 -19"><span class='ocrx_word' id='word_1_420' title='bbox 803 4392 1021 4456; x_wconf 90' lang='lat' dir='ltr'>diendo</span> <span class='ocrx_word' id='word_1_421' title='bbox 1047 4393 1297 4455; x_wconf 89' lang='lat' dir='ltr'>bonum.</span> <span class='ocrx_word' id='word_1_422' title='bbox 1335 4392 1393 4456; x_wconf 83' lang='lat' dir='ltr'>S.</span> <span class='ocrx_word' id='word_1_423' title='bbox 1430 4391 1648 4454; x_wconf 88' lang='lat' dir='ltr'>Thom.</span> <span class='ocrx_word' id='word_1_424' title='bbox 1686 4390 1750 4453; x_wconf 85' lang='lat' dir='ltr'>in</span> <span class='ocrx_word' id='word_1_425' title='bbox 1775 4392 1835 4456; x_wconf 86' lang='lat'>3.</span> <span class='ocrx_word' id='word_1_426' title='bbox 1872 4392 1947 4456; x_wconf 90' lang='lat' dir='ltr'>D.</span> <span class='ocrx_word' id='word_1_427' title='bbox 1985 4393 2089 4456; x_wconf 83' lang='lat'>39.</span> <span class='ocrx_word' id='word_1_428' title='bbox 2125 4412 2183 4474; x_wconf 91' lang='lat' dir='ltr'>q.</span> <span class='ocrx_word' id='word_1_429' title='bbox 2226 4392 2284 4454; x_wconf 91' lang='lat'>1.</span> <span class='ocrx_word' id='word_1_430' title='bbox 2321 4411 2375 4456; x_wconf 90' lang='lat' dir='ltr'>a.</span> <span class='ocrx_word' id='word_1_431' title='bbox 2405 4392 2465 4456; x_wconf 87' lang='lat'>3.</span> <span class='ocrx_word' id='word_1_432' title='bbox 2501 4413 2558 4474; x_wconf 89' lang='lat' dir='ltr'>q.</span> <span class='ocrx_word' id='word_1_433' title='bbox 2599 4393 2700 4457; x_wconf 88' lang='lat'>15.</span> <span class='ocrx_word' id='word_1_434' title='bbox 2736 4393 2811 4457; x_wconf 89' lang='lat' dir='ltr'>ad</span> <span class='ocrx_word' id='word_1_435' title='bbox 2846 4396 2942 4459; x_wconf 82' lang='lat'>2.:</span> <span class='ocrx_word' id='word_1_436' title='bbox 2977 4420 3011 4451; x_wconf 87' lang='lat'><strong>«</strong></span> <span class='ocrx_word' id='word_1_437' title='bbox 3043 4392 3244 4473; x_wconf 82' lang='lat' dir='ltr'>Quam·</span> 
     </span>
     <span class='ocr_line' id='line_1_42' title="bbox 804 4490 3242 4579; baseline -0.001 -22"><span class='ocrx_word' id='word_1_438' title='bbox 804 4494 898 4558; x_wconf 77' lang='lat' dir='ltr'>vis</span> <span class='ocrx_word' id='word_1_439' title='bbox 934 4493 1121 4556; x_wconf 91' lang='lat' dir='ltr'>liceat</span> <span class='ocrx_word' id='word_1_440' title='bbox 1158 4493 1275 4556; x_wconf 87' lang='lat' dir='ltr'>sibi</span> <span class='ocrx_word' id='word_1_441' title='bbox 1306 4492 1669 4577; x_wconf 88' lang='lat' dir='ltr'>religionem</span> <span class='ocrx_word' id='word_1_442' title='bbox 1701 4511 1822 4556; x_wconf 93' lang='lat' dir='ltr'>non</span> <span class='ocrx_word' id='word_1_443' title='bbox 1863 4494 2114 4570; x_wconf 80' lang='lat' dir='ltr'>intrare,</span> <span class='ocrx_word' id='word_1_444' title='bbox 2154 4513 2277 4558; x_wconf 90' lang='lat' dir='ltr'>non</span> <span class='ocrx_word' id='word_1_445' title='bbox 2312 4495 2518 4559; x_wconf 88' lang='lat' dir='ltr'>tamen</span> <span class='ocrx_word' id='word_1_446' title='bbox 2551 4494 2696 4560; x_wconf 87' lang='lat' dir='ltr'>licet</span> <span class='ocrx_word' id='word_1_447' title='bbox 2730 4496 2967 4561; x_wconf 88' lang='lat' dir='ltr'>obicem</span> <span class='ocrx_word' id='word_1_448' title='bbox 3013 4490 3242 4579; x_wconf 88' lang='lat' dir='ltr'>Spiritui</span> 
     </span>
     <span class='ocr_line' id='line_1_43' title="bbox 809 4595 1381 4677; baseline -0.003 -18"><span class='ocrx_word' id='word_1_449' title='bbox 809 4595 1035 4659; x_wconf 85' lang='lat' dir='ltr'>Sancto</span> <span class='ocrx_word' id='word_1_450' title='bbox 1074 4614 1295 4677; x_wconf 88' lang='lat' dir='ltr'>ponere</span> <span class='ocrx_word' id='word_1_451' title='bbox 1322 4621 1381 4657; x_wconf 81' lang='lat'>».</span> 
     </span>
    </p>
   </div>
  </div>
 </body>
</html>
