3497 5147
792 361 900 418 502
953 377 1163 419 macr.
1190 379 1269 419 v1.
1293 377 1453 419 saer.
1480 378 1519 416 1.
1547 377 1633 417 me
1657 376 1936 419 sncuxno
1963 377 2531 443 rame-macanom.
2559 377 2690 419 car.
2712 379 2802 419 111.
2834 379 2980 420 nun.
3009 380 3057 419 v.
3093 366 3205 434 [600]

792 475 1092 541 ieiunium
1123 475 1185 537 in
1218 493 1373 556 pane
1405 475 1468 538 et
1500 492 1690 557 aqua3
1731 475 1785 539 si
1817 475 1932 539 hoc
1969 473 2152 539 modo
2201 493 2322 539 non
2363 476 2558 557 potes,
2593 476 2822 539 teneris
2862 475 3043 541 modo
3084 495 3210 540 com·

790 577 984 643 muni.
1021 577 1089 640 8⁰
1120 575 1368 641 Vovisti
1412 576 1971 661 peregrinationem
2018 577 2096 640 ad
2142 575 2581 641 Sanctuarium
2629 576 2810 641 nudis
2863 578 3137 661 pedibus;
3169 579 3212 643 si

792 681 909 745 hoc
938 678 1120 744 modo
1153 698 1275 745 non
1307 681 1503 761 potes,
1541 679 1768 743 teneris
1809 680 1952 744 alio.

884 779 1088 856 888118,
1123 780 1177 844 81
1220 799 1317 844 res
1350 784 1497 846 vota
1545 781 1629 846 sit
1672 780 2011 845 individua.
2045 780 2208 844 Nam
2240 780 2305 844 1⁰
2342 780 2396 845 si
2431 781 2662 845 vovisti
2691 781 3212 865 peregrinationem

795 884 1065 959 Romae3
1092 884 1145 947 si
1183 902 1305 947 non
1336 884 1511 966 potes
1543 903 1725 968 agere
1762 884 1881 947 nisi
1913 882 2239 947 dimidium
2271 882 2428 962 viae,
2462 902 2587 947 non
2619 884 2868 947 teneris.
2911 883 2983 946 ‘2⁰
3011 883 3218 948 Vovisti

724 1047 733 1054 .
794 986 1026 1070 erigere
1071 986 1298 1051 turrim
1342 986 1837 1068 campanariam;
1881 986 1934 1049 si
1970 1005 2092 1051 11011
2139 987 2316 1068 potes
2345 985 2468 1049 nisi
2498 985 2904 1050 fundamenta
2954 987 3217 1070 perficere,

793 1110 917 1156 uon
964 1091 1209 1155 teneris.
1242 1092 1314 1170 3⁰
1350 1089 1597 1155 Vovisti
1646 1089 2137 1155 aedificationem
2184 1090 2436 1166 altaris;
2486 1091 2540 1154 si
2587 1091 2764 1173 potes
2802 1091 3012 1156 solum
3045 1093 3223 1156 cande-

793 1193 990 1271 labra,
1023 1212 1147 1257 non
1177 1193 1425 1256 teneris.

883 1295 1025 1359 Huc
1054 1295 1207 1359 facit
1237 1295 1291 1359 si
1337 1295 1659 1361 accessorii
1702 1295 2174 1378 impossibilitas
2204 1296 2424 1360 reddat
2458 1295 2645 1360 nimis
2670 1294 2994 1361 difficilem
3025 1316 3224 1362 exsecu-

793 1399 1026 1463 tionem
1050 1398 1424 1481 principalis,
1466 1397 1542 1461 V.
1577 1418 1670 1482 gr.
1711 1399 1942 1462 vovisti
1973 1398 2531 1483 peregrinationem
2570 1398 2948 1481 equitando;
2985 1400 3035 1464 si
3064 1421 3224 1482 equus

795 1501 1121 1577 moriatur,
1154 1519 1344 1585 grave
1366 1500 1547 1574 foret,
1582 1500 1849 1584 pedestri
1888 1501 2109 1565 itinere
2145 1520 2285 1565 eam
2321 1501 2627 1584 perficere.

907 1673 960 1723 l..
982 1671 1031 1722 5.
1052 1671 1194 1737 Quod
1215 1669 1257 1722 si
1280 1677 1446 1724 votum
1472 1668 1627 1722 dividi
1654 1668 1847 1735 quidem
1876 1668 2048 1735 possit,
2074 1671 2161 1723 sed
2192 1684 2338 1724 unum
2365 1669 2415 1722 in
2440 1685 2500 1723 eo
2521 1669 2583 1723 sit
2608 1669 2900 1736 principale,
2929 1672 3100 1738 reliqua
3128 1687 3224 1724 vero

798 1754 1071 1808 accessoria
1108 1760 1309 1816 tantum,
1336 1769 1431 1807 non
1470 1768 1557 1820 per
1589 1767 1641 1806 se
1668 1753 1874 1806 seorsim
1900 1753 2101 1816 intenta,
2128 1755 2212 1807 sed
2240 1756 2570 1820 dependenter
2604 1770 2630 1807 a
2659 1753 2829 1821 priori,
2861 1764 3080 1822 tanquam
3112 1756 3224 1809 illius

798 1839 1091 1905 appendices
1130 1844 1180 1891 et
1215 1836 1372 1905 modi3
1398 1844 1528 1902 tunc,
1555 1836 1597 1890 si
1624 1835 1890 1904 principale
1928 1839 2010 1891 flat
2041 1837 2362 1904 impossibile,
2396 1838 2494 1892 ruit
2531 1837 2677 1893 etiam
2716 1840 2963 1905 obligatio
2987 1841 3223 1902 accessor-ii,

798 1935 895 1976 non
922 1929 1084 1974 autem
1108 1929 1305 1975 contra:
1334 1930 1387 1976 ut
1410 1935 1459 1976 v.
1483 1937 1531 1985 g,
1565 1921 1746 1974 vovisti
1785 1923 2219 1988 peregrinationem
2260 1926 2461 1977 Romam
2486 1923 2535 1976 in
2561 1923 2723 1977 cilicio
2753 1932 2805 1978 et
2831 1924 2905 1978 ibi
2936 1926 3057 1980 certi
3078 1926 3222 1991 :liquid

800 2010 1006 2069 oller-rm
1033 2006 1075 2060 si
1101 2006 1425 2072 peregrinatio
1450 2005 1771 2073 impossibilis
1798 2009 1895 2071 fiat,
1919 2022 2013 2061 non
2049 2007 2231 2062 teneris
2256 2007 2468 2062 cilicium
2498 2012 2621 2062 serre
2647 2017 2697 2064 et
2722 2009 3029 2064 oblationem
3051 2011 3224 2064 mittere.

801 2091 866 2142 V.
892 2093 1067 2144 sancti.
1095 2092 1127 2144 l.
1156 2091 1203 2144 4.
1229 2105 1271 2142 c.
1304 2093 1383 2144 10.
1411 2093 1529 2143 Bon.
1557 2093 1606 2144 d.
1636 2092 1681 2144 4.
1710 2107 1753 2145 c.
1781 2095 1830 2145 2.
1857 2107 1906 2158 p.
1937 2093 1982 2144 4.
2011 2093 2057 2159 (3.
2087 2093 2116 2144 4
2143 2094 2300 2146 Truil.
2327 2095 2359 2146 l.
2391 2095 2437 2145 2.
2461 2108 2503 2146 c.
2535 2096 2581 2145 l.
2607 2096 2657 2146 d.
2691 2096 2770 2146 ¹0.

892 2212 1062 2286 680.
1087 2215 1331 2280 Pariter
1376 2235 1424 2281 s.
1460 2216 1644 2300 Alph.
1694 2238 1753 2280 n.
1785 2218 1939 2280 223.
1982 2218 2253 2282 advertit
2298 2219 2503 2300 quoad
2542 2221 2763 2284 votum
2810 2223 3085 2304 poenale,
3115 2241 3223 2285 cum

799 2319 1023 2402 duplex
1068 2321 1181 2396 est,
1214 2320 1268 2383 si
1296 2319 1613 2384 relaxatur
1657 2320 1831 2402 prius
1877 2338 1968 2384 ex.
2003 2338 2096 2404 gr.
2131 2340 2254 2386 non
2300 2320 2573 2395 ludendi,
2597 2322 2923 2388 relaxatur
2953 2326 3132 2390 etiam
3159 2343 3226 2387 se-

800 2422 1089 2499 cundum,
1123 2421 1284 2504 quod
1313 2423 1407 2486 est
1437 2421 1511 2486 de
1540 2439 1766 2504 poena3
1801 2422 1951 2505 quia
1983 2422 2098 2487 hoc
2133 2425 2231 2487 est
2277 2425 2686 2488 accessorium
2726 2425 2975 2508 prioris

890 2525 1161 2592 Notetur
1182 2525 1317 2590 heic
1338 2525 1588 2590 tandem
1618 2525 1989 2591 universalis
2012 2525 2312 2604 doctrina,
2340 2544 2529 2610 quam
2552 2526 2750 2592 tradit
2773 2546 2835 2592 n.
2851 2527 3224 2611 226.s.Alpl1.

800 2630 1003 2712 quoad
1035 2630 1332 2694 materiae
1354 2628 1769 2693 mutationem
1800 2646 1909 2694 seu
1940 2630 2471 2714 supervenientem
2494 2630 2838 2695 notabilem
2863 2632 3228 2697 circumstan-

798 2730 975 2809 tiam,
1014 2750 1139 2814 qua
1169 2731 1451 2815 praevisa
1483 2731 1623 2814 quis
1659 2735 1876 2797 votum
1908 2752 2030 2797 non
2062 2732 2385 2797 emisisset.
2433 2756 2468 2790 (ι
2501 2732 2614 2796 Est
2643 2735 2997 2799 communis
3019 2738 3228 2799 senten·

798 2836 910 2913 tia,
948 2835 1170 2918 inquit,
1206 2835 1372 2919 quod
1415 2835 1481 2899 in
1530 2835 1699 2899 omni
1742 2836 2168 2918 promissione,
2217 2837 2406 2918 prout
2452 2838 2547 2901 est
2594 2835 2788 2900 etiam
2827 2840 3072 2914 votum,
3115 2856 3228 2900 mu·

802 2938 962 3002 tatio
1011 2938 1306 3002 materiae
1353 2937 1426 3002 de
1472 2956 1536 3002 se
1582 2936 1877 3001 notabilis
1925 2936 2368 3021 obligationem
2416 2937 2637 3002 aufert.
2686 2938 2904 3016 Ratio,
2965 2941 3108 3023 quia
3146 2956 3232 3021 per

800 3040 1214 3104 mutationem
1255 3056 1353 3103 res
1398 3039 1473 3103 fit
1517 3038 1781 3112 diversa,
1830 3058 1902 3102 ac
1947 3040 2270 3122 promissa.
2304 3041 2510 3122 Atque
2543 3040 2780 3125 allegat
2818 3043 3231 3108 auctoritatem

803 3161 852 3205 S.
887 3141 1160 3205 Thomae
1198 3140 1261 3203 in
1308 3141 1371 3204 4.
1411 3140 1468 3203 d.
1504 3142 1609 3204 38.
1636 3160 1694 3222 q.
1736 3143 1792 3203 1.
1829 3160 1885 3204 a.
1935 3141 1995 3204 3.
2033 3141 2108 3205 ad
2151 3143 2258 3205 1⁰⁸²
2284 3141 2595 3207 docentis:
2630 3143 2717 3207 Id
2758 3143 3032 3210 liberare
3064 3165 3106 3209 a
3135 3142 3236 3207 voti

801 3241 897 3305 vel
954 3244 1297 3306 iuramenti
1356 3241 1750 3325 obliyatione,
1798 3242 1981 3325 quod,
2027 3243 2088 3307 si
2143 3264 2188 3307 a
2235 3245 2552 3325 principio
2612 3250 2831 3310 notum
2888 3248 3124 3327 fuisset,
3177 3266 3236 3308 en

800 3343 949 3425 fieri
998 3344 1417 3425 impedivisset
1460 3371 1522 3408 ».
1571 3346 1652 3410 Et
1695 3345 1886 3411 infra:
1927 3371 1961 3405 «
2009 3346 2198 3411 Ratio
2246 3348 2551 3431 generalis
2597 3350 2711 3425 est,
2761 3350 2934 3431 quia,
2982 3366 3243 3434 superve-

800 3447 1005 3511 niente
1051 3448 1519 3513 circumstantia
1554 3465 1679 3512 non
1710 3450 2010 3531 praevisa,
2046 3469 2171 3532 qua
2194 3453 2413 3515 votum
2438 3451 2757 3515 onerosius
2803 3454 3095 3525 redditur,
3126 3468 3248 3514 ma·

800 3550 958 3615 teria
1006 3551 1138 3616 voti
1184 3551 1258 3615 fit
1301 3550 1545 3616 diversa
1591 3568 1782 3633 quam
1828 3553 2132 3633 promissa
2170 3577 2233 3617 ».
2270 3552 2498 3617 Exinde
2530 3554 2848 3618 concludit
2895 3575 3006 3621 ceu
3044 3552 3250 3638 proba·

801 3650 1011 3727 bilius,
1049 3654 1215 3736 quod
1262 3654 1315 3718 si
1351 3655 1492 3737 quis
1524 3655 1785 3730 voverit,
1822 3673 1884 3718 se
1928 3644 2356 3719 ieiunaturum
2386 3654 2651 3737 singulis
2683 3656 2855 3721 feriis
2903 3658 3104 3731 sextis,
3135 3670 3249 3719 nou

802 3756 1090 3819 teneatur
1136 3756 1210 3819 ad
1258 3756 1577 3833 ieiunium,
1614 3758 1666 3821 si
1695 3757 1762 3820 in
1812 3756 1871 3820 6.
1906 3755 2124 3822 feriam
2161 3757 2394 3821 incidat
2425 3756 2483 3820 N
2487 3758 2746 3823 ativitas
2793 3758 3083 3831 Domini:
3115 3756 3252 3839 quia

801 3856 932 3920 scil.
961 3859 1014 3921 si
1044 3859 1466 3942 praevidisset,
1503 3879 1624 3925 non
1662 3860 1940 3925 vovisset
1973 3880 2084 3943 pro
2130 3880 2204 3925 ea
2239 3859 2358 3925 (118.

896 3958 978 4024 Et
1021 3960 1257 4025 multae
1305 3963 1461 4027 aliae
1508 3964 1851 4029 solutiones
1884 3963 2024 4027 addi
2056 3964 2346 4028 similiter
2379 3966 2661 4048 possunt.
2697 3965 2798 4029 Ita
2833 3984 2891 4028 v.
2925 3984 3019 4050 gr.
3045 3958 3254 4043 siquis

802 4064 977 4129 vovit
1023 4066 1137 4129 aut
1182 4060 1507 4129 donarium
1540 4069 1925 4150 argenteum,
1961 4067 2075 4130 aut
2118 4066 2424 4145 candelae,
2467 4068 2581 4131 aut
2623 4067 3100 4151 eleemosynam.
3150 4068 3254 4124 aut

805 4186 1130 4251 expensam
1178 4168 1366 4232 aliam
1412 4169 1776 4250 quamlibet,
1826 4169 1974 4250 quia
2020 4169 2287 4252 putabat
2317 4168 2439 4233 sibi
2469 4187 2607 4232 eam
2638 4186 2966 4244 summam,
3005 4159 3250 4243 reliquis

804 4273 1118 4347 detractiS‚
1152 4270 1616 4354 supersuturam
1654 4275 1717 4335 et
1766 4270 1905 4335 dein
1937 4271 2034 4335 vel
2082 4272 2161 4335 ob
2207 4270 2497 4336 morbum
2546 4272 2659 4335 aut
2704 4270 2983 4335 deficiens
3015 4268 3246 4331 lucrum

808 4378 919 4439 aut
964 4376 1205 4440 hirtum
1237 4394 1481 4440 summa
1517 4374 1629 4437 illa
1677 4373 1942 4438 deficiat.

898 4479 997 4543 Ita
1044 4480 1205 4543 alius
1237 4479 1410 4543 vovit
1456 4496 1519 4542 se
1568 4474 2039 4542 aedificaturum
2085 4476 2424 4552 ecclesiam,
2452 4480 2565 4542 aut
2609 4476 2922 4559 capellam,
2954 4472 3092 4554 quia
3141 4483 3244 4548 pu·

804 4582 986 4646 tabat
1031 4599 1095 4645 se
1141 4582 1271 4645 81118
1315 4580 1527 4644 liberis
1572 4579 1949 4643 moriturum
1988 4582 2050 4645 et
2088 4579 2226 4643 dein
2258 4580 2537 4644 nascitur
2565 4578 2731 4643 filius
2761 4580 2874 4643 etc.
