3497 5147
409 370 553 440 [855]
1447 383 1533 422 nn
1570 382 1842 425 smcrmo
2550 366 2556 371 ’
2772 370 2876 425 631

495 479 755 560 Quaerit
791 477 930 542 dein
962 496 1011 542 s.
1046 477 1337 563 Ligorius
1368 499 1428 543 n.
1465 480 1615 543 364.
1652 499 1730 543 an
1752 499 1985 563 poenae
2017 480 2295 545 afficiant
2327 481 2517 544 etiam
2539 481 2882 546 assassinos

406 602 516 648 seu
551 582 999 658 mandatarios‚
1050 583 1367 665 allataque
1414 585 1681 666 utraque
1729 585 2037 649 sententia
2086 585 2439 650 affirmante
2485 587 2549 649 et
2594 587 2881 669 negante,

405 685 719 750 concludit
765 684 1148 767 probabilius
1195 686 1453 770 negari;
1504 687 1657 769 quia
1698 688 1907 751 textus
1955 706 2076 751 non
2114 688 2398 769 loquitur
2443 687 2516 752 de
2563 688 2734 770 ipsis,
2777 689 2884 752 sed

404 788 501 864 iis,
537 788 646 870 qui
677 806 786 870 per
810 786 1057 867 infieles
1106 787 1465 852 occidebant
1510 788 1919 854 christianos:
1969 790 2245 854 infideles
2293 791 2504 854 autem
2550 809 2671 855 nou
2707 793 2884 873 pote-

409 891 550 953 rant
598 889 860 954 coerceri
898 888 1064 952 hisce
1104 888 1367 972 legibue,
1402 890 1551 971 quia
1598 910 1718 955 non
1760 892 1909 955 sunt
1938 892 2174 957 subditi
2221 892 2550 957 Ecclesiae.

496 995 662 1078 Ergo
711 1012 869 1075 quae
906 992 1188 1076 disputat
1218 994 1493 1058 Ferraris
1527 993 1603 1058 V.
1639 994 1969 1059 Ass-assiu.
2010 1016 2047 1060 a
2078 1017 2138 1059 n.
2173 997 2279 1060 30.
2319 996 2525 1060 minus
2558 997 2707 1060 sunt
2743 1015 2881 1078 pro-

405 1097 661 1161 habilia.

500 1199 792 1264 Ceterum
840 1199 1030 1263 etiam
1102 1200 1209 1280 qui
1280 1198 1556 1263 subdunt
1600 1198 2028 1263 mandatarios
2076 1199 2242 1263 hisce
2297 1198 2529 1281 poeniS‚
2579 1198 2881 1278 quasdam

408 1303 644 1367 addunt
690 1301 1090 1377 conditioneS‚
1125 1304 1201 1365 ut
1236 1302 1376 1384 quis
1407 1307 1548 1366 vere
1595 1304 1918 1367 censeatur
1963 1302 2349 1366 AssassinuS.
2389 1301 2552 1364 Nam
2589 1303 2656 1362 1⁰
2702 1300 2886 1364 debet

408 1404 766 1488 praecedere
803 1404 1203 1467 mandatum:
1240 1405 1309 1467 2⁰
1339 1405 1414 1468 ut
1460 1405 1892 1469 mandatarius
1941 1404 2327 1469 conducatur
2374 1404 2452 1467 ad
2486 1404 2883 1468 occidendum

409 1505 607 1590 pretio
655 1506 822 1569 certo
855 1505 1065 1569 soluto
1099 1505 1197 1569 vel
1231 1508 1393 1570 certe
1431 1507 1735 1589 promisso
1785 1525 1895 1570 nec
1934 1507 2165 1570 sufficit
2203 1526 2366 1591 vaga
2412 1506 2715 1587 quaedum
2749 1524 2886 1585 pro-

409 1609 652 1673 missio:
688 1608 758 1670 30
805 1609 879 1671 ut
923 1607 1251 1689 promissio
1300 1608 1385 1671 sit
1433 1610 1756 1690 acceptata
1788 1609 1852 1672 et
1898 1608 2146 1689 quidem
2196 1626 2305 1690 pro
2339 1609 2522 1690 pacta
2559 1608 2880 1670 occisione.

409 1711 573 1795 Ergo
622 1729 732 1774 nec
780 1710 888 1792 qui
936 1711 1155 1792 sponte
1204 1710 1448 1786 occidit,
1500 1713 1572 1773 ut
1620 1711 1802 1773 alteri
1835 1713 2091 1794 gratum
2124 1710 2334 1785 faciat,
2384 1730 2493 1773 nec
2538 1710 2646 1791 qui
2678 1710 2883 1773 solum

410 1813 689 1897 precibus
736 1812 1052 1885 inductUS,
1124 1831 1233 1876 nec
1281 1812 1387 1893 qui
1434 1812 1615 1896 vagis
1663 1813 2182 1895 promissionibus
2231 1832 2287 1877 v.
2346 1832 2439 1896 gr.
2490 1831 2593 1876 ero
2641 1812 2882 1895 gratae,

410 1917 527 1981 tibi
571 1935 889 1998 nunquam
927 1915 1127 1992 deero,
1162 1916 1437 1981 liberabo
1472 1936 1508 1980 a
1541 1919 1742 1981 morte
1790 1917 1904 1980 etc.
1957 1920 2265 1993 movetur,
2302 1917 2583 1981 censetur
2631 1916 2884 1980 assassi-

411 2037 547 2082 nuS.
580 2019 824 2081 Harum
849 2018 1061 2099 aliqua
1085 2018 1356 2082 conditio
1383 2018 1435 2081 si
1477 2018 1659 2095 absit,
1689 2038 1760 2082 ex
1787 2021 2064 2083 omnium
2105 2020 2434 2096 sententia,
2468 2038 2588 2083 non
2622 2018 2885 2081 incurrit

411 2141 470 2184 v.
509 2141 603 2205 gr.
638 2138 897 2203 poenam
945 2120 1316 2184 exclusionis
1366 2121 1444 2183 ab
1494 2122 1691 2205 asylo.

499 2223 691 2288 Addit
706 2224 896 2287 etiam
919 2241 969 2287 e.
1005 2224 1360 2306 Alphonsus
1394 2244 1453 2287 11.
1495 2224 1645 2288 365.
1687 2245 1734 2288 s,
1766 2226 1947 2289 Pium
1981 2226 2057 2288 V.
2094 2227 2207 2290 sub
2247 2225 2879 2291 excommunicatione

407 2328 541 2406 ipso
587 2324 750 2404 facto
798 2326 1186 2408 prohibuisse
1247 2328 1386 2391 tum
1433 2328 1834 2410 principibuS‚
1886 2348 1962 2391 ne
2009 2329 2439 2411 permitterent
2502 2326 2880 2411 agitationes

407 2431 753 2505 taurorum,
803 2429 942 2492 tum
989 2428 1512 2505 christifidelibuS‚
1579 2449 1654 2493 ne
1700 2449 1843 2493 cum
1891 2431 2091 2495 tauris
2153 2431 2689 2515 congrederentur,
2740 2431 2876 2491 tum

407 2530 643 2597 clericis
689 2549 764 2595 ne
813 2530 1189 2596 assisterent.
1240 2528 1522 2597 Clemens
1592 2534 1803 2597 tamen
1852 2532 2023 2597 VIIl.
2073 2551 2302 2616 poenas
2363 2532 2545 2597 hasce
2616 2530 2881 2595 abstulit

408 2653 517 2714 pro
564 2633 771 2718 regnis
817 2633 1264 2716 Hispaniarum
1311 2635 1511 2716 quoad
1567 2654 1797 2713 omnes,
1848 2635 2114 2718 exceptis
2161 2634 2521 2716 Reliyiosis,
2557 2634 2728 2696 Haec
2776 2652 2881 2696 au-

409 2739 539 2800 tem
573 2754 829 2800 censura
876 2755 1038 2799 nunc
1084 2737 1179 2798 est
1225 2735 1492 2799 sublata.

1466 2925 1738 2992 CAPUT
1772 2928 1822 2992 Ι.

1348 3084 1440 3130 DE
1506 3083 1949 3131 HOMICIDIO

1511 3242 1673 3304 ΗΠΒ.
1726 3242 1777 3304 Ι.

1423 3381 1526 3446 De
1561 3381 1859 3447 Smsscidz'o.

522 3557 578 3607 n.
606 3555 752 3622 Resp.
778 3558 977 3620 Absque
1014 3555 1177 3608 divina
1218 3552 1504 3607 auctoritate
1541 3568 1637 3606 non
1676 3554 1790 3606 lieet
1827 3553 2040 3620 seipsum
2079 3554 2264 3608 directe
2303 3562 2350 3607 et
2389 3569 2450 3607 ex
2490 3554 2759 3607 intentione
2797 3571 2874 3607 oc·

410 3638 592 3693 cidere.
620 3639 760 3694 Ratio
788 3646 880 3704 est,
905 3638 1018 3705 quia
1044 3645 1120 3694 cst
1143 3646 1313 3692 eontra
1346 3638 1595 3692 ceritatem
1622 3637 1701 3690 sui
1737 3644 1787 3692 et
1827 3641 1880 3692 nt
1918 3637 2092 3691 iniuria
2122 3638 2260 3705 neip.
2287 3646 2333 3691 et
2363 3642 2485 3702 Deo,
2511 3639 2594 3704 qui
2636 3646 2711 3692 est
2741 3642 2879 3695 solus

411 3725 626 3778 directus
662 3734 711 3780 et
744 3728 1000 3780 absolutus
1040 3725 1276 3779 Dominus
1314 3730 1551 3778 numanae
1592 3723 1740 3776 vitae.
1785 3723 1898 3776 Dixi
1947 3726 1988 3775 Ι.
2027 3722 2233 3792 absque
2280 3723 2615 3780 auctoritate
2664 3724 2873 3788 divina,

409 3817 607 3877 propter
643 3814 957 3876 Sampsonem
984 3816 1032 3862 et
1059 3812 1293 3875 quosdam
1321 3812 1576 3873 Martyres,
1604 3807 1687 3874 qui
1713 3807 1903 3874 seipsos
1928 3807 2222 3874 occiderunt,
2255 3811 2331 3860 vel
2366 3823 2428 3861 ex
2471 3808 2633 3860 divina
2673 3808 2879 3875 inspira-

407 3895 556 3959 tione,
587 3897 665 3949 vel
703 3893 945 3961 inculpata
970 3894 1260 3958 ignorantia.
1293 3895 1404 3948 Dixi
1432 3893 1664 3948 directe:
1692 3892 1805 3959 quia
1833 3892 2063 3946 indirecte
2088 3895 2379 3959 quandoque
2405 3894 2520 3947 lieet
2546 3909 2597 3946 se
2632 3895 2873 3950 occidere.

408 3983 502 4032 hoc
540 3985 615 4032 est
653 3979 832 4045 aliquid
860 3983 1018 4032 facere
1058 3981 1133 4032 vel
1173 3979 1414 4042 omittere,
1445 3993 1504 4031 ex
1545 3994 1640 4044 quo
1680 3985 1878 4044 praeter
1907 3976 2226 4030 intentionem
2270 3992 2400 4032 mors
2439 3986 2575 4031 certo
2623 3987 2882 4042 sequutum

407 4064 520 4131 quia
549 4071 861 4131 praeceptum
886 4064 1206 4117 conservandi
1232 4064 1398 4129 vitum,
1426 4071 1596 4130 utpote
1623 4062 1987 4127 affirmativum,
2017 4078 2113 4116 non
2141 4078 2334 4130 semper
2371 4063 2572 4125 obligat,
2599 4065 2686 4114 sed
2716 4068 2877 4127 potest

407 4148 567 4202 omitti
605 4156 807 4215 propter
847 4151 1026 4200 bonurn
1066 4151 1225 4213 finem,
1267 4147 1604 4202 necessitatem
1646 4150 1724 4201 vel
1766 4163 1985 4213 magnam
2029 4147 2302 4200 utilitatem.
2335 4151 2384 4200 S.
2425 4149 2518 4199 Tu.
2549 4149 2596 4197 2.
2628 4149 2676 4199 2.
2705 4161 2753 4210 q.
2781 4146 2867 4199 64.

412 4236 475 4288 V.
503 4233 613 4288 Fiu.
638 4234 717 4288 liic
759 4240 791 4287 t.
823 4235 906 4285 29.
934 4246 976 4285 c.
1012 4232 1060 4283 4.
1086 4248 1134 4297 q.
1160 4234 1210 4284 5.
1244 4240 1293 4285 et
1317 4235 1428 4286 Bec.
1460 4236 1508 4286 2.
1537 4237 1585 4286 2.
1614 4240 1646 4287 t.
1674 4235 1722 4286 3.
1751 4249 1794 4286 c.
1821 4234 1871 4286 7.
1902 4249 1947 4299 q.
1981 4237 2029 4284 8.

500 4358 676 4432 855.
712 4359 891 4440 Quod
922 4357 1150 4422 dicitur
1182 4357 1254 4421 de
1293 4356 1649 4439 Sampsone‚
1684 4358 1845 4423 forte
1868 4377 1992 4423 non
2014 4358 2277 4438 requirit
2308 4355 2584 4419 divinam
2619 4356 2878 4437 inspira·

411 4465 680 4534 tionem:
731 4463 837 4527 sed
885 4460 1174 4525 advocari
1203 4460 1413 4542 potest
1448 4460 1794 4523 communis
1831 4460 2112 4526 doctrina
2144 4459 2217 4522 de
2253 4458 2427 4521 licita
2479 4458 2876 4540 permissione

413 4566 664 4631 effectus
710 4564 864 4628 mali
910 4561 1013 4644 (de
1060 4560 1208 4624 Act.
1257 4560 1455 4624 Hum.
1505 4581 1563 4624 n.
1618 4562 1721 4623 29.
1772 4563 1998 4643 seqq.):
2048 4561 2194 4624 licet
2242 4559 2478 4624 scilicet
2524 4560 2878 4642 permittere
