3497 5147
305 391 447 468 [632]
918 404 1087 453 Quam
1124 405 1203 445 m·
1238 402 1486 452 Quum
1524 403 1616 445 srr
1653 404 1984 446 onmoArxo
2021 404 2160 446 vo'ri
2662 393 2773 448 485

304 505 704 584 inefficacem,
729 505 805 570 de
847 523 974 587 qua
1007 503 1299 579 affirmat,
1332 521 1455 568 non
1490 502 1658 584 quod
1690 502 1775 567 sit
1810 505 2131 586 peccatum
2157 501 2412 579 veniale,
2448 502 2550 567 sed
2583 505 2767 584 quod,

301 628 408 692 per
456 627 522 673 se
569 606 901 690 loquend0,
950 625 1073 672 non
1118 608 1214 671 est
1260 606 1600 688 peccatum.
1651 605 1840 669 Ratio
1879 608 1995 678 est,
2031 605 2178 686 quia
2217 605 2368 670 haec
2388 606 2768 688 poenitentia

301 731 423 777 non
454 712 554 778 est
589 712 663 777 de
697 710 939 777 obiecto
970 708 1285 794 prohibito
1317 728 1387 774 ex
1419 708 1481 772 vi
1508 708 1908 792 obligationis
1939 707 2100 785 voti3
2135 697 2282 790 quia
2312 710 2530 774 vetum
2561 710 2765 775 solum

298 817 396 878 est
442 813 772 898 promissio
817 810 1081 876 faciendi
1125 812 1284 875 hanc
1329 811 1426 875 vel
1458 810 1632 874 illam
1679 830 1830 888 rem,
1865 829 1985 875 non
2025 812 2236 876 autem
2266 811 2575 896 gaudendi
2612 831 2766 877 sem-

298 935 407 999 per
430 917 547 980 aut
586 934 908 997 nunquam
939 913 1184 979 dolendi
1208 913 1281 978 de
1319 914 1466 979 voto
1504 912 1704 979 facto:
1739 932 1860 979 non
1896 916 1992 978 est
2022 933 2167 1000 ergo
2203 914 2347 978 talis
2384 915 2764 998 poenitentia

301 1020 523 1081 contra
570 1019 812 1082 votum.
880 1015 1027 1080 Inde
1073 1033 1218 1080 vero
1266 1015 1528 1080 infertur
1574 1016 1730 1080 hanc
1775 1017 2222 1100 poenitentiam
2267 1036 2338 1081 ex
2382 1036 2602 1102 genere
2647 1037 2761 1084 suo

296 1119 546 1184 nullum
593 1137 724 1184 esse
775 1119 1132 1202 peccatum3
1161 1117 1309 1201 quia
1354 1118 1598 1183 nullum
1645 1121 2043 1202 praeceptum
2069 1119 2399 1196 invenitur,
2433 1121 2528 1185 cui
2580 1140 2764 1206 oppo-

292 1222 508 1285 natur.
559 1221 752 1303 quue
802 1220 895 1286 ait
928 1221 1193 1304 supponi
1240 1240 1276 1284 a
1323 1239 1372 1285 s.
1406 1220 1643 1285 Thoma
1693 1240 1748 1285 a.
1802 1222 1860 1283 6.
1897 1221 2099 1285 ειᾶ.2““
2133 1222 2366 1286 aiente:
2396 1247 2428 1279 «
2463 1221 2529 1287 Si
2553 1225 2760 1289 tamen

295 1324 512 1407 ipsum
563 1341 718 1406 opus
766 1323 1105 1388 secundum
1150 1341 1215 1387 se
1261 1322 1717 1387 consideratum
1765 1323 1944 1387 triste
1990 1326 2052 1388 et
2097 1323 2586 1389 involuntarium
2633 1326 2759 1391 red-

292 1425 552 1490 deretur
595 1426 743 1510 post
785 1426 1025 1504 votum,
1058 1425 1205 1489 dum
1240 1425 1447 1490 tamen
1478 1428 1796 1491 remaneat
1840 1426 2131 1491 voluntas
2177 1427 2394 1491 votum
2443 1428 2756 1510 implendi,

294 1530 504 1595 adhuc
550 1532 647 1594 est
692 1529 896 1614 magis
941 1528 1352 1602 meritorium,
1401 1547 1589 1611 quam
1637 1529 1689 1594 si
1720 1528 1894 1593 fieret
1925 1529 2055 1593 sine
2102 1529 2248 1594 voto
2282 1553 2342 1592 ».
2379 1529 2631 1594 Dictum
2663 1530 2758 1594 est

279 1653 405 1712 per
448 1651 518 1695 se
566 1629 869 1713 loquendo
890 1652 912 1695 .·
958 1650 1105 1696 nam
1134 1649 1242 1715 per
1270 1631 1549 1696 accidens
1596 1631 1742 1695 talis
1774 1629 2154 1714 poenitentia
2191 1631 2397 1713 potest
2428 1649 2558 1695 esse
2588 1631 2755 1696 mala

286 1738 349 1799 et
397 1737 553 1799 voto
601 1734 934 1811 contraria,
982 1734 1037 1798 si
1082 1752 1189 1818 per
1235 1752 1371 1798 eam
1418 1733 1603 1798 homo
1652 1732 2072 1798 constituatur
2119 1732 2181 1796 in
2212 1733 2437 1797 morali
2483 1734 2753 1816 periculo

286 1857 418 1902 non
441 1836 742 1922 implendi
764 1837 1000 1903 votnm.
1028 1834 1275 1917 Quanta
1301 1838 1513 1900 autem
1535 1835 1717 1918 culpa
1743 1835 1847 1911 sit,
1861 1853 1931 1897 ex
1953 1834 2435 1899 circumstantiis
2459 1853 2754 1918 personae

284 1941 357 2002 et
404 1940 711 2021 qualitate
744 1939 1045 2005 materiae
1074 1937 1456 2022 pensandum
1505 1941 1617 2002 est.
1668 1937 1768 2001 Ita
1813 1936 1975 2001 idem
2023 1936 2247 2002 Suarez
2281 1936 2426 2001 ibid.
2461 1958 2519 2001 n.
2560 1938 2616 2000 7.
2649 1938 2683 1975 *

402 2064 593 2118 xxm
621 2064 671 2117 4.
700 2062 797 2131 Qui
823 2062 976 2117 violat
1009 2070 1177 2116 vetum
1204 2065 1267 2117 de
1306 2077 1359 2116 re
1397 2061 1492 2116 iam
1530 2070 1640 2116 anie
1666 2068 1942 2129 praecepta,
1971 2060 2109 2114 verbi
2132 2060 2307 2127 gratia,
2335 2061 2418 2129 qui
2444 2069 2554 2129 post
2584 2071 2750 2119 votum

278 2151 537 2207 castilatis
562 2151 845 2216 retineatur,
863 2154 1010 2206 debet
1036 2150 1086 2205 in
1112 2151 1419 2205 confessione
1439 2153 1634 2215 addere,
1656 2153 1787 2218 quod
1816 2158 1981 2203 votum
2008 2149 2057 2203 id
2083 2153 2262 2205 habeat
2287 2157 2368 2204 aut
2388 2155 2519 2218 quod
2539 2153 2748 2208 Ordines

277 2234 559 2305 acceperit,
586 2235 626 2289 si
651 2234 981 2290 confessarius
1006 2234 1214 2304 nesciam
1241 2235 1350 2302 quia
1386 2238 1567 2302 duplex
1605 2243 1718 2290 tunc
1744 2242 1819 2288 est
1857 2235 2038 2288 malitia
2067 2235 2269 2302 peccati.
2297 2237 2439 2290 Suar.
2466 2251 2508 2290 c.
2538 2238 2586 2289 6.
2611 2240 2744 2292 Less-

271 2322 322 2374 d.
352 2322 408 2374 7.
437 2322 620 2375 Sanch.
648 2336 692 2375 c.
718 2321 769 2375 5.
794 2319 902 2374 Fili.
930 2335 974 2374 c.
995 2321 1050 2374 7.
1078 2335 1124 2386 q.
1152 2321 1201 2374 4.

363 2426 531 2500 631.
582 2428 863 2493 Fuerunt
906 2447 1144 2512 nempe,
1192 2429 1300 2512 qui
1348 2431 1706 2506 assererent,
1778 2449 1907 2494 rem
1965 2430 2120 2494 alias
2174 2432 2566 2515 praeceptam
2626 2452 2747 2498 non

270 2552 419 2599 esse
470 2530 804 2596 materiam
849 2531 983 2597 voti
1030 2532 1141 2597 aut
1188 2533 1350 2597 certe
1388 2531 1625 2597 nullam
1655 2551 1882 2597 novam
1917 2531 2361 2619 obligationem
2393 2552 2500 2618 per
2529 2537 2749 2600 votum

258 2636 514 2702 induci.
556 2635 644 2699 At
688 2632 913 2700 Suarez
959 2634 1033 2699 de
1096 2633 1245 2699 Veto
1291 2635 1334 2699 1.
1369 2656 1427 2699 n.
1472 2636 1530 2699 2.
1566 2656 1615 2700 c.
1653 2635 1711 2699 6.
1747 2657 1806 2700 n.
1842 2637 1903 2699 4.
1955 2637 2078 2700 ait:
2137 2662 2170 2693 «
2218 2634 2382 2701 Vera
2432 2638 2637 2700 tamen
2685 2640 2747 2702 et

253 2738 597 2805 catholica
644 2737 950 2802 sententia
980 2739 1094 2814 est,
1124 2738 1300 2802 actus
1323 2741 1679 2824 praeceptos
1717 2758 1894 2822 posse
1928 2759 2056 2804 esse
2088 2740 2417 2804 materiam
2448 2741 2580 2805 voti
2612 2760 2747 2824 pro·

247 2841 591 2928 priiSSime
623 2840 770 2905 dicti
809 2866 870 2903 ».

353 2947 394 2985 *
426 2943 617 3025 Quod
644 2943 867 3027 probat
892 2942 1276 3028 argumentis
1299 2942 1422 3007 iam
1462 2962 1497 3008 a
1523 2943 1700 3007 nobis
1726 2943 1935 3007 allati<
1969 2942 2084 3007 sub
2109 2964 2166 3007 n.
2202 2943 2350 3007 617.
2377 2944 2458 3008 Et
2490 2965 2634 3009 sane
2667 2945 2742 3009 ad

248 3051 428 3115 haec
465 3066 537 3111 se
582 3046 731 3111 voto
780 3044 1056 3131 obligare
1101 3045 1323 3110 melius
1361 3046 1456 3111 est
1502 3048 1640 3111 tum
1688 3046 1766 3110 ob
1812 3046 2110 3111 maiorem
2157 3050 2412 3111 actuum
2458 3048 2745 3112 excellen-

248 3154 460 3229 tiam,
503 3149 615 3232 qui
645 3148 919 3213 evadunt
962 3148 1141 3212 actus
1188 3148 1505 3234 religionis
1537 3150 1600 3213 et
1630 3149 1929 3213 maiorem
1959 3149 2266 3213 rationem
2303 3148 2509 3212 meriti
2540 3168 2748 3231 super-

243 3254 530 3320 addunt
558 3254 698 3315 tum
732 3251 811 3316 ob
840 3249 1139 3314 maiorem
1163 3249 1524 3315 firmitatem
1554 3252 1617 3315 in
1659 3252 1839 3329 bono,
1874 3271 2061 3334 qnam
2092 3251 2384 3317 voluntas
2419 3251 2742 3334 acquirit*

364 3392 563 3448 XXX.
586 3392 635 3443 5.
657 3388 832 3443 Alieno
858 3395 976 3442 voto
1004 3402 1146 3442 nemo
1172 3386 1419 3452 obligatur
1444 3402 1506 3441 ex
1539 3388 1586 3440 vi
1612 3387 1743 3442 illius
1772 3388 1891 3442 voti.
1914 3390 2069 3450 Unde,
2091 3388 2132 3441 si
2159 3387 2241 3455 qui
2264 3387 2487 3441 Canones
2513 3388 2741 3442 videntur

234 3480 522 3540 indicare,
552 3474 702 3529 illium
729 3489 756 3528 a
783 3480 922 3541 patre
947 3471 1171 3538 religioni
1211 3473 1443 3525 devotum
1485 3472 1635 3525 teneri
1660 3487 1765 3525 eam
1796 3471 2031 3539 profiteri,
2059 3470 2361 3536 intelligendi
2388 3478 2514 3535 sunt,
2545 3472 2585 3525 si
2613 3472 2742 3524 nlius

241 3575 452 3621 votum
504 3560 658 3629 pau-is
694 3562 844 3615 semel
883 3557 1219 3614 ratificaverit.
1244 3561 1383 3612 Suar.
1408 3572 1515 3624 cap.
1543 3560 1591 3611 9.
1616 3559 1794 3611 Sanch.
1821 3561 1988 3623 Laym.
2018 3573 2060 3611 c.
2087 3560 2136 3611 5.
2163 3572 2210 3610 n.
2239 3560 2290 3610 6.

333 3677 551 3755 632.
591 3678 731 3743 Hoc
759 3678 977 3742 votum
1009 3675 1249 3762 obligat
1280 3674 1563 3759 parentes
1596 3676 1687 3749 ut,
1723 3676 2029 3756 quantum
2075 3673 2138 3738 in
2176 3693 2240 3738 se
2287 3676 2399 3751 est,
2449 3674 2744 3741 inducant

231 3788 438 3853 filios
502 3780 583 3846 ad
628 3780 977 3865 ingressum
1021 3776 1341 3864 religionis
1389 3779 1450 3841 et
1496 3777 1592 3841 his
1632 3775 1981 3841 volentibus
2006 3796 2126 3841 non
2160 3777 2612 3843 contradicant:
2644 3797 2749 3843 vo-

225 3896 400 3956 tum
467 3884 688 3949 autem
733 3881 809 3945 fit
854 3899 995 3946 cum
1041 3880 1235 3945 tacita
1305 3879 1685 3945 conditione:
1735 3880 1797 3942 si
1839 3879 1965 3958 ‘ipse'
2009 3876 2333 3943 voluerint.
2383 3878 2742 3947 Ratificatio

227 3995 499 4058 autem
549 3985 822 4049 filiorum
868 4002 991 4048 non
1038 3986 1321 4048 censetur
1374 3982 1506 4047 sola
1556 3981 1976 4060 taciturnitas,
2026 3980 2130 4047 sed
2198 4001 2378 4048 verus
2434 4002 2504 4048 ac
2563 3985 2746 4049 realis

216 4099 451 4166 debet
512 4090 793 4156 accedere
841 4108 1171 4155 consensus
1204 4110 1344 4154 cum
1383 4089 1461 4153 ad
1496 4109 1686 4154 annos
1719 4090 2103 4155 discretionis
2133 4091 2547 4175 pervenerint;
2599 4091 2746 4171 quia

214 4195 684 4269 taciturnitas
715 4211 837 4257 non
888 4192 1099 4277 arguit
1144 4211 1506 4258 consensum
1554 4192 1615 4258 in
1653 4193 1751 4272 iis,
1793 4211 1949 4275 quae
1982 4194 2124 4256 sunt
2161 4192 2358 4256 oneris
2393 4209 2460 4253 ac
2492 4189 2741 4253 laboris

198 4306 451 4372 Salm-
499 4316 635 4380 cap.
660 4294 712 4359 I.
746 4314 805 4359 n.
844 4293 993 4357 117.

311 4405 588 4482 Itaque
634 4400 785 4463 vota
830 4396 981 4461 haec
1027 4414 1147 4461 non
1196 4398 1341 4460 sunt
1387 4396 1637 4462 dicenda
1686 4395 1958 4459 invalida
2009 4396 2118 4458 aut-
2150 4392 2349 4463 nulla;
2386 4410 2528 4456 nam
2576 4394 2743 4456 recto

200 4526 445 4577 sensu
512 4502 781 4584 accepta,
816 4517 940 4582 quo
987 4517 1205 4584 nempe
1251 4497 1709 4581 explicavinn1S‚
1760 4499 1905 4559 sunt
1953 4495 2126 4580 plene
2176 4493 2380 4557 valida
2428 4492 2540 4577 (a).

332 4730 422 4784 (ι)
466 4720 554 4766 cf.
584 4724 651 4766 tt.
681 4720 791 4776 lx„
820 4734 863 4767 ο.
895 4722 935 4765 1.
964 4720 1059 4764 sub
1086 4728 1124 4771 Β.
1157 4717 1416 4763 XXXVII.
1443 4717 1503 4762 E.
