3497 5147
683 310 794 363 494
831 320 1044 363 macr.
1065 319 1147 361 v1.
1169 319 1331 360 smc‘r.
1359 318 1422 358 11.
1446 318 1532 357 mr
1555 313 1835 357 anonimo
1853 311 2070 353 Panno.
2097 306 2425 350 nmanom.
2445 306 2578 348 oar.
2601 307 2690 349 111.
2716 308 2861 349 nun.
2887 310 2969 351 ιν.
3004 294 3150 370 [647]

686 432 778 484 qua
820 431 962 470 nemo
990 423 1220 470 censetur
1246 429 1299 468 se
1325 413 1561 478 obligare,
1590 409 1685 465 nisi
1712 411 1772 464 ad
1801 408 1868 474 id,
1896 408 2025 474 qnod
2052 407 2307 461 commode
2346 410 2509 472 potest
2532 411 2582 457 et
2607 405 2932 460 communiter
2957 415 3033 461 est
3070 410 3152 463 de-

685 518 814 557 cens.
844 506 988 556 Suar.
1016 503 1193 555 Sancb.
1222 504 1255 555 Ι.
1284 501 1332 553 4.
1360 516 1402 554 c.
1440 501 1518 553 13.

793 589 959 641 XLlll.
986 588 1069 639 48.
1095 588 1146 641 ln
1173 584 1324 639 dubio
1353 585 1414 638 de
1442 591 1601 638 mente
1627 580 1873 643 voventiS,
1894 582 2040 634 debet
2068 577 2176 632 fleri
2199 576 2541 644 interpretatio
2567 579 2837 631 secundum
2865 582 3149 646 verborum,

682 671 864 737 quibus
888 686 1007 725 usus
1032 677 1123 735 est,
1151 669 1518 738 proprietatem,
1541 671 1619 722 vel
1647 665 1813 735 potius
1835 679 2140 720 communem
2166 671 2215 717 ct
2243 663 2471 718 usitatam
2497 664 2845 731 acceptionem.
2873 664 2982 718 Fill.
3002 671 3037 719 t.
3063 669 3147 720 26.

685 771 728 810 c.
759 759 807 809 2.
833 758 1002 821 Laym.
1027 771 1071 808 c.
1099 758 1149 810 3.

776 861 958 935 647.
986 867 1077 929 De
1104 865 1219 930 hoc
1245 864 1615 949 argumento
1649 862 1775 928 alia
1807 861 2011 926 essent
2035 859 2344 936 addenda3
2372 879 2586 925 verum
2609 860 2851 925 Auctor
2880 865 3156 925 reservat

690 967 877 1032 alteri
912 968 1071 1045 loco,
1099 967 1205 1032 ubi
1238 967 1312 1031 de
1346 969 1521 1031 statu
1545 963 1864 1049 Religioso
1898 962 2137 1048 agitur3
2165 963 2273 1026 ubi
2306 963 2369 1026 et
2399 980 2512 1027 nos
2536 962 2610 1026 de
2634 962 2732 1027 his
2762 962 3151 1029 disseremus.

780 1070 1142 1135 Generatim
1188 1068 1491 1134 servanda
1539 1069 1636 1132 est
1678 1066 1898 1151 regula
1945 1085 2017 1129 ex
2062 1084 2112 1129 s.
2146 1065 2331 1148 Alph.
2367 1085 2426 1128 n.
2460 1065 2637 1129 224.:
2684 1066 2836 1129 vota
2881 1066 2945 1130 in
2993 1067 3155 1131 beni·

684 1172 966 1256 gniorem
998 1172 1239 1255 partem
1271 1189 1402 1235 esse
1433 1168 1913 1252 interpretanda.

775 1275 960 1338 quta
984 1274 1145 1338 hanc
1168 1274 1471 1358 regulam,
1491 1272 1546 1336 si
1578 1289 1764 1336 voves
1790 1270 2002 1335 audire
2034 1288 2281 1334 sacrum
2313 1288 2421 1353 per
2449 1288 2743 1344 mensem,
2769 1289 2895 1335 non
2928 1271 3152 1336 teneris

688 1375 788 1440 die
819 1375 977 1441 festo
1026 1376 1149 1440 duo
1200 1374 1431 1440 audire.
1468 1373 1534 1438 Si
1580 1391 1768 1438 voves
1799 1372 2152 1448 Rosarium,
2186 1371 2421 1436 sufficit
2466 1372 2653 1436 tertia
2700 1391 2876 1455 pars:
2924 1391 3151 1437 vovens

695 1478 1015 1555 ieiunium,
1058 1479 1265 1561 potest
1311 1478 1408 1541 uti
1444 1475 1794 1541 lacticiniis
1843 1473 1909 1540 Si
1955 1476 2142 1540 vovet
2182 1474 2484 1540 ieiunium
2529 1494 2639 1557 per
2681 1494 2978 1552 mensem,
3028 1493 3149 1539 non

685 1581 935 1644 tenetur
964 1580 1063 1645 die
1094 1580 1424 1645 dominica.
1443 1577 1509 1643 Si
1539 1579 1726 1643 vovet
1758 1577 1822 1642 in
1853 1577 2073 1662 vigilia
2105 1577 2367 1642 alicuius
2399 1575 2610 1642 Sancti
2641 1579 2706 1642 et
2735 1578 2890 1642 haec
2918 1578 3152 1643 ineidat

684 1682 748 1746 in
787 1683 1180 1762 dominicam,
1214 1685 1421 1768 potest
1458 1683 1790 1748 transferre
1829 1683 1906 1747 ad
1939 1682 2400 1765 praecedentem
2433 1682 2615 1746 diem.
2642 1683 2803 1747 Item
2837 1683 2893 1747 si
2923 1687 3148 1748 voveat

689 1786 989 1851 ieiunium
1021 1787 1084 1851 in
1110 1787 1387 1852 sabbatis
1426 1788 1634 1871 potest
1664 1785 1997 1850 transferre
2029 1785 2108 1849 ad
2128 1784 2590 1868 praecedentem
2621 1784 2806 1863 diem,
2833 1785 2888 1848 si
2919 1785 3149 1850 festum

688 1889 951 1954 sabbato
986 1892 1290 1954 occurrat.
1330 1890 1567 1953 Dicunt
1598 1907 1720 1953 non
1770 1887 2037 1974 obligari
2073 1889 2128 1951 si
2160 1889 2223 1951 in
2272 1887 2604 1952 sabbatum
2639 1887 2878 1951 incidat
2925 1888 3154 1953 festum

684 1989 897 2054 Nativ.
937 1989 1190 2057 Christi.

771 2092 831 2156 S.
868 2094 1224 2177 Alphonsus
1256 2095 1470 2159 eodem
1505 2115 1566 2159 n.
1603 2095 1753 2158 224.
1786 2094 2228 2159 resolutionem
2260 2092 2448 2156 habet
2486 2111 2523 2156 a
2554 2089 3151 2156 Salmanticensibus

682 2195 1042 2278 compendio
1100 2199 1439 2280 sumptam,
1490 2216 1649 2279 quae
1709 2215 1873 2261 nunc
1924 2214 2104 2280 aegre
2166 2194 2551 2259 admittenda
2605 2193 2770 2258 forte
2817 2194 3152 2259 videbitur.

680 2295 911 2361 Scribit
940 2298 1139 2362 enim:
1181 2297 1256 2363 Si
1281 2319 1506 2363 vovens
1534 2299 1860 2374 ieiunium,
1893 2296 2156 2361 comedit
2182 2316 2424 2370 carnes,
2447 2315 2578 2360 non
2610 2299 2854 2360 tenetur
2883 2296 2976 2360 ad
3003 2298 3154 2360 icia-

682 2401 859 2462 nium
883 2421 905 2463 .·
953 2399 1043 2463 ad
1083 2399 1505 2480 differentiam
1563 2401 1791 2465 ieiunii
1835 2401 2157 2482 praecepti
2197 2399 2277 2463 ab
2334 2397 2641 2476 Ecclesia,
2692 2419 2849 2479 quae
2910 2399 3152 2479 duplici

670 2505 1001 2584 praecepto
1033 2503 1300 2584 imponit
1341 2508 1403 2567 et
1444 2504 1753 2567 ieiunium
1783 2507 1844 2566 et
1875 2502 2323 2566 abstinentiam
2356 2523 2398 2564 a
2443 2500 2763 2576 camilia-9,
2797 2503 2982 2565 iuxta
3015 2501 3155 2567 Sal-

679 2608 1091 2671 mante'censes
1127 2626 1260 2689 cap.
1301 2609 1358 2671 1.
1391 2626 1451 2671 n.
1490 2607 1638 2670 137.
1673 2608 1751 2669 tr.
1795 2607 1893 2670 17.
1929 2625 2064 2669 cum
2097 2604 2394 2681 Sanclzez,
2421 2603 2619 2682 Azor,
2654 2603 2903 2669 Silvest.
2936 2611 3051 2670 etc.
3085 2610 3149 2672 et

671 2713 872 2789 prout
890 2709 1238 2773 declaravit
1265 2728 1542 2792 reynans
1573 2707 1882 2791 Pontifex
1911 2707 2155 2773 Bened.
2183 2707 2385 2772 XIV.
2443 2706 2581 2772 Vid.
2615 2707 2723 2770 lib.
2752 2708 2814 2772 3.
2852 2727 2915 2772 n.
2955 2710 3149 2774 1013.

681 2810 972 2890 Quinimo
1023 2812 1636 2895 compendiosissima
1681 2812 1833 2876 haec
1878 2811 2151 2876 brevitas
2183 2811 2400 2888 effecit,
2434 2812 2509 2874 ut
2545 2828 2595 2874 s.
2629 2811 2868 2876 Doctor
2896 2831 2976 2876 ne
3014 2813 3149 2879 Sal-

684 2914 1162 2978 manticensium
1199 2914 1449 2997 quidem
1480 2915 1583 2979 sat
1612 2915 1775 2978 clare
1811 2913 2183 2978 sententiam
2219 2912 2583 2978 exhibuerit.

768 3017 928 3081 Nam
981 3015 1500 3081 Salmanticenses
1531 3017 1573 3081 l.
1607 3035 1659 3079 c.
1694 3016 1792 3081 uti
1830 3018 2070 3081 certum
2101 3015 2470 3099 principium
2515 3017 2974 3099 praestituunt:
3011 3040 3152 3081 eum

674 3120 785 3201 qui
832 3125 963 3184 voto
996 3119 1299 3199 promisit
1330 3119 1655 3193 ieiunium,
1693 3120 1893 3183 teneri
1937 3117 2104 3181 illud
2146 3118 2471 3183 observare
2515 3137 2584 3183 eo
2627 3121 2826 3194 modo,
2860 3141 2984 3202 quo
3011 3119 3153 3186 alia

674 3223 916 3285 ieiunia
944 3220 1024 3284 ab
1057 3220 1348 3285 Ecclesia
1368 3224 1724 3301 praecepta.
1765 3219 1998 3285 Deinde
2028 3239 2174 3285 vero
2206 3219 2382 3285 iuxta
2416 3220 2768 3303 opinionem
2804 3223 2956 3287 tunc
2987 3226 3157 3288 tem-

674 3324 840 3407 poris
888 3323 1043 3389 satis
1095 3325 1427 3407 receptam,
1466 3323 1684 3388 ieiunii
1730 3322 2063 3393 essentiam
2109 3323 2173 3387 in
2220 3323 2402 3388 unica
2448 3324 2824 3391 comestione
2862 3327 2926 3390 et
2957 3326 3163 3391 absti-

676 3427 889 3493 nentia
914 3445 952 3490 a
983 3427 1273 3492 carnibus
1311 3425 1624 3491 individue
1648 3426 1741 3491 ita
1774 3426 2125 3503 consistere,
2152 3426 2227 3490 ut
2258 3426 2563 3491 alterutra
2591 3426 2844 3493 sublata
2881 3429 3168 3494 nullate-

674 3550 791 3595 nus
824 3533 1176 3596 servaretur
1201 3530 1420 3594 ieiunii
1453 3529 1828 3606 substantia,
1854 3530 2013 3594 hanc
2049 3529 2326 3593 subdunt
2354 3530 2821 3595 resolutionem:
2858 3531 2982 3613 ραι·
3005 3533 3167 3597 tam

672 3632 870 3716 freyit
894 3632 1218 3710 ieiunium,
1241 3651 1365 3711 per
1385 3636 1591 3694 votum
1605 3633 2008 3712 promissum,
2041 3651 2150 3696 esu
2185 3632 2474 3695 carnium
2503 3636 2618 3696 ant
2641 3634 2908 3713 repetita
2950 3654 3169 3700 come—

677 3736 895 3812 stione,
930 3755 1057 3799 non
1086 3734 1359 3815 amilius
1394 3733 1480 3798 ad
1508 3732 1677 3798 illud
1705 3737 1947 3798 tenetur
1978 3738 2039 3797 et
2055 3737 2264 3814 potest
2305 3732 2577 3816 amplius
2611 3736 2956 3814 comedere,·
2986 3741 3170 3818 quia

672 3835 777 3899 illi
804 3838 937 3900 iam
967 3841 1063 3900 est
1089 3835 1470 3918 impossibile
1499 3837 1806 3901 ieiunium
1836 3835 2180 3915 observare,
2201 3836 2557 3920 Laymann,
2591 3837 2863 3903 Palaus.
2888 3840 2972 3903 Et
2990 3841 3173 3909 hine

669 3938 922 4021 quidem
947 3958 996 4004 e.
1014 3939 1372 4022 Alphonsus
1402 3958 1584 4006 suam
1602 3939 1780 4005 illam
1810 3940 2182 4005 sententiam
2204 3938 2476 4018 deduxit,
2494 3939 2797 4022 inquiens
2815 3940 2892 4006 Si
2911 3961 3176 4013 vovens

676 4042 1002 4119 ieiuvzium
1040 4042 1303 4106 comedit
1319 4062 1561 4119 carnes,
1592 4061 1722 4106 non
1753 4045 1997 4106 tenetw
2024 4042 2111 4106 ad
2131 4042 2454 4108 ieiunium.

763 4141 940 4215 648.
995 4143 1171 4225 Quod
1220 4163 1366 4210 vero
1415 4145 1588 4210 addit
1631 4164 1681 4210 s.
1715 4145 2071 4228 Alphonsus
2117 4144 2192 4209 de
2237 4142 2477 4225 duplici
2493 4150 2824 4227 praecepto
2868 4148 3012 4225 etc.,
3075 4154 3186 4218 ad

672 4248 1116 4314 resolutionem
1147 4247 1394 4333 penitus
1426 4248 1731 4313 diversam
1764 4247 2049 4331 pertinet,
2084 4267 2273 4330 quam
2320 4246 2832 4316 Salmanticenses
2867 4268 2932 4313 ex
2961 4248 3187 4341 Lay-

672 4369 860 4413 mann
893 4352 956 4415 et
985 4349 1276 4429 Sanchez,
1302 4350 1407 4415 sed
1437 4350 1644 4416 minus
1675 4350 1838 4417 clare
1870 4352 1933 4414 et
1963 4352 2173 4416 exacte
2204 4352 2621 4434 sumpserunt.
2652 4376 2688 4411 ‹
2719 4353 2847 4416 Imo
2882 4350 3192 4443 (aiunt)

668 4454 780 4534 qui
806 4453 994 4517 semel
1027 4473 1133 4536 per
1170 4453 1610 4519 comestionem
1640 4453 1920 4518 carnium
1951 4453 2253 4519 ieiunium
2283 4454 2491 4539 fregit,
2517 4473 2638 4519 non
2670 4455 2869 4538 peccat
2894 4461 3192 4534 postea

670 4573 883 4618 carnes
922 4554 1312 4634 comedendo,
1348 4554 1453 4619 sed
1484 4555 1688 4620 solum
1718 4554 1782 4619 in
1819 4555 1928 4619 illa
1967 4555 2168 4639 prima
2214 4556 2495 4621 carnium
2540 4556 2924 4627 comestione;
2971 4565 3198 4642 quia
