3497 5147
363 346 505 414 [709]
600 361 750 409 Qum
787 361 881 403 srr
916 364 1323 406 maenusarro
1360 364 1438 405 m·
1474 364 1614 412 Quis
1652 364 1855 407 Possm*
1891 365 2271 408 msmnsaae
2308 369 2372 407 m
2411 370 2586 411 vor1s
2717 359 2823 413 537

450 459 611 522 Item
642 461 955 525 reservato
989 464 1137 526 voto
1188 461 1506 546 religionis
1536 480 1659 526 non
1697 463 1793 526 est
1836 465 2150 526 reservata
2196 464 2663 530 circumstantia
2710 468 2823 532 Or·-

363 560 524 625 dinis
557 560 914 640 strictioris3
950 564 1110 628 unde
1154 565 1232 627 ab
1280 563 1395 627 hac
1439 565 1615 647 parte
1662 565 1870 646 potest
1914 564 2288 648 dispensatio
2335 555 2469 631 fieri
2504 569 2694 632 etiam
2743 571 2821 634 ab

361 663 667 746 Episcopo
702 665 814 728 aut
845 664 1214 730 habentibus
1247 665 1590 750 generatim
1627 665 1993 730 facultatem
2028 685 2436 732 communem.

450 766 614 830 Item
677 766 1146 832 circumstantia
1197 769 1488 848 temporis
1547 767 1929 852 ingrediendi
1988 770 2350 854 religionem
2409 790 2529 836 non
2586 776 2681 837 est
2725 794 2819 838 re-

361 869 624 932 servata.

450 970 559 1033 VI.
596 972 756 1035 Item
789 991 908 1036 non
942 975 1267 1037 censentur
1318 974 1631 1037 reservata
1664 991 1736 1036 ea
1769 976 1918 1038 vota
1956 973 2323 1039 disiunctive
2359 977 2602 1054 emissa,
2638 999 2694 1042 v.
2722 1000 2814 1063 gr.

360 1075 577 1137 votum
627 1075 740 1137 aut
784 1074 1166 1159 ingrediendi
1216 1074 1598 1159 religionem,
1649 1075 1763 1138 aut
1806 1075 2236 1159 peregrinandi
2282 1096 2451 1142 more
2497 1099 2545 1142 s.
2595 1080 2814 1146 Alexii.

356 1175 437 1237 Et
475 1195 523 1238 s.
557 1175 741 1258 Alph.
776 1196 835 1239 n.
873 1178 1022 1240 258.
1059 1197 1231 1260 prop.
1268 1177 1371 1241 fin.
1407 1179 1612 1242 censet
1646 1177 1993 1256 probabile,
2035 1178 2151 1242 hoc
2187 1179 2392 1243 valere
2438 1181 2629 1246 etiam
2675 1184 2819 1266 post

357 1279 618 1343 electam
648 1283 888 1362 partem
926 1283 1322 1344 reservatam.

444 1382 585 1445 VII.
616 1383 778 1446 Item
810 1402 931 1447 non
964 1384 1061 1448 est
1091 1385 1476 1448 reserva-tum
1507 1384 1727 1447 votum
1760 1382 1996 1447 factum
2029 1385 2144 1447 sub
2176 1385 2544 1462 conditione,
2571 1389 2816 1469 quando

361 1484 632 1548 conditio
681 1484 954 1549 nondum
1002 1486 1085 1550 sit
1130 1485 1417 1568 impleta3
1468 1485 1614 1566 quia
1653 1486 1989 1551 reservatio
2037 1487 2413 1570 intelligitur
2456 1489 2529 1553 de
2578 1491 2817 1576 obliga-

360 1586 526 1651 tione
579 1589 1029 1651 consummata.
1078 1587 1162 1651 Et
1215 1589 1350 1663 hoc,
1399 1589 1472 1650 ut
1532 1587 1623 1651 ait
1668 1606 1716 1651 s.
1769 1587 1952 1670 Alph.
1999 1607 2058 1651 n.
2112 1589 2282 1664 261..
2331 1595 2566 1654 eertum
2619 1597 2716 1656 est
2757 1600 2818 1657 et

356 1707 689 1753 commune.

405 1786 409 1790 ’
444 1791 624 1867 Item,
658 1794 732 1856 ut
770 1793 863 1856 ait
908 1812 956 1857 s.
991 1792 1174 1875 Alph.
1216 1792 1384 1868 ibid,
1420 1792 1802 1854 communior
1831 1794 1893 1855 et
1925 1792 2104 1857 valde
2137 1793 2529 1872 probabilior
2558 1798 2654 1861 est
2683 1818 2815 1862 sen-

354 1893 573 1968 tentia,
622 1895 941 1977 quodlibet
986 1897 1203 1959 votum
1251 1893 1664 1959 conditionale
1711 1893 1785 1957 de
1828 1894 2062 1971 futuro,
2111 1913 2233 1959 non
2266 1915 2397 1960 esse
2427 1901 2811 1965 reservatum

351 1995 546 2059 etiam
578 1999 718 2078 post
745 1997 1068 2079 impletam
1099 1996 1533 2061 conditionem.
1560 1995 1772 2071 Ratio,
1798 1997 1941 2076 quia
1975 1998 2360 2061 reservatum
2392 2000 2608 2063 votum
2634 2002 2813 2066 debet

349 2098 561 2162 emitti
606 2119 677 2163 ex
709 2101 842 2164 solo
892 2100 1115 2163 affectu
1164 2098 1236 2162 ad
1287 2117 1415 2163 rem
1462 2098 1850 2181 promissam.
1886 2099 2082 2182 Atqui
2127 2100 2190 2162 in
2224 2102 2371 2165 voto
2409 2103 2811 2169 conditionali

352 2200 714 2284 principalis
762 2203 1016 2267 affectus
1063 2204 1158 2266 est
1206 2202 1283 2265 ad
1321 2200 1754 2276 conditionem,
1789 2221 1845 2264 v.
1878 2221 1971 2284 gr.
2007 2202 2085 2265 ad
2116 2203 2449 2268 sanitatem
2496 2208 2810 2288 propriam

340 2304 443 2366 vel
477 2305 733 2368 alterius
766 2307 881 2369 etc.

432 2405 515 2470 Et
545 2406 710 2471 idem
742 2407 956 2471 dicunt
986 2407 1059 2471 de
1092 2410 1239 2472 voto
1271 2406 1549 2490 poenali3
1585 2406 1810 2488 quippe
1841 2425 1962 2471 non
1995 2407 2308 2472 emittitur
2329 2428 2400 2472 ex
2423 2411 2557 2474 solo
2585 2411 2807 2476 affectu

338 2509 419 2572 ad
469 2528 597 2572 rem
644 2509 1033 2592 promissam.
1068 2507 1128 2573 S.
1164 2509 1347 2592 Alph.
1384 2509 1528 2572 ibid.

432 2611 621 2678 Secus
654 2633 798 2678 vero
836 2613 1159 2678 dicendum
1192 2613 1266 2676 de
1298 2612 1776 2689 conditionibus,
1811 2613 1862 2676 si
1895 2612 2022 2676 sint
2050 2613 2123 2677 de
2142 2616 2472 2694 praesenti
2498 2616 2596 2679 vel
2621 2636 2806 2696 prae-

340 2717 568 2792 ter-itm·
606 2717 833 2799 quippe
870 2715 1142 2779 conditio
1177 2715 1325 2778 haec
1371 2733 1492 2779 non
1524 2715 1845 2797 suspendit
1884 2715 2354 2798 obligationem3
2389 2717 2550 2781 unde
2588 2723 2806 2783 votum

338 2817 555 2901 potius
589 2818 948 2883 absolutum
978 2836 1167 2899 quam
1200 2816 1693 2881 conditionatum
1725 2816 1846 2880 dici
1876 2815 2073 2880 debet.
2103 2818 2201 2881 Ita
2233 2837 2281 2882 s.
2308 2818 2492 2902 Alph.
2520 2840 2578 2884 n.
2608 2821 2755 2885 261.

431 2920 571 2984 Hoc
617 2921 823 3003 ipsum
869 2919 1192 2984 dicendum
1239 2920 1399 2983 circa
1446 2918 1828 2983 conditiones
1875 2917 1950 2981 de
2012 2918 2246 2997 future,
2293 2921 2399 2984 sed
2446 2922 2658 2988 futuro
2706 2944 2804 2988 ne-

339 3025 634 3101 cessario,
669 3025 766 3090 vel
814 3024 887 3088 de
933 3025 1347 3108 contingente,
1400 3022 1563 3106 quod
1612 3024 1697 3087 sit
1742 3041 2066 3088 commune
2111 3025 2366 3090 cuilibet
2409 3029 2802 3108 promissioni

333 3148 394 3191 ν.
431 3147 529 3211 gr.
564 3128 623 3190 si
651 3128 882 3203 m‘oeerO,
916 3127 975 3189 si
1008 3130 1243 3205 potero.
1284 3126 1402 3189 Vel
1447 3128 1500 3189 si
1546 3125 1818 3191 conditio
1866 3129 2216 3209 apponatur
2259 3146 2381 3191 non
2429 3127 2508 3191 ad
2555 3147 2803 3211 suspen-

336 3228 609 3293 dendam
643 3228 1106 3311 obligationem,
1141 3227 1245 3292 sed
1294 3227 1823 3292 determinandam
1852 3229 2302 3293 exsecutionem
2340 3232 2491 3307 voti,
2527 3252 2583 3295 v.
2618 3252 2710 3315 gr.
2747 3232 2800 3295 si

327 3331 649 3397 morietur
679 3333 900 3407 mater,
940 3348 1129 3411 quam
1180 3331 1341 3393 alere
1388 3330 1597 3404 debeo,
1632 3331 1687 3393 si
1734 3332 2000 3414 attigero
2049 3331 2420 3413 vigesimum
2457 3352 2708 3409 annum,
2749 3335 2801 3398 si

334 3452 598 3498 cursum
631 3432 981 3497 studiorum
1020 3432 1337 3514 explevero
1370 3434 1509 3507 etc.‚
1544 3432 1606 3494 in
1654 3432 1880 3512 quibus
1911 3432 2195 3496 formulis
2235 3450 2351 3496 vox
2381 3434 2442 3495 si
2476 3435 2684 3515 potius
2716 3437 2804 3499 in-

323 3536 504 3601 dicat
540 3534 808 3616 quande.

421 3633 604 3707 703.
657 3635 816 3701 Cum
864 3638 988 3700 sint
1033 3638 1348 3701 reservata
1392 3636 1544 3699 vota
1590 3633 1919 3709 castitatis,
1966 3634 2302 3718 religionis,
2353 3636 2799 3719 peregrinatio-

330 3742 432 3806 nis
469 3743 585 3805 etc.
626 3742 801 3805 mota
833 3743 928 3805 est
950 3741 1253 3822 quaestio,
1288 3759 1366 3804 an
1390 3739 1518 3803 sint
1540 3739 1853 3801 reservata
1876 3737 2067 3801 etiam
2090 3738 2446 3801 iuramenta
2476 3738 2548 3803 de
2580 3738 2796 3804 iisdem

319 3844 515 3909 rebus
553 3843 739 3909 facta.

416 3947 504 4010 Et
543 3965 592 4009 3.
628 3946 811 4028 Alph.
847 3966 906 4009 n.
944 3946 1090 4009 259.
1144 3945 1503 4028 posthabita
1540 3942 1864 4021 sententia,
1898 3962 2056 4025 quae
2103 3943 2253 4007 dicit
2298 3963 2428 4008 esse
2459 3946 2792 4022 reservata,

318 4051 399 4113 ut
447 4048 658 4112 minus
704 4048 903 4124 firma,
952 4047 1224 4128 itemque
1273 4048 1396 4111 alia
1442 4047 1770 4123 sententia,
1818 4064 1976 4128 quae
2036 4045 2367 4131 distinguit
2419 4047 2580 4111 inter
2624 4047 2794 4110 iura-

321 4154 616 4215 mentum
648 4150 965 4214 includens
1003 4150 1101 4212 vel
1132 4167 1253 4213 non
1284 4150 1599 4214 includens
1637 4152 1878 4225 votum,
1917 4151 2088 4214 tenet
2117 4150 2191 4213 ut
2221 4149 2422 4233 magis
2453 4166 2791 4231 congruam

322 4253 709 4317 sententiam
757 4252 1042 4327 aientem,
1093 4251 1511 4314 iuramentum
1560 4252 1686 4315 tale
1733 4272 1855 4317 non
1902 4271 2032 4316 esse
2078 4252 2481 4316 reservatum.
2515 4250 2692 4329 Quod
2739 4251 2793 4315 si

323 4357 393 4419 in
434 4354 573 4437 ipso
612 4356 698 4419 sit
742 4354 1049 4419 inclusum
1099 4354 1337 4427 votum,
1372 4353 1490 4416 erit
1536 4354 1787 4435 quidem
1831 4356 2212 4419 reservatum
2260 4356 2496 4431 votum,
2532 4353 2636 4417 sed
2669 4373 2787 4419 non

312 4459 768 4521 iuramentum.

413 4557 710 4623 Ceterum
759 4562 908 4623 tunc
953 4575 1194 4621 merum
1241 4555 1659 4621 iuramentum
1706 4558 1917 4621 adesse
1964 4559 2092 4623 sine
2141 4558 2285 4622 voto
2335 4578 2381 4621 3.
2432 4560 2789 4642 Alphonsus
