3497 5147
649 341 758 413 260
851 351 1063 393 τΒΑοτ.
1096 353 1174 393 vr.
1206 352 1367 393 saer.
1401 354 1440 392 1.
1468 352 1553 391 Dm
1577 350 1770 392 ramo
1795 351 2012 392 Panno.
2039 350 2374 393 nncanoer.
2400 353 2534 393 CAP.
2563 356 2602 393 1.
2630 353 2773 395 nun.
2800 354 2881 395 1v.
2967 337 3115 412 [357]

651 451 768 515 nisi
799 449 967 531 quod
984 447 1340 512 huiusmodi
1370 447 1826 511 observationes
1860 451 2012 512 sunt
2029 448 2166 511 sine
2195 449 2439 512 ratione
2470 452 2534 512 et
2558 453 2736 526 arte,·
2775 450 2935 514 unde
2967 450 3115 514 sunt

653 553 855 636 magis
888 571 1084 616 vanae
1117 554 1181 615 et
1210 551 1679 634 superstitiosae
1711 574 1774 613 ».

741 655 1162 719 Veruntamen
1191 655 1388 717 restat
1437 652 1635 717 adhuc
1666 652 2012 730 discrimen,
2046 654 2213 736 quod
2245 654 2547 720 divinatio
2586 675 2750 735 mere
2790 656 3116 720 ordinatur

651 758 729 822 ad
752 758 1169 843 cognitionem
1204 776 1274 820 ac
1305 756 1500 820 veluti
1530 756 1774 819 ratione
1806 759 1867 818 et
1895 759 2031 820 arte
2055 761 2299 820 constat
2318 759 2383 822 et
2412 759 2832 842 cognitionem
2866 758 3113 823 ordinat

652 859 731 924 ad
752 860 1377 943 praenuntiationem.
1412 857 1820 922 Observantia
1857 859 2088 922 veroin
2114 860 2210 922 his
2244 859 2567 925 ordinatur
2601 859 2673 923 ad
2708 860 3110 925 directionem

653 965 929 1028 actuum.

742 1065 917 1130 Unde
949 1065 1099 1129 bene
1129 1062 1390 1147 Struggl
1421 1065 1500 1126 tr.
1542 1064 1602 1127 5.
1642 1083 1701 1145 q.
1743 1064 1803 1126 5.
1841 1066 1958 1127 art.
2001 1065 2104 1127 24.
2146 1085 2203 1127 n.
2242 1065 2383 1128 27.:
2424 1089 2460 1123 «
2495 1064 2673 1128 Vana
2722 1065 3116 1129 observantia

654 1168 859 1231 differt
890 1187 926 1230 a
957 1166 1337 1230 divinatione
1369 1184 1475 1247 per
1521 1165 1657 1241 hoc,
1690 1166 1857 1247 quod
1895 1166 2197 1231 divinatio
2230 1167 2458 1231 directe
2487 1167 2773 1231 intendat
2815 1168 3112 1231 notitiam

654 1269 1104 1353 speculativam
1150 1287 1357 1331 rerum
1404 1268 1816 1344 occultarum;
1877 1287 2036 1332 vana
2084 1287 2226 1333 vero
2277 1269 2670 1334 observantia
2717 1270 2957 1352 praxim
3003 1288 3115 1334 seu

655 1371 1051 1436 efficientiam
1082 1369 1599 1434 commoditatum
1632 1371 1744 1433 aut
1767 1369 2278 1452 impedimentum
2301 1371 2907 1436 incommoditatum.
2942 1371 3118 1436 Licet

653 1476 851 1560 igitur
883 1494 934 1538 e.
968 1495 1029 1558 g.
1067 1492 1166 1537 ars
1213 1473 1459 1537 notoria
1497 1472 1792 1536 indirecte
1823 1473 2106 1536 intendat
2141 1473 2434 1538 notitiam
2463 1493 2673 1539 rerum
2706 1475 3116 1551 occultarum,

657 1578 885 1642 directe
918 1578 1127 1639 tamen
1174 1574 1440 1639 intendit
1485 1575 1632 1638 talis
1662 1574 1926 1638 notitiae
1957 1574 2327 1640 infusionem
2359 1601 2421 1639 ».
2457 1574 2756 1655 Quamvis
2805 1579 3123 1659 postrema

657 1680 964 1763 particula
1009 1678 1194 1742 nimis
1241 1678 1629 1761 constringat
1672 1677 2003 1741 materiam
2049 1677 2196 1759 (nisi
2240 1678 2304 1741 id
2350 1678 2557 1742 solum
2602 1678 2676 1743 de
2722 1697 2794 1743 eo
2843 1680 3122 1762 exemplo

655 1782 1077 1865 intelligatur)
1110 1782 1174 1844 et
1202 1780 1404 1863 reipsa
1440 1799 1559 1844 vox
1596 1778 1969 1843 observandi
2003 1779 2249 1844 videtur
2279 1780 2414 1845 heic
2452 1780 2748 1845 sumenda
2785 1781 3126 1865 multiplici

658 1905 861 1961 sensu,
910 1884 1099 1966 prout
1144 1902 1193 1947 S.
1233 1882 1506 1946 Thomas
1552 1883 1835 1964 superius
1883 1882 2213 1964 explicavit
2259 1902 2393 1966 sup.
2445 1903 2505 1947 n.
2543 1884 2676 1947 78.:
2727 1902 2906 1948 secus
2953 1884 3129 1949 nulla

657 1990 829 2054 reddi
873 1988 1105 2070 poterit
1149 1987 1333 2063 ratio,
1383 2006 1492 2050 cur
1530 1986 1834 2067 quaedam
1873 1986 1950 2049 ad
1983 2006 2208 2051 vanam
2242 1989 2702 2052 observantiam
2731 1990 3123 2065 revocentur,

636 2093 732 2161 ,ut
764 2089 1007 2172 patebit
1052 2108 1123 2151 ex
1155 2088 1338 2170 Resp.
1375 2089 1434 2149 2.
1471 2086 1634 2169 apud
1671 2087 1745 2150 A.
1788 2089 1851 2151 et
1882 2107 1953 2152 ex
1991 2088 2494 2154 resolutionibus.

747 2187 922 2262 35⁷.
958 2191 991 2228 *
1017 2190 1219 2254 Aliter
1264 2208 1394 2252 rem
1442 2187 1667 2253 Suarez
1714 2190 1756 2257 l.
1808 2209 1857 2253 c.
1894 2209 1945 2253 c.
1993 2191 2094 2254 15.
2130 2212 2188 2255 n.
2224 2194 2284 2256 3.
2319 2191 2611 2274 explicat:
2647 2193 2795 2274 quia
2827 2194 3128 2257 nimirum

658 2294 960 2359 divinatio
1010 2294 1103 2356 est
1140 2292 1213 2356 de
1258 2292 1461 2367 rebuS,
1503 2311 1660 2373 quae
1704 2292 2080 2357 naturaliter
2126 2294 2268 2357 sciri
2316 2296 2660 2376 nequeunt;
2696 2295 2859 2359 unde
2906 2315 3126 2360 earum

659 2398 892 2461 veritas
938 2397 1000 2459 et
1045 2393 1195 2459 fides
1245 2395 1442 2459 omnis
1498 2394 1832 2458 resolvitur
1887 2395 1951 2458 in
2000 2396 2441 2460 auctoritatem
2494 2396 2829 2461 daemonis.
2879 2398 2976 2463 Ac
3021 2418 3130 2481 per

661 2502 859 2565 artem
906 2498 1151 2583 magiae
1198 2517 1305 2561 seu
1338 2516 1534 2561 vanae
1566 2497 1994 2562 observantiae
2032 2517 2103 2562 ea
2148 2498 2407 2564 scientia
2443 2500 2783 2582 quaeritur,
2826 2519 2990 2582 quae
3023 2521 3131 2585 per

663 2603 1044 2670 ordinarium
1092 2601 1369 2665 studium
1418 2601 1628 2682 posset
1672 2601 2038 2682 comparari,
2088 2601 2180 2666 ita
2236 2603 2310 2666 ut
2355 2622 2462 2685 per
2508 2621 2646 2666 eam
2691 2603 3132 2669 manifestetur

662 2707 892 2772 veritas
939 2723 1045 2786 per
1090 2703 1339 2786 propria
1371 2701 1571 2765 media
1605 2702 1668 2765 et
1699 2702 2019 2785 principia,
2060 2723 2132 2767 ex
2164 2704 2388 2784 quibus
2421 2705 2794 2770 naturaliter
2825 2706 3127 2788 procedit.

661 2809 856 2872 Porro
904 2806 1012 2889 qui
1059 2806 1175 2869 hoc
1220 2807 1403 2887 pacto
1450 2803 1740 2868 edocetur
1778 2825 1814 2867 a
1860 2804 2175 2878 daemone,
2210 2807 2327 2870 etsi
2375 2806 2600 2870 evadat
2645 2807 2867 2872 statim
2915 2809 3133 2873 Philo-

662 2910 893 2993 sophus
950 2908 1048 2970 vel
1108 2906 1614 2983 Mathematicus,
1662 2925 1786 2971 non
1847 2906 2074 2971 dicitur
2128 2906 2373 2971 divinus
2420 2909 2518 2972 vel
2566 2908 2860 2973 divinare.
2913 2910 3130 2988 Addit,

661 3034 721 3078 n.
775 3014 832 3077 7.
884 3012 959 3075 ad
1007 3011 1166 3074 hanc
1210 3010 1475 3092 speciem
1520 3010 1768 3092 magiae
1817 3010 2120 3091 pertinere
2167 3029 2432 3092 quoque,
2491 3012 2545 3076 si
2606 3013 2744 3093 quis
2800 3014 2971 3077 artes
3019 3015 3136 3077 aut

665 3115 953 3181 scientias
1000 3110 1207 3176 studio
1254 3111 1503 3192 quidem
1567 3111 1874 3175 addiscere
1922 3111 2091 3188 velit,
2142 3111 2248 3176 sed
2296 3113 2631 3195 impetrato
2692 3114 2928 3179 auxilio
2977 3116 3136 3179 Dae·

664 3216 886 3290 moniS‚
936 3215 1009 3278 ut
1053 3212 1318 3287 facilius,
1367 3214 1571 3290 citius,
1622 3213 1843 3277 melius
1892 3215 1955 3277 et
1985 3213 2226 3295 plenius
2264 3213 2482 3279 discat.
2527 3213 2619 3280 Cf.
2653 3235 2796 3281 cum
2835 3217 2934 3281 his
2966 3219 3134 3282 dicta

665 3320 781 3385 sub
813 3339 871 3383 n.
900 3318 1051 3382 334.
1077 3318 1363 3382 Ostendit
1384 3336 1528 3381 vero
1555 3315 1772 3380 deinde
1793 3336 1844 3380 c.
1877 3317 1978 3380 16.
2005 3337 2064 3380 n.
2097 3319 2198 3381 12.
2225 3318 2598 3384 infusionem
2629 3321 2945 3396 scientiae,
2973 3341 3133 3404 quae

665 3442 703 3486 a
749 3421 1044 3486 daemone
1091 3422 1360 3503 petatur,
1402 3437 1524 3483 non
1563 3437 1693 3483 esse
1726 3418 1846 3484 nisi
1883 3422 2312 3503 apparentem,
2355 3440 2499 3484 cum
2537 3422 2871 3487 Daemonis
2920 3424 2986 3488 in
3035 3444 3138 3508 po-

664 3526 894 3591 testate
925 3543 1047 3588 non
1083 3523 1167 3586 sit
1198 3522 1451 3586 habitus
1497 3521 1836 3587 infundere.
1873 3524 1906 3560 *

775 3666 1006 3722 XXVlll.
1033 3667 1278 3733 Respond.
1308 3668 1356 3718 2.
1385 3664 1635 3718 Dividitur
1679 3667 1724 3717 t.
1753 3665 1879 3719 sicut
1918 3665 2172 3728 divinatio,
2199 3665 2247 3718 in
2289 3680 2411 3728 eam,
2444 3680 2570 3730 quae
2609 3679 2670 3719 ex
2708 3675 2853 3733 pacto
2893 3683 3129 3736 expresso

666 3773 778 3812 cum
803 3761 1039 3810 daemone
1062 3763 1111 3808 et
1148 3756 1196 3809 in
1236 3770 1360 3818 eam,
1387 3770 1508 3820 qnae
1546 3769 1607 3807 ex
1644 3753 1882 3821 implicito
1924 3764 2065 3820 pacto
2107 3754 2340 3821 procedit.
2367 3758 2414 3807 2.
2446 3754 2693 3809 Dividitur
2724 3758 3056 3813 communiter
3080 3759 3127 3812 in

666 3849 876 3910 quatuor
913 3840 1117 3906 species.
1159 3840 1315 3893 Prima
1356 3839 1534 3892 dicitur
1574 3844 1668 3893 Ars
1714 3839 1920 3900 notoria,
1960 3855 2083 3905 quae
2121 3839 2424 3905 inspectione
2461 3847 2704 3894 certarum
2748 3843 3015 3904 ngurarum
3052 3848 3128 3897 vet

667 3935 803 3981 certo
830 3926 993 3991 aliquo
1018 3924 1217 3984 iciuni0,
1239 3923 1460 3976 oratione
1486 3930 1579 3976 etc.
1602 3923 1754 3975 utitur
1779 3926 1839 3976 ad
1862 3923 2111 3975 scientiam
2145 3932 2345 3989 repente
2366 3939 2423 3978 ac
2450 3925 2553 3978 sine
2574 3928 2741 3979 labore
2768 3927 3136 3992 acquirendam,

672 4019 724 4066 ut
749 4012 929 4065 faciunt
957 4010 1320 4076 Anabaptistae.
1353 4010 1573 4061 Secunda
1614 4006 1794 4060 dicitur
1822 4006 1971 4071 Magia
2008 4007 2160 4072 (quod
2188 4024 2361 4063 nornen
2393 4008 2575 4076 alioqui
2600 4014 2827 4075 generale
2867 4017 2990 4080 est),
3016 4030 3141 4081 qnae

669 4105 896 4152 versatur
933 4096 1059 4150 circa
1097 4109 1302 4161 corpora
1347 4093 1481 4145 varie
1518 4091 1815 4143 immutanda
1858 4090 2078 4156 aliosque
2105 4095 2309 4146 effectus
2350 4095 2514 4148 miros.
2541 4095 2705 4149 Tertia
2746 4103 2824 4149 est
2850 4100 3139 4153 observatio

669 4191 952 4246 eventuum,
978 4196 1073 4246 qua
1100 4194 1161 4232 ex
1189 4175 1582 4230 consideratione
1607 4174 1814 4227 alicuius
1851 4183 2058 4228 eventus
2089 4177 2367 4239 coniicitur,
2404 4179 2520 4245 quid
2548 4180 2612 4233 sit
2637 4184 2883 4235 futurum:
2913 4190 2969 4235 nt
2999 4199 3044 4238 v.
3072 4201 3143 4249 gr.

670 4268 714 4321 si
750 4282 811 4319 ex
850 4281 926 4329 eo,
955 4268 1083 4330 quod
1113 4277 1225 4316 casu
1269 4266 1496 4314 occurrat
1535 4261 1721 4325 vulpes,
1752 4260 1885 4313 canis
1924 4268 2008 4314 aut
2042 4264 2270 4326 cadaver,
2297 4271 2433 4317 cert·
2477 4263 2725 4318 imminere
2756 4269 2929 4319 credat
2955 4277 3005 4321 et
3034 4268 3149 4322 inde

670 4351 889 4404 actiones
926 4365 1040 4402 suas
1067 4349 1363 4401 moderetur.
1394 4346 1577 4412 Quarta
1611 4342 1790 4398 dicitur
1816 4346 2103 4401 observatio
2129 4348 2408 4415 sanitatum,
2434 4364 2544 4402 cum
2583 4349 2877 4405 adhibentur
2903 4355 3146 4418 quaedam

672 4435 826 4498 signa,
854 4432 1119 4494 orationeS‚
1148 4437 1308 4483 certus
1348 4444 1578 4482 numerus
1616 4429 1852 4492 crucium,
1882 4445 2019 4483 sacra
2063 4435 2207 4484 verba
2243 4441 2334 4486 etc.
2365 4435 2501 4487 vetut
2538 4433 2811 4488 necessaria
2853 4438 3142 4492 clemencia

671 4521 731 4572 nd
773 4517 1025 4585 pellendos
1062 4519 1276 4570 morbos
1306 4518 1435 4569 idem
1462 4523 1537 4568 est
1562 4517 1622 4568 de
1650 4515 1920 4579 gestatione
1948 4515 2259 4582 reliquiarum
2290 4533 2401 4570 eum
2434 4532 2553 4570 vana
2581 4518 2967 4580 circumstantia.
3001 4538 3048 4574 v.
3070 4539 3137 4583 gr.

673 4604 721 4658 in
748 4603 833 4656 ιιιΙί
859 4618 1022 4669 capsa,
1060 4610 1129 4656 tot
1157 4601 1346 4665 diebus,
1377 4615 1488 4656 cnm
1516 4601 1600 4654 tali
1628 4603 1776 4654 herba
1806 4608 1896 4654 etc.
1926 4603 2102 4654 Sancti.
2125 4616 2166 4654 c.
2200 4601 2280 4653 to.
2312 4618 2356 4654 n.
2388 4604 2404 4654 l
2430 4605 2470 4654 Ι.
2500 4601 2605 4656 Fill.
2636 4611 2669 4656 t.
2699 4604 2781 4657 24.
2804 4621 2847 4657 c.
2873 4609 2924 4658 6.
2946 4623 2994 4660 ιι.
3029 4608 3138 4659 157.
