3497 5147
384 274 565 348 [1008]
1058 285 1319 330 spx-:cras
1344 287 1662 329 nuxumas.
1700 286 2156 330 consuamus
2741 275 2849 331 745

384 388 535 454 dum
566 388 661 451 est
693 385 948 461 scilicet,
976 384 1092 449 hoc
1123 384 1446 466 peccatum
1477 384 1593 448 sub
1625 384 1954 462 adulteriO,
1979 386 2043 452 in
2076 406 2147 450 ea
2180 387 2499 462 divisione,
2527 387 2845 463 contineri,

384 491 561 557 cuius
594 487 927 572 quandam,
961 487 1109 550 licet
1140 485 1535 563 diminutam,
1570 487 1832 570 speciem
1863 488 2070 553 refert.

471 592 713 658 Addere
744 590 891 658 licet
925 608 997 653 ex
1028 588 1397 652 Tamburini
1432 587 1686 668 Erpha.
1726 587 1949 656 Decal.
1985 591 2027 654 1.
2065 591 2123 655 7.
2163 611 2214 655 9.
2254 593 2311 656 1.
2346 612 2405 656 n.
2441 593 2501 655 9.
2552 610 2694 655 9919
2742 591 2850 673 qui

384 694 648 780 frigidus
695 692 795 757 vel
840 690 1179 767 9911991193,
1230 709 1374 753 cum
1411 690 1537 753 alia
1568 693 1801 775 peccat,
1837 692 2054 757 debere
2085 693 2430 758 confitendo
2480 693 2735 778 aperire,
2787 712 2850 757 39

383 816 513 864 esse
547 797 757 883 talem.
791 792 977 872 Nam,
1010 793 1254 877 praeter
1292 791 1786 871 fornicationem,
1836 794 2061 859 saltem
2109 795 2532 878 provocatam,
2583 797 2677 860 est
2723 815 2850 859 ma-

383 900 524 966 litia
569 900 786 965 contra
828 899 1144 972 naturam,
1192 913 1336 959 cum
1380 894 1690 959 inutiliter
1735 894 2068 961 femineum
2124 917 2330 962 semen
2366 897 2496 978 (vel
2525 897 2851 963 humorem

381 1005 582 1079 illum,
607 1003 716 1085 qui
761 1000 1051 1067 comitari
1094 999 1254 1065 solet
1291 999 1711 1064 irritationem
1742 1002 2101 1085 organicam
2146 1002 2520 1085 completam
2552 1001 2847 1086 feminae)

384 1107 679 1190 provocet
715 1106 904 1187 atque
935 1122 1138 1168 suum.
1179 1101 1281 1167 Ita
1312 1100 1435 1166 fere
1469 1121 1541 1166 ex
1572 1100 1842 1167 Sanchez
1877 1102 1950 1166 de
1982 1104 2189 1167 Matr.
2225 1104 2267 1167 1.
2310 1105 2369 1167 9.
2405 1103 2463 1168 (1.
2509 1105 2611 1168 19.
2647 1124 2704 1168 9.
2742 1106 2802 1168 8.

478 1203 688 1278 1008.
727 1205 1226 1271 Fornicationem
1280 1205 1603 1288 peccatum
1662 1223 1795 1269 esse
1848 1204 2135 1281 mortale,
2199 1206 2374 1289 patet
2428 1225 2500 1269 ex
2545 1206 2849 1290 Apostolo

390 1311 446 1375 1.
466 1308 606 1375 Cor.
625 1309 735 1373 VI.
756 1309 817 1372 9.
844 1308 1062 1388 Neque
1077 1305 1476 1386 fornicarii...
1502 1326 1769 1388 reynum
1782 1305 2494 1387 Deipossidebuntitem
2511 1307 2665 1392 Eph.
2689 1307 2765 1372 V.
2788 1310 2847 1373 5.

390 1413 610 1492 Omnis
653 1410 1001 1491 fornicator
1050 1413 1167 1473 aut
1215 1408 1639 1474 immundus...
1683 1430 1815 1474 non
1868 1408 2053 1474 habet
2095 1409 2498 1476 hereditatem
2544 1412 2614 1474 in
2661 1431 2851 1497 rayno

392 1514 632 1581 Christi
647 1518 710 1578 et
736 1512 882 1580 Dei.
910 1513 1065 1577 Eam
1089 1530 1273 1596 porro
1309 1531 1439 1576 esse
1463 1512 1793 1576 intrinsece
1823 1513 2080 1592 malam,
2108 1515 2399 1578 constans
2424 1516 2518 1577 est
2543 1514 2851 1578 sententia

384 1620 519 1684 DD.
548 1622 610 1683 et
641 1616 1143 1682 christianorum.
1183 1615 1476 1680 Sentiunt
1501 1633 1730 1690 omnes,
1768 1614 1874 1696 qui
1901 1615 2236 1680 secundum
2268 1616 2574 1681 rationem
2609 1617 2848 1693 vivunt,

384 1721 622 1785 malum
653 1738 782 1785 esse
813 1737 1106 1801 quaerere
1154 1716 1628 1782 delectationem
1668 1735 1992 1781 veneream
2026 1718 2391 1782 concubitus
2432 1718 2664 1801 absque
2703 1718 2854 1782 obli-

383 1823 635 1906 gatione
682 1824 744 1886 et
792 1821 1077 1887 oneribus
1128 1818 1429 1903 coniugii3
1480 1818 1543 1883 id
1576 1838 1773 1903 vagos
1804 1820 2170 1891 concubitus
2201 1822 2419 1904 sponte
2451 1824 2844 1904 propagaret,

383 1924 549 2007 quod
572 1925 636 1990 ‘m
658 1924 989 2008 perniciem
1015 1920 1268 1987 humani
1290 1921 1610 1986 convictus
1629 1920 2021 1987 redundaret.
2043 1920 2103 1986 S.
2125 1922 2399 1987 Thomas
2418 1923 2478 1985 2.
2517 1923 2577 1985 2.
2606 1942 2665 2004 q.
2698 1923 2845 1986 154.

385 2047 441 2092 a.
476 2028 537 2091 2.
571 2026 1013 2111 argumentum
1044 2025 1107 2089 in
1138 2025 1299 2089 hanc
1328 2043 1459 2087 rem
1493 2024 1734 2102 attulit,
1769 2023 1936 2105 quod
1961 2023 2243 2107 deinceps
2269 2024 2368 2088 usi
2405 2026 2552 2089 sunt
2584 2025 2719 2088 DD.
2748 2045 2847 2110 ge·

382 2130 667 2194 neratim.
715 2127 1093 2204 FornicatiO,
1143 2126 1234 2190 ait
1281 2128 1377 2190 est
1424 2145 1621 2210 vagus
1669 2126 2034 2191 concubitus
2083 2124 2261 2208 ((1991
2298 2126 2436 2208 quis
2475 2146 2548 2191 ex
2592 2125 2845 2191 libidine

382 2232 645 2296 feminae
681 2230 936 2308 accedit,
969 2248 1160 2312 quam
1192 2228 1409 2293 statim
1451 2230 1545 2292 est
1591 2228 1997 2294 derelicturus
2030 2229 2130 2293 vel
2159 2228 2578 2311 derelinquere
2616 2230 2841 2313 potest,

382 2353 524 2399 cum
556 2351 678 2398 non
714 2333 1001 2397 teneatur
1032 2351 1179 2416 erga
1203 2331 1381 2395 illam
1414 2330 1795 2415 obligatione
1820 2330 2051 2396 vinculi
2090 2331 2401 2413 alicuius).
2436 2330 2600 2394 Hinc
2631 2334 2844 2396 autem

382 2455 579 2520 vagus
611 2435 975 2500 concubitus
1006 2436 1101 2499 est
1132 2435 1349 2499 contra
1384 2434 1615 2498 bonum
1655 2434 1847 2517 prolis
1888 2433 2257 2512 educandae,
2298 2454 2456 2516 quae
2491 2453 2613 2499 non
2644 2434 2845 2500 solam

381 2558 595 2607 curam
630 2538 852 2605 matris
890 2537 1170 2621 requirit,
1212 2537 1316 2604 sed
1362 2538 1564 2603 multo
1612 2538 1817 2623 magis
1866 2557 2079 2604 curam
2126 2538 2343 2623 patria,
2387 2558 2423 2605 a
2454 2559 2576 2623 quo
2615 2541 2711 2606 est
2757 2540 2846 2604 in-

380 2642 694 2723 struenda,
742 2641 1118 2707 defendenda
1165 2642 1228 2705 et
1273 2641 1338 2705 in
1384 2642 1560 2705 bonis
1609 2643 1742 2705 tam
1780 2640 2180 2707 interioribus
2217 2661 2406 2724 quam
2438 2642 2844 2708 exterioribus

382 2745 817 2829 promovenda.
855 2746 994 2810 Iam
1040 2765 1182 2810 vero
1232 2746 1382 2810 haec
1428 2764 1577 2809 cura
1624 2765 1731 2826 per
1770 2764 1834 2809 39
1883 2764 1992 2810 399
2023 2765 2096 2811 ex
2127 2746 2215 2810 rei
2262 2748 2489 2810 natura
2519 2746 2691 2812 deest
2735 2766 2845 2812 1199

379 2853 541 2915 certe
588 2868 720 2915 esse
764 2850 992 2933 potest,
1043 2848 1374 2913 exsistente
1421 2865 1582 2931 vago
1631 2847 2001 2923 concubitu,
2052 2847 2158 2912 sed
2190 2848 2534 2912 necessaria
2567 2851 2662 2912 est
2696 2848 2846 2915 obli-

379 2952 555 3034 gatio
581 2952 701 3016 viri
724 2952 802 3016 ad
826 2953 1060 3016 certam
1091 2950 1387 3015 feminam
1412 2952 1475 3014 et
1503 2948 1794 3025 vicissim,
1819 2948 1884 3012 in
1909 2969 2032 3032 qua
2048 2949 2520 3014 matrimonium
2536 2952 2841 3016 consistit.

378 3052 631 3120 Subdit:
666 3074 807 3120 cum
854 3054 1220 3120 concubitus
1255 3053 1571 3118 ordinetur
1608 3052 1687 3116 ad
1716 3053 1947 3117 bonum
1983 3071 2308 3116 commune
2357 3053 2554 3117 totius
2586 3052 2845 3118 humani

376 3157 638 3241 generisi,
674 3157 836 3223 bona
869 3161 1079 3222 autem
1113 3155 1469 3222 communia
1506 3155 1733 3221 cadant
1773 3154 1886 3219 sub
1919 3153 2435 3219 determinatione
2481 3153 2657 3238 legis,
2708 3174 2846 3219 con-

378 3279 636 3343 sequens
660 3262 773 3340 est,
800 3261 968 3343 quod
992 3261 1118 3325 ista
1141 3260 1495 3325 coniunctio
1522 3258 1712 3341 maris
1737 3257 1816 3321 ad
1841 3256 2154 3333 feminam,
2190 3274 2347 3338 quae
2374 3257 2844 3323 matrimonium

379 3365 625 3443 dicitur,
658 3367 797 3450 lege
818 3364 1328 3429 determinetur...
1364 3362 1498 3442 Quo
1531 3363 1737 3445 posito
1772 3362 1859 3425 sic
1890 3380 1956 3424 se
1989 3359 2232 3441 expedit
2266 3360 2342 3422 ab
2372 3360 2554 3423 obvia
2585 3360 2846 3424 difficul-

379 3468 538 3533 tate:
572 3494 607 3527 «
631 3468 760 3532 Nec
783 3467 1014 3544 obstat,
1042 3465 1096 3529 si
1122 3465 1348 3546 aliquis
1375 3464 1731 3529 fornicando
1759 3462 2036 3544 aliquam
2052 3480 2446 3545 cognoscens,
2469 3461 2844 3526 sufficienter

380 3569 701 3647 provideat
737 3568 896 3651 proli
928 3568 1003 3633 de
1041 3566 1433 3641 educatione3
1468 3566 1613 3647 quia
1646 3563 1708 3628 id
1740 3563 1906 3645 quod
1939 3563 2107 3629 cadit
2144 3564 2258 3627 sub
2291 3563 2446 3647 legis
2480 3562 2845 3628 determina-

381 3671 567 3745 tione,
587 3671 900 3734 iudicatur
925 3671 1263 3735 secundum
1288 3669 1368 3749 id,
1397 3669 1561 3751 quod
1586 3667 1998 3733 communiter
2024 3666 2248 3730 accidit
2273 3668 2336 3730 et
2360 3685 2480 3731 non
2506 3665 2844 3730 secundum

380 3771 461 3847 id,
496 3772 662 3853 quod
690 3773 757 3836 in
789 3773 999 3856 aliquo
1040 3793 1188 3839 casu
1220 3774 1427 3855 potest
1466 3771 1735 3836 accidere
1769 3794 1830 3833 ».

466 3872 874 3939 Manifestum
906 3878 1001 3939 est
1035 3875 1475 3960 argumentum
1514 3893 1561 3937 3.
1597 3874 1873 3938 Thomae
1907 3891 2031 3936 non
2062 3890 2193 3936 esse
2224 3871 2429 3935 solum
2477 3872 2692 3936 contra
2724 3870 2844 3935 for·

378 3976 751 4041 nicationem
775 3995 979 4060 presse
1013 3979 1350 4061 acceptam,
1378 3995 1535 4059 quae
1561 3977 1655 4040 est
1687 3992 2054 4058 congressus
2082 3974 2274 4039 soluti
2307 3993 2447 4038 cum
2481 3974 2708 4049 soluta,
2737 3973 2842 4037 sed

375 4080 593 4143 contra
625 4078 965 4160 quemlibet
994 4098 1228 4163 vagum
1260 4078 1659 4145 concubitum
1706 4078 1834 4142 sive
1872 4078 2033 4142 inter
2072 4077 2310 4142 solutos
2346 4077 2473 4140 sive
2512 4077 2672 4139 inter
2719 4094 2840 4139 non

377 4182 639 4246 solutos.

462 4283 819 4351 Difficultas
853 4285 968 4357 est,
1019 4301 1161 4346 cum
1206 4282 1407 4366 legem
1443 4282 1745 4357 nominat,
1797 4300 1986 4364 quam
2038 4281 2239 4364 legem
2278 4279 2612 4366 intelligat,
2662 4283 2842 4344 natu-

376 4389 569 4453 ralem
600 4408 676 4453 ne
714 4408 793 4453 an
840 4386 1196 4472 positivam,
1232 4406 1448 4469 nempe
1487 4386 1620 4451 Dei.
1656 4385 1997 4469 Responsio
2048 4382 2331 4448 Caietani
2362 4384 2449 4447 ibi
2487 4384 2559 4448 ad
2598 4384 2682 4447 4¹¹¹
2725 4386 2838 4460 est,

372 4490 593 4576 legem,
643 4491 717 4556 de
764 4510 887 4574 qua
936 4510 983 4555 s.
1036 4490 1269 4554 Doctor
1315 4488 1614 4570 loquitur,
1664 4508 1793 4554 esse
1832 4488 2195 4571 positivam:
2247 4486 2322 4550 cf.
2373 4506 2518 4551 sane
2566 4486 2841 4551 eiusdem
