3497 5147
677 329 791 385 850
1282 346 1495 387 mor.
1522 347 1628 389 vn.
1655 347 1819 388 sacr.
1845 347 1887 387 1.
1914 348 2000 387 nn
2025 344 2286 389 ummo·
2311 344 2456 385 nun.
2483 344 2549 384 11.
2969 325 3154 400 [1135]

774 442 1065 525 Episcopi
1112 445 1323 507 autem
1373 446 1438 506 et
1486 444 1739 526 parochi
1785 444 2047 527 possunt
2106 443 2460 526 dispensare
2504 459 2649 503 cum
2693 438 2979 523 singulis,
3025 457 3151 502 non

682 562 826 609 vero
874 563 1019 608 cum
1066 546 1205 609 tota
1239 546 1731 610 communitate:
1765 546 1912 610 licet
1944 546 2247 629 Episcopo
2297 544 2375 609 ob
2413 542 2744 625 specialem
2787 560 3043 605 causam
3086 540 3151 603 id

684 647 894 731 plures
933 646 1217 713 doctores
1255 665 1379 711 non
1414 651 1661 731 negent.
1695 649 1808 711 Ait
1843 667 1892 711 s.
1927 649 2111 730 Alph.
2138 667 2200 711 n.
2229 647 2421 711 1032.
2458 647 2556 708 2.
2541 667 2556 681 ·
2598 670 2635 702 ‹
2667 643 2964 708 Summus
2994 643 3151 707 Pon·

683 747 833 813 tifex
880 748 1251 813 Benedictus
1290 749 1463 813 XIV.
1504 749 1567 813 in
1614 750 1802 813 Bulla
1835 748 2096 813 Prodiit
2138 749 2269 811 iam
2305 747 2557 822 dudum,
2591 745 2748 809 dixit
2777 744 3149 809 sententiam

684 851 1056 933 oppositam,
1088 851 1385 915 nimirum
1430 870 1551 916 non
1600 869 1778 933 posse
1809 851 2145 934 Episcopos
2190 868 2302 933 pro
2349 849 2637 913 universo
2682 866 2872 931 grege
2916 846 3155 929 dispen-

683 972 821 1017 sare
867 954 931 1017 in
976 954 1114 1038 lege
1158 954 1394 1027 ieiunii,
1427 973 1558 1018 esse
1603 973 1725 1018 non
1773 954 1957 1018 modo
2004 954 2510 1027 communiorem,
2561 949 2667 1014 sed
2710 950 2904 1014 etiam
2949 949 3152 1033 magis

682 1056 915 1119 rationi
961 1058 1436 1121 consentaneam
1482 1080 1545 1120 ›.
1580 1056 1708 1119 Et
1691 1076 1756 1119 111
1788 1055 1977 1119 Hom.
2020 1054 2242 1135 Apost.
2277 1057 2355 1118 tr.
2395 1055 2592 1117 12.11.
2628 1053 2779 1115 22.;
2833 1076 2871 1109 ‹
2903 1050 2999 1114 Ad
3034 1050 3155 1114 dis-

690 1157 1074 1241 pensandum
1104 1178 1247 1221 cum
1286 1159 1529 1242 integra
1576 1158 2027 1222 communitate
2074 1158 2236 1220 circa
2268 1155 2642 1237 qualitatem
2672 1153 2976 1230 ciborum,
3009 1151 3150 1216 Sedi

695 1258 1092 1341 Apostolicae
1125 1262 1512 1324 reservatum
1558 1263 1674 1336 est,
1709 1261 1785 1323 ut
1830 1258 2172 1323 declaravit
2203 1256 2428 1321 Bened.
2461 1255 2634 1319 XIV.
2667 1254 2731 1318 in
2787 1254 2962 1319 bulla
3000 1255 3150 1318 Non

686 1361 1066 1443 ambiyimus
1102 1387 1164 1427 ›.
1200 1361 1343 1427 Sine
1390 1363 1520 1427 ulla
1567 1382 1756 1427 causa
1803 1363 2180 1445 dispensatio
2213 1362 2376 1425 esset
2419 1360 2613 1423 nulla.

777 1462 1068 1547 Superior
1112 1465 1548 1549 religiosorum
1597 1468 1661 1529 et
1707 1484 1779 1529 eo
1811 1464 2128 1528 deficiente
2167 1462 2473 1526 Vicarius.
2518 1461 2685 1545 Ergo
2716 1480 2839 1525 non
2871 1460 3153 1546 indigent

686 1565 988 1649 Religiosi
1017 1586 1273 1630 recursu
1296 1567 1372 1631 ad
1406 1567 1780 1650 Episcopum
1827 1568 1890 1631 et
1936 1567 2138 1631 multo
2184 1566 2391 1629 minus
2424 1564 2500 1628 ad
2539 1565 2899 1647 parochum.

775 1666 1145 1733 Abbatissae
1177 1669 1241 1732 et
1276 1669 1623 1753 generatim
1669 1670 2025 1752 Superiores
2070 1669 2416 1734 monalium
2446 1687 2571 1732 non
2602 1669 2867 1750 possunt
2909 1666 3154 1750 dispen-

686 1787 851 1846 sare;
878 1770 1026 1851 quia
1074 1770 1313 1834 nullam
1362 1790 1502 1836 vere
1550 1772 1784 1835 habent
1819 1771 2329 1835 iurisdictionem.

776 1870 994 1951 Quoad
1032 1874 1354 1955 parochos,
1389 1894 1438 1938 s.
1477 1874 1664 1957 Alph.
1703 1873 1894 1937 Hom.
1932 1873 2154 1952 Apost.
2187 1873 2231 1936 1.
2265 1892 2316 1936 c.
2351 1872 2659 1937 consentit
2690 1890 2832 1935 cum
2877 1871 2954 1934 A.
2988 1869 3155 1952 quod

687 1976 930 2059 possint
974 1995 1115 2039 cum
1164 1976 1428 2060 singulis
1462 1977 1816 2059 dispensare
1854 1976 2047 2040 etiam
2093 1977 2413 2058 praesente
2438 1974 2760 2058 Episcopo,
2795 1974 2861 2038 vi
2904 1992 3156 2037 consue·

688 2075 944 2152 tudinis,
979 2095 1139 2157 quae
1176 2078 1287 2141 dat
1324 2078 1831 2142 iurisdictionem.

782 2172 968 2247 1135.
1000 2175 1292 2259 Superior
1324 2180 1530 2261 potest
1560 2178 1913 2263 dispensare
1957 2198 2080 2243 non
2126 2178 2310 2244 modo
2347 2178 2594 2260 quando
2640 2197 2829 2242 causa
2875 2180 2973 2243 est
3032 2176 3157 2241 suf-

688 2280 930 2357 ficiens3
972 2279 1077 2344 sed
1124 2281 1316 2344 etiam
1362 2281 1610 2362 quando
1656 2281 1926 2358 dubitat,
1969 2300 2046 2345 an
2095 2281 2180 2345 sit
2226 2281 2569 2345 sufficiens:
2603 2280 2850 2362 quando
2874 2298 3022 2344 vero
3059 2298 3155 2343 co-

688 2383 934 2469 gnoscit
979 2402 1101 2447 non
1149 2402 1279 2447 esse
1310 2384 1720 2448 sufficientem
1755 2383 1831 2448 ad
1864 2402 2085 2466 puram
2116 2383 2656 2466 dispensationem,
2690 2385 2897 2465 potest
2920 2381 3155 2463 dispen-

687 2486 921 2551 sationi
956 2487 1350 2551 commiscere
1413 2487 1989 2566 commutationem,
2046 2486 2422 2571 iniungendo
2469 2487 2572 2569 pia
2621 2486 2746 2550 alia
2804 2504 2997 2570 opera,
3048 2483 3146 2545 uti

690 2590 1021 2667 0101101103,
1078 2590 1498 2673 eleemosynas
1541 2593 1656 2653 etc.
1715 2615 1752 2647 ⁴<
1785 2591 1948 2653 Hinc
1993 2589 2274 2667 infertur,
2335 2589 2542 2671 inquit
2584 2587 2857 2654 Sanchez
2909 2584 3145 2652 consil.

686 2692 793 2756 lib.
836 2693 897 2755 5.
931 2710 1064 2774 cap.
1126 2694 1183 2755 1.
1217 2692 1362 2756 dub.
1400 2694 1459 2755 5.
1495 2711 1554 2756 n.
1597 2692 1725 2770 26..
1783 2693 1989 2756 minus
2038 2692 2370 2775 prudenter
2417 2711 2600 2776 agere
2647 2693 2980 2774 praelatos,
3043 2690 3152 2773 qui

688 2795 970 2860 subditos
1000 2797 1380 2860 recurrentes
1419 2795 1498 2859 ad
1553 2813 1657 2860 eos
1711 2795 1775 2858 in
1824 2796 1952 2860 suis
1993 2795 2195 2859 dubiis
2245 2814 2356 2877 pro
2404 2794 2883 2878 dispensatione,
2930 2795 3152 2859 nolunt

689 2897 1034 2960 consolari:
1076 2896 1379 2978 siquidem
1427 2898 1543 2962 hoc
1591 2899 1733 2961 tuta
1781 2897 2156 2962 conscientia
2202 2899 2465 2980 possunt
2509 2896 2709 2962 facere
2770 2898 2870 2963 vel
2917 2896 3151 2979 dispen-

686 2998 881 3062 sando
930 2997 1198 3075 omnino,
1239 2999 1291 3062 si
1324 3018 1513 3063 causa
1544 3000 1641 3063 est
1684 2999 2015 3076 sufficiens,
2049 2999 2150 3063 vel
2179 2999 2232 3063 si
2268 3018 2391 3064 non
2423 3001 2519 3064 est
2555 3000 2887 3077 sufficienS,
2922 2998 3150 3084 partim

687 3099 1096 3182 dispensando
1144 3101 1374 3183 partim
1423 3100 1867 3167 commutando
1901 3126 1960 3164 ».

779 3201 1002 3267 Subdit
1023 3201 1292 3267 Sanchez
1317 3203 1463 3266 ibid.
1505 3202 1649 3266 dub.
1688 3202 1747 3265 6.
1782 3222 1841 3266 11.
1878 3205 1972 3266 2.;
2006 3228 2042 3261 «
2076 3201 2281 3268 Causa
2319 3202 2632 3269 sufficiens
2672 3205 2769 3268 est
2804 3204 2883 3269 ad
2916 3204 3153 3288 dispen-

686 3305 992 3371 sationem
1041 3306 1395 3370 absolutam
1442 3306 1506 3369 in
1550 3304 1784 3369 ieiunio
1819 3308 1884 3369 01
1912 3306 1975 3368 111
2008 3305 2160 3370 cibis
2192 3306 2541 3389 prohibitis,
2568 3307 2814 3389 quando
2862 3310 2959 3372 est
3003 3307 3150 3372 talis

686 3427 896 3486 causa,
931 3410 1004 3472 ut
1034 3408 1119 3472 sit
1154 3408 1433 3486 dubium,
1469 3427 1548 3472 an
1580 3409 1710 3472 sine
1740 3406 2199 3490 dispensatione
2222 3408 2496 3472 ieiunare
2513 3409 2800 3472 teneatur
2830 3410 2930 3474 vel
2955 3407 3151 3492 possit

689 3510 864 3576 edere
910 3529 1119 3574 carnes
1159 3512 1274 3573 etc.
1308 3509 1485 3574 Alias
1517 3510 1684 3573 enim
1715 3510 1951 3574 nullius
1996 3510 2297 3574 momenti
2336 3512 2498 3575 esset
2530 3508 2954 3593 dispensatio;
3003 3529 3152 3575 nam

685 3612 934 3696 quando
981 3631 1169 3677 causa
1216 3614 1312 3676 est
1357 3612 1622 3688 evidens,
1663 3612 1873 3695 potest
1917 3611 2057 3693 quis
2095 3612 2325 3694 absque
2362 3611 2816 3695 dispensatione
2853 3633 2975 3679 non
3002 3614 3152 3678 ieiu-

688 3735 853 3780 nare.
888 3714 1066 3778 Hanc
1090 3715 1462 3778 sententiam
1486 3715 1699 3778 tenent
1722 3714 2136 3778 communiter
2160 3714 2296 3777 DD.
2329 3716 2690 3793 asserentes,
2712 3715 2879 3797 quod
2901 3717 3148 3798 quando

686 3836 875 3882 causa
913 3819 1007 3880 est
1038 3816 1206 3881 clara
1238 3817 1467 3882 iudicio
1501 3816 1701 3899 ipsius
1732 3817 1831 3880 vel
1864 3816 1983 3880 viri
2016 3817 2280 3881 alicuius
2327 3816 2504 3899 probi
2550 3819 2613 3881 et
2644 3819 2848 3900 periti,
2884 3838 3008 3884 non
3055 3821 3152 3885 est

692 3938 845 4002 opus
891 3917 1362 4000 dispensatione,
1398 3918 1644 4000 quando
1694 3937 1839 3984 vero
1886 3937 2074 3982 causa
2113 3919 2314 3983 adhuc
2349 3920 2444 3983 est
2490 3919 2697 3998 dubia,
2746 3922 3008 4004 petenda
3055 3926 3151 3988 est

686 4021 1061 4104 dispensatio
1110 4040 1146 4085 a
1193 4020 1553 4104 Superiore:
1589 4021 1870 4085 sentiunt
1901 4039 2068 4105 ergo,
2105 4021 2264 4085 hanc
2287 4040 2542 4086 causam
2574 4022 2986 4089 sufficientem
3018 4043 3148 4091 esse

684 4126 763 4189 ad
810 4123 1289 4208 dispensandum
1321 4148 1382 4185 2».
1419 4121 1593 4188 Cous.
1643 4143 1693 4188 s.
1736 4123 2009 4188 Thomas
2048 4141 2184 4206 sup.
2223 4143 2285 4187 n.
2324 4124 2517 4188 1134.

775 4227 992 4306 Quoad
1023 4227 1310 4291 medicos,
1353 4251 1389 4284 «
1421 4226 1699 4292 Medicus
1731 4243 1843 4307 pro
1879 4225 2082 4290 officio
2121 4244 2235 4290 suo
2268 4227 2476 4308 potest
2512 4226 2842 4307 declarare,
2876 4229 3148 4312 aliquem

687 4348 865 4414 posse
897 4328 1210 4394 comedere
1253 4347 1463 4392 carnes
1517 4328 1618 4392 vel
1661 4327 1904 4390 ratione
1949 4327 2153 4392 morbi
2197 4327 2476 4392 excusari
2522 4348 2560 4392 a
2603 4328 2853 4410 ieiunio,
2901 4333 3149 4413 quando

686 4450 875 4496 causa
922 4431 1019 4494 est
1063 4430 1393 4493 manifesta
1440 4427 1537 4492 vel
1573 4427 1768 4491 dubia
1798 4429 2137 4494 secundum
2167 4430 2416 4514 regulas
2462 4449 2612 4495 suae
2658 4432 2833 4497 artis.
2872 4433 2956 4497 Et
2983 4435 3150 4516 quod

686 4537 793 4598 sat
819 4536 913 4596 est
955 4551 1143 4597 001130
1175 4531 1384 4608 dubia,
1418 4531 1755 4614 probatur3
1791 4531 1940 4612 quia
1978 4531 2225 4613 quando
2262 4551 2452 4597 causa
2498 4534 2594 4597 est
2628 4534 2976 4615 manifesta,
3026 4557 3145 4604 non

692 4655 846 4719 opus
893 4636 988 4699 est
1023 4633 1242 4697 medici
1282 4632 1539 4697 consilio
1571 4656 1633 4696 ›.
1682 4632 1783 4697 Ita
1833 4631 2053 4697 Sauch.
2087 4634 2130 4698 l.
2165 4654 2216 4699 c.
2252 4633 2396 4699 dub.
2432 4635 2492 4699 5.
2526 4655 2587 4700 11.
2623 4635 2727 4700 28.
