3497 5147
683 322 794 377 812
973 336 1187 378 ‘rano-r.
1215 336 1296 379 v1.
1322 335 1484 377 ποτ.
1513 336 1617 378 vn.
1642 336 1728 376 nn
1753 334 1991 379 oei-Avo
2014 334 2231 377 ramo.
2256 335 2586 377 omanem.
2613 336 2755 379 nun.
2784 338 2847 377 11.
2969 322 3152 398 [1093]

696 434 968 499 nondum
1015 434 1293 517 pervenit
1337 453 1448 498 nec
1492 435 1864 516 perventura
1910 432 2030 497 erit
2085 433 2251 497 intra
2311 432 2495 497 breve
2550 434 2817 515 tempus,
2866 453 2915 498 s.
2963 433 3147 518 Alph.

695 556 754 600 n.
792 538 962 613 974„
1015 536 1209 601 allata
1256 536 1563 601 sententia
1609 554 1845 613 eorum,
1893 535 2003 617 qui
2048 536 2274 618 putant
2318 535 2557 618 peccari
2611 536 2891 620 graviter
2934 541 3150 604 contra

691 638 1022 717 iustitiam,
1072 641 1145 702 ut
1188 638 1478 715 Antoine,
1517 637 1723 703 Collet
1753 640 1890 714 etc,
1925 640 2064 702 tum
2109 656 2345 716 eorum,
2394 638 2503 719 qui
2547 658 2690 702 cum
2723 639 3145 707 Busembaum

695 744 929 825 negant
973 742 1212 826 peccari
1257 742 1474 808 contra
1517 741 1832 806 iustitiam
1877 740 1941 805 et
1985 740 2190 805 solum
2236 740 2452 804 dicunt
2494 740 2734 823 peccari
2784 744 3001 807 contra
3045 764 3146 808 ca-

689 844 945 908 ritatem
990 845 1184 910 etiam
1230 844 1527 929 graviter,
1565 843 1820 908 tertiam
1865 841 2053 906 refert
2097 842 2489 919 sententiam,
2523 861 2711 925 quam
2759 844 2941 910 docet
2966 845 3144 931 Lugo

692 946 848 1029 disp.
883 946 988 1011 cit.
1021 967 1124 1010 nn.
1160 948 1265 1010 59.
1302 947 1430 1020 68„
1464 946 1911 1028 (praecesserat
1954 963 2002 1008 s,
2035 944 2390 1009 Antoninus
2436 946 2502 1009 et
2545 945 2752 1028 plures
2794 946 2905 1011 alii
2949 949 3143 1013 secuti

686 1050 864 1131 sunt)
896 1050 961 1112 et
990 1068 1039 1112 s.
1074 1048 1259 1131 Alph.
1293 1050 1478 1114 vocat
1522 1046 2028 1112 communiorem.
2062 1046 2147 1110 Hi
2186 1048 2398 1111 tenent
2433 1066 2628 1129 neque
2660 1049 2898 1131 peccari
2927 1052 3140 1116 contra

687 1149 1000 1213 iustitiam
1029 1169 1225 1232 neque
1256 1151 1472 1214 contra
1502 1148 1850 1214 caritatem.

772 1251 853 1314 Et
901 1250 1146 1333 quando
1197 1251 1407 1335 agitur
1453 1250 1527 1313 de
1573 1250 1951 1315 notorietate
1986 1250 2161 1328 iuris,
2201 1251 2362 1316 ratio
2400 1270 2524 1316 non
2562 1255 2658 1316 est
2694 1252 2984 1318 difficilis.
3019 1252 3145 1320 Cur

690 1354 855 1417 enim
885 1354 1118 1419 iudices
1141 1354 1384 1438 publice
1406 1354 1810 1439 promulgant
1834 1354 2063 1419 crimen
2087 1374 2227 1419 cum
2259 1355 2538 1439 irrogata
2561 1361 2804 1439 poena?
2829 1357 2925 1421 Ad
2950 1376 3138 1422 exem-

687 1457 863 1540 plum
909 1476 1127 1540 nempe
1173 1459 1237 1521 et
1272 1458 1569 1521 terrorem
1608 1456 1875 1520 aliorum
1914 1458 2101 1539 atque
2136 1456 2457 1521 infamiam
2488 1457 2605 1521 rei:
2644 1476 2842 1539 neque
2879 1477 3026 1522 sane
3054 1460 3138 1524 in-

682 1559 894 1637 famia,
928 1560 1253 1624 inhaerens
1284 1560 1404 1644 ipsi
1442 1559 1849 1642 publicationi
1873 1560 2233 1637 sententiae,
2259 1562 2354 1625 est
2389 1561 2553 1624 inter
2574 1560 2866 1626 minimas
2891 1582 3136 1644 poenas,

680 1681 837 1743 quas
884 1662 1054 1727 subit
1101 1682 1263 1727 reus.
1314 1661 1397 1726 Vi
1439 1663 1594 1727 iuris
1639 1661 1893 1747 proinde
1939 1682 2081 1727 reus
2128 1662 2367 1727 amittit
2410 1663 2509 1727 ius
2559 1662 2637 1727 ad
2698 1662 2950 1729 famam.
3002 1665 3140 1731 Non

681 1766 893 1848 agitur
926 1785 1073 1849 ergo
1109 1768 1325 1831 contra
1364 1766 1694 1843 iustitiam,
1728 1765 1784 1829 si
1813 1766 1976 1829 cives
2008 1766 2142 1831 eius
2172 1766 2262 1830 rei
2296 1765 2527 1831 crimen
2562 1766 2970 1833 manifestant
3000 1770 3137 1833 aliis

681 1870 1085 1950 quibuslibet,
1125 1890 1267 1934 cum
1305 1870 1594 1934 dedecore
1632 1870 1765 1933 eius
1796 1869 2020 1949 famae,
2053 1870 2230 1933 cuius
2274 1871 2408 1934 iure
2456 1871 2739 1953 privatus
2776 1874 2890 1936 est.
2923 1871 3138 1955 Neque

688 1972 900 2055 agitur
946 1992 1053 2055 per
1098 1992 1162 2037 se
1208 1974 1423 2037 contra
1470 1972 1827 2036 caritatem:
1875 1972 2023 2053 quia
2069 1972 2146 2035 ad
2192 1972 2508 2055 publicum
2571 1973 2803 2037 bonum
2850 1974 3140 2053 conducit

681 2074 874 2137 etiam
913 2093 1146 2153 eorum,
1180 2075 1289 2157 qui
1334 2075 1518 2159 longe
1565 2077 1731 2152 sunt,
1767 2074 2134 2155 quibuscum
2181 2075 2391 2138 tamen
2438 2074 2918 2140 communicatio
2949 2096 3138 2158 quae-

674 2176 825 2241 dam
872 2178 1116 2243 exsistit
1161 2180 1275 2242 aut
1322 2178 1610 2242 exsistere
1654 2176 1978 2241 moraliter
2006 2178 2233 2260 potest,
2266 2176 2645 2242 facinorosos
2677 2196 2800 2242 non
2836 2179 3132 2263 ignorari,

677 2282 751 2343 ut
798 2279 1062 2360 quilibet
1108 2280 1184 2344 ab
1232 2279 1319 2343 eis
1365 2279 1568 2343 caveri
1615 2279 1840 2362 possit:
1889 2278 2208 2362 publicum
2254 2282 2464 2344 autem
2510 2280 2743 2346 bonum
2789 2281 3135 2364 praeferen-

672 2381 821 2446 dum
860 2385 955 2447 est
988 2383 1254 2465 privato.
1288 2380 1354 2446 Si
1400 2400 1545 2446 vero
1578 2383 1713 2445 tam
1745 2380 1930 2445 alieni
1961 2382 2089 2445 sint
2118 2382 2329 2458 exteri,
2369 2384 2443 2446 ut
2481 2382 2729 2447 etiamsi
2760 2402 2923 2460 eum,
2955 2385 3131 2449 cuius

668 2485 901 2550 crimen
949 2486 1157 2561 refers,
1198 2484 1444 2549 nomine
1490 2502 1604 2548 suo
1652 2483 1952 2565 designeS‚
2002 2484 2239 2548 nullam
2288 2482 2361 2547 de
2407 2502 2477 2548 eo
2525 2484 2820 2549 notitiam
2866 2486 2988 2550 sint
3030 2485 3124 2549 illi

674 2589 1041 2663 assecuturi,
1069 2587 1315 2670 perinde
1341 2605 1414 2652 ac
1444 2587 1498 2651 si
1530 2586 1603 2650 de
1634 2586 1884 2650 homine
1923 2605 2173 2669 prorsus
2196 2588 2414 2672 ignoto
2447 2590 2560 2652 aut
2588 2587 2734 2652 ficto
2771 2588 3122 2670 loquereris,

677 2692 915 2757 desinet
947 2711 1018 2755 ex
1052 2691 1177 2755 alia
1207 2709 1396 2754 causa
1432 2692 1787 2773 peccatum3
1838 2690 1986 2771 quia
2032 2690 2267 2755 seilicet
2294 2710 2509 2774 reapse
2554 2691 2729 2756 nulla
2759 2692 2988 2756 iniuria
3031 2692 3125 2770 fit,

668 2815 813 2859 cum
846 2795 1091 2858 nullum
1128 2793 1425 2857 damnum
1462 2792 1783 2857 inferatur.

757 2894 819 2959 Si
875 2898 1083 2959 autem
1124 2896 1210 2959 sit
1253 2895 1597 2959 notorietas
1629 2895 1799 2973 facti,
1831 2914 1954 2960 non
1993 2914 2124 2960 esse
2171 2897 2387 2960 contra
2431 2896 2744 2961 iustitiam
2782 2898 3128 2982 evulgatio-

676 3018 817 3063 nem
848 2997 1142 3077 criminis,
1177 3017 1366 3079 quam
1403 2997 1689 3075 diximuS‚
1724 2998 1948 3080 probat
1979 2998 2156 3082 Lugo
2188 2998 2229 3062 l.
2264 3018 2316 3062 c.
2350 3019 2410 3063 n.
2448 3001 2575 3076 61„
2602 3002 2749 3082 quia
2783 3000 2861 3065 ad
2894 3001 3124 3066 bonum

663 3119 990 3165 commune
1021 3119 1140 3165 non
1166 3120 1389 3183 parum
1424 3098 1731 3174 conducit,
1759 3100 1924 3181 quod
1956 3100 2028 3163 de
2059 3099 2136 3163 iis
2169 3100 2430 3182 publicis
2466 3102 2649 3166 rebus
2671 3102 2843 3184 loqui
2885 3104 3125 3186 possint

672 3203 970 3278 homines,
1011 3206 1084 3267 ut
1131 3202 1209 3267 ad
1256 3203 1547 3267 notitiam
1595 3202 1848 3266 veniant
1885 3201 2171 3279 aliorum,
2206 3203 2500 3268 nimirum
2545 3207 2621 3269 ut
2652 3205 2883 3286 absque
2919 3224 3122 3271 errore

669 3306 1093 3387 unusquisque
1125 3307 1538 3389 cognoscatur
1582 3304 1786 3385 qualis
1825 3305 1920 3368 est
1950 3306 2013 3369 et
2044 3305 2278 3389 singuli
2306 3325 2418 3389 pro
2447 3307 2688 3372 meritis
2720 3308 3117 3386 honorentur,

661 3428 821 3490 quae
868 3408 1215 3472 communis
1261 3406 1507 3471 utilitas
1553 3405 2001 3489 praeponderat
2045 3407 2292 3485 damn0‚
2327 3407 2491 3489 quod
2540 3409 2786 3491 privato
2834 3411 3119 3476 obvenire

654 3515 881 3594 potest.
932 3511 1001 3575 Id
1049 3530 1195 3574 sane
1240 3509 1428 3573 habet
1482 3510 1828 3575 communis
1876 3511 2199 3576 hominum
2259 3530 2495 3589 sensuS‚
2543 3513 2618 3576 ut
2661 3512 2737 3576 de
2782 3513 2967 3578 rebus
3012 3534 3122 3596 pu·

655 3615 833 3678 blicis
879 3615 1064 3678 liceat
1111 3613 1332 3694 cuique
1378 3632 1517 3677 cum
1558 3612 1838 3694 quolibet
1879 3613 2075 3694 loqui.
2123 3614 2316 3678 Porro
2364 3633 2436 3678 ex
2480 3614 2597 3679 hoc
2643 3615 2942 3696 sequitur,
2993 3616 3120 3698 pri-

663 3721 901 3793 vatum,
936 3717 1043 3798 qui
1074 3735 1216 3780 reus
1246 3719 1342 3782 est
1370 3716 1644 3781 criminis
1677 3716 1803 3780 iam
1835 3717 2077 3799 publice
2107 3718 2261 3794 noti,
2296 3718 2394 3782 ius
2441 3718 2722 3783 amisisse
2760 3719 2836 3783 ad
2883 3720 3119 3784 famam

655 3838 727 3883 ea
777 3820 839 3882 in
885 3838 969 3895 re,
1020 3819 1278 3901 ideoque
1323 3819 1561 3883 nullam
1609 3838 1739 3884 esse
1787 3819 2182 3896 iniustitiam,
2233 3819 2387 3884 illud
2433 3821 2661 3885 crimen
2704 3821 2846 3886 aliis
2892 3823 3116 3887 exteris

651 3921 940 3985 revelare.

744 4023 1039 4107 Sequitur
1070 4028 1388 4108 praeterea
1419 4046 1614 4108 neque
1661 4026 1723 4091 id
1758 4046 1889 4092 esse
1919 4028 2143 4092 saltem
2191 4027 2467 4111 graviter
2504 4030 2718 4092 contra
2751 4029 3111 4104 caritatem;

656 4148 778 4192 non
810 4129 973 4192 enim
1005 4131 1100 4192 est
1131 4131 1347 4193 contra
1394 4130 1720 4193 caritatem
1752 4129 1836 4201 id,
1871 4128 2035 4211 quod
2082 4130 2201 4194 etsi
2247 4131 2302 4194 si
2336 4134 2555 4195 contra
2585 4131 2816 4196 bonum
2848 4131 3113 4196 alicuius

654 4231 905 4313 privati,
939 4231 1015 4293 ad
1054 4231 1288 4295 bonum
1334 4233 1539 4295 tamen
1588 4231 1906 4313 publicum
1951 4231 2257 4295 conducit.

742 4333 910 4395 Haec
958 4334 1165 4397 tamen
1212 4353 1333 4398 non
1366 4334 1576 4398 valent
1623 4334 1743 4398 nisi
1790 4353 1885 4398 res
1932 4333 2016 4397 sit
2063 4335 2160 4399 vel
2206 4335 2581 4400 notorietate
2626 4336 2781 4401 iuris
2813 4338 2911 4402 vel
2960 4324 3112 4402 facti

644 4434 1008 4515 simpliciter
1053 4437 1318 4517 publica.
1354 4435 1420 4500 Si
1452 4454 1594 4500 vero
1628 4436 1856 4500 crimen
1889 4437 1973 4501 sit
2019 4438 2337 4519 publicum
2374 4439 2764 4504 solummodo
2797 4440 2859 4504 in
2893 4440 3103 4521 aliqua

649 4536 1006 4617 imperfecta
1044 4538 1359 4614 societate,
1399 4557 1451 4601 e.
1486 4559 1547 4620 g.
1583 4537 1644 4601 in
1678 4538 1972 4620 capitulo,
2007 4539 2072 4603 in
2102 4541 2501 4618 monasterio,
2535 4541 2598 4605 in
2631 4541 2956 4626 religione,⁴
2979 4559 3106 4606 non
