3497 5147
711 339 819 391 824
1321 347 1537 389 rnAcr.
1564 347 1669 388 vn.
1695 346 1859 387 sno-r.
1889 346 1928 385 1.
1957 345 2042 385 mr.
2068 343 2322 389 1111111110.
2352 346 2496 388 nun.
2522 346 2560 386 1.
2998 331 3180 406 [lloej

706 448 894 522 habet
927 453 1090 538 apud
1122 473 1171 518 s.
1207 453 1392 535 Alph.
1443 471 1502 514 n.
1542 450 1758 526 1009„
1801 449 1862 511 in
1897 447 2037 512 aliis
2082 443 2348 508 ieiuniis.
2399 442 2561 506 Hinc
2598 462 2647 506 s.
2683 442 2979 520 Thomas,
3015 445 3074 505 2.
3110 446 3170 505 2.

707 582 766 643 q.
807 561 953 623 147.
991 559 1166 623 artic.
1204 560 1263 620 8.
1308 556 1385 620 ad
1418 557 1509 619 3.:
1552 580 1586 612 «ι
1620 553 1791 617 Inter
1830 550 1954 614 alia
1985 550 2218 614 ieiunia
2250 547 2612 613 sollemnius
2651 548 2748 610 est
2779 546 3177 630 quadragesi-

706 665 869 728 male
901 663 1267 727 ieiunium...
1302 661 1383 723 Et
1415 659 1551 724 ideo
1584 657 1646 720 in
1687 654 1968 737 quolibet
2003 652 2232 717 ieiunio
2267 650 2658 715 interdicitur
2688 668 2829 713 esus
2862 649 3169 724 carnium,

704 768 768 830 in
806 766 1036 830 ieiunio
1071 767 1282 829 autem
1315 757 1840 845 quadragesimali
1871 756 2327 820 interdicuntur
2357 754 2791 818 universaliter
2830 754 3020 817 etiam
3053 772 3170 818 ova

707 871 770 932 et
802 869 1117 933 lacticinia
1149 894 1210 931 ».

795 973 1019 1037 Subdit
1050 974 1294 1035 autem:
1338 992 1373 1026 «
1405 966 1583 1031 Circa
1614 984 1882 1047 quorum
1915 961 2429 1044 (lacticiniorum)
2462 958 2906 1024 abstinentiam
2936 959 2998 1021 in
3032 958 3173 1021 aliis

704 1076 952 1139 ieiuniis
999 1075 1275 1138 diversae
1323 1068 1797 1136 consuetudines
1846 1067 2154 1131 exsistunt
2187 1063 2350 1147 apud
2381 1063 2684 1138 diversos;
2720 1081 2881 1144 quae
2913 1062 3170 1143 quisque

706 1181 1031 1243 observare
1063 1178 1243 1241 debet
1275 1174 1612 1240 secundum
1636 1189 1872 1235 morem
1904 1188 2138 1244 eorum,
2172 1168 2334 1231 inter
2357 1185 2514 1249 quos
2546 1166 2969 1230 conversatur.
2995 1163 3172 1228 Unde

711 1282 1128 1364 Hieronymus
1177 1279 1391 1342 dicit...
1455 1276 1873 1355 Unaquaeque
1907 1271 2241 1352 provincia
2287 1267 2564 1331 abundet
2604 1268 2677 1330 in
2720 1287 2833 1330 suo
2879 1285 3068 1329 sensu
3114 1271 3175 1328 et

693 1388 1031 1463 praecepta
1077 1383 1385 1446 mierum
1431 1378 1595 1460 10903
1631 1375 2004 1458 apostolicas
2034 1373 2383 1438 arbitretur
2418 1397 2480 1433 ».
2519 1371 2603 1434 Et
2633 1371 2784 1434 haec
2829 1369 3049 1454 regula
3086 1371 3173 1433 te·

704 1486 922 1562 nenda,
949 1487 1021 1550 ut
1045 1486 1233 1549 habet
1258 1480 1644 1548 communior
1668 1479 1975 1544 sententia
2009 1476 2172 1559 apud
2197 1496 2245 1540 3.
2273 1475 2572 1558 Alphons.
2601 1495 2658 1537 n.
2693 1475 2883 1537 1009.
2911 1472 3057 1537 dub.
3085 1474 3168 1549 3.,

702 1590 812 1653 ubi
844 1590 922 1652 ab
946 1585 1426 1652 immemorabili
1461 1586 1627 1666 viyet
1658 1582 1808 1645 talis
1825 1579 2215 1644 consuetudo.
2242 1578 2324 1641 Et
2345 1578 2454 1641 abs
2479 1598 2544 1641 re
2571 1576 2884 1661 allegatur
2901 1574 3170 1640 Sanchcz

713 1692 949 1756 Consil.
991 1692 1097 1756 lib.
1135 1693 1194 1754 5.
1230 1710 1280 1754 c.
1320 1691 1376 1753 1.
1418 1688 1562 1751 dub.
1598 1688 1704 1749 21.
1745 1706 1804 1748 n.
1843 1686 1902 1746 2.
1938 1682 2119 1765 quasi
2155 1680 2524 1745 contrarius

792 1796 955 1859 Nam
1002 1795 1102 1858 hic
1148 1792 1450 1876 disputat,
1502 1810 1580 1854 an
1627 1786 1932 1852 eiusmodi
1979 1782 2356 1850 consuetudo
2406 1784 2619 1867 vigeat
2667 1783 2730 1846 in
2755 1782 3062 1867 Hispania
3111 1785 3173 1847 et

704 1900 952 1981 quidem
1001 1895 1207 1979 quoad
1254 1898 1459 1959 sextas
1506 1893 1690 1956 ferias
1739 1890 1938 1955 totius
1986 1887 2151 1951 anni.
2202 1887 2301 1950 Ita
2350 1886 2414 1949 et
2445 1885 2665 1966 reliqui
2706 1887 3040 1970 scriptores
3087 1888 3172 1952 ibi

705 2001 983 2083 allegati,
1018 2018 1173 2080 quos
1205 1996 1569 2060 Tamburini
1601 1994 1789 2058 refert
1821 1990 2040 2055 Deeal.
2082 1990 2189 2054 lib.
2225 1990 2285 2052 4.
2330 2009 2378 2052 0.
2417 1990 2477 2051 5.
2515 1988 2573 2071 ξ.
2619 1989 2676 2051 1.
2710 2008 2770 2051 0.
2808 1990 2938 2064 22.,
2974 1994 3174 2075 agunt

704 2104 775 2166 de
802 2101 1242 2166 consuetudine
1265 2100 1499 2163 incerta
1526 2099 1589 2161 01
1612 2116 1733 2161 000
1760 2095 2063 2178 legitima.
2100 2090 2399 2171 Quocirca
2425 2109 2545 2155 non
2579 2093 2674 2154 est
2705 2110 2815 2154 cur
2847 2093 2984 2156 DD.
3011 2092 3173 2157 inter

703 2228 766 2271 sc
800 2204 1069 2289 oppositi
1106 2203 1242 2267 heic
1273 2201 1695 2266 exhibeantur.

792 2307 1081 2373 Ceterum
1115 2306 1168 2370 si
1201 2303 1581 2370 consuetudo
1616 2303 1710 2365 est
1758 2299 1953 2364 veluti
1986 2299 2083 2363 lex
2129 2317 2239 2381 pro
2278 2298 2354 2362 iis
2400 2299 2574 2376 10013,
2622 2300 2729 2364 ubi
2769 2302 2961 2386 viget,
3010 2302 3171 2366 circa

703 2411 1146 2479 abstinentiam
1173 2429 1209 2473 a
1230 2407 1560 2472 lacticiniis
1585 2405 1776 2468 etiam
1803 2404 1864 2466 in
1891 2401 2138 2466 ieiuniis
2162 2404 2334 2465 extra
2359 2402 2921 2487 quadragesimam,
2956 2405 3168 2469 cadem

702 2512 1083 2582 consuetudo
1125 2511 1334 2587 efficit,
1376 2511 1448 2573 ut
1477 2508 1555 2571 iis
1589 2507 1754 2571 vesci
1783 2506 1968 2568 liceat
1999 2505 2062 2567 in
2096 2504 2591 2589 quadragesima,
2626 2506 2735 2570 ubi
2766 2507 2951 2593 viget.
2999 2507 3163 2570 Hinc

703 2618 985 2702 Struggl,
1037 2617 1217 2679 tract.
1271 2614 1332 2678 8.
1366 2632 1424 2694 q.
1460 2613 1521 2674 2.
1555 2632 1613 2674 11.
1654 2611 1788 2672 18.;
1830 2633 1864 2666 «
1898 2606 2075 2672 Circa
2121 2608 2436 2673 lacticinia
2481 2629 2604 2675 non
2645 2611 2740 2675 031
2772 2611 2983 2675 eadem
3027 2630 3168 2677 con-

701 2720 965 2785 suetudo
990 2718 1425 2783 Ecclesiarum.
1454 2714 1618 2778 Nam
1643 2732 1784 2777 esus
1811 2712 2268 2776 lacticiniorum
2300 2713 2363 2777 in
2390 2713 2761 2795 quibusdam
2785 2715 2939 2779 locis
2964 2717 3167 2781 solum

702 2825 1066 2907 prohibetur
1110 2822 1174 2885 in
1206 2819 1703 2903 quadragesima,
1743 2816 1809 2880 in
1858 2815 1997 2879 aliis
2045 2816 2407 2899 prohibetur
2455 2817 2741 2881 omnibus
2773 2817 2990 2882 diebus
3021 2819 3169 2884 ieiu-

705 2925 951 2987 niorum
984 2944 1090 3006 per
1123 2941 1373 2996 annum,
1402 2922 1465 2984 in
1499 2921 1637 2984 aliis
1664 2919 1944 3002 denique,
1981 2921 2054 2982 ut
2085 2919 2147 2982 in
2173 2917 2526 2996 Germania,
2562 2920 2699 2986 toto
2725 2939 2887 2987 anno
2921 2923 3168 3005 permit-

703 3028 927 3092 titur...
979 3024 1166 3089 Ratio
1218 3026 1448 3100 autem,
1498 3024 1748 3105 propter
1795 3041 1984 3103 quam
2030 3022 2092 3084 in
2143 3020 2477 3086 Germania
2514 3024 2794 3108 legitime
2840 3026 3167 3091 inoleverit

701 3127 1082 3195 consuetudo
1130 3125 1484 3191 comedendi
1546 3145 1654 3207 per
1700 3125 1907 3188 totum
1964 3144 2192 3188 annum
2239 3124 2573 3203 lacticinia,
2622 3128 2735 3205 est,
2785 3128 2933 3211 quia
2982 3129 3167 3194 datur

701 3233 975 3296 defectus
1024 3232 1142 3296 olei
1188 3228 1448 3293 recentis
1497 3229 1560 3291 et
1607 3247 1760 3291 aura
1814 3227 2098 3311 frigidior
2143 3227 2442 3292 maiorem
2490 3230 2708 3292 causat
2754 3230 3036 3295 ciborum
3081 3230 3166 3294 di·

700 3337 1075 3421 gestionem:
1126 3334 1399 3415 adeoque
1445 3333 1595 3397 haec
1643 3331 2021 3396 consuetudo
2069 3331 2131 3394 in
2181 3330 2514 3395 Germania
2561 3333 2793 3397 servari
2842 3335 2985 3398 tuta
3022 3353 3166 3400 con·

701 3440 958 3504 scientia
983 3439 1190 3522 potest
1224 3463 1284 3499 ».

792 3540 1295 3606 Concludendum
1342 3539 1558 3622 igitur,
1594 3536 1926 3601 servandas
1960 3536 2187 3617 ubique
2236 3538 2706 3603 consuetudines
2738 3538 3057 3625 legitimas
3103 3543 3167 3605 et

699 3645 762 3708 in
788 3645 965 3710 novis
989 3643 1277 3707 Ecclesiis
1301 3640 1630 3705 fundandis
1655 3636 1962 3703 rationem
1995 3639 2207 3704 haberi
2238 3658 2415 3722 posse
2449 3641 2737 3724 paritatis
2770 3641 3161 3721 conditionis,

702 3748 881 3813 videl.
922 3747 1195 3810 elimatis
1234 3745 1297 3809 et
1327 3744 1599 3808 defectus
1640 3742 1760 3806 olei
1793 3744 1908 3806 etc.

790 3850 1018 3912 Exinde
1050 3848 1277 3914 resolvi
1308 3846 1591 3930 quaestio
1623 3846 1830 3929 potest
1855 3844 2058 3926 quoad
2094 3845 2324 3909 ieiunia
2356 3846 2654 3910 servanda
2680 3865 2751 3910 ex
2783 3848 3165 3930 poenitentia

700 3950 796 4014 vel
831 3951 999 4015 voto.
1027 3949 1353 4026 Videlicet,
1376 3949 1494 4013 nisi
1527 3967 1879 4031 expressum
1915 3948 2097 4012 aliter
2127 3949 2333 4027 fuerit,
2369 3967 2490 4013 non
2518 3949 2784 4033 obligari
2808 3952 3160 4033 quempiam

700 4056 777 4119 ad
811 4052 1245 4119 abstinendum
1278 4072 1313 4116 a
1350 4052 1697 4116 lacticiniis.

790 4152 977 4226 1108.
1027 4154 1244 4236 Quoad
1290 4154 1621 4218 secundam
1667 4153 2107 4218 comestionem
2155 4172 2264 4235 pro
2312 4153 2407 4232 113,
2443 4154 2668 4236 quibus
2715 4154 3164 4220 concedebatur

699 4278 839 4323 esus
864 4258 1163 4333 carnium,
1190 4256 1504 4320 sciendum
1529 4258 1641 4332 est,
1669 4256 1977 4338 triplicem
2001 4276 2183 4338 penes
2216 4257 2540 4341 theologos
2567 4257 2752 4340 paulo
2780 4258 3162 4340 antiquiores

700 4361 971 4445 viguisse
1004 4360 1394 4434 sententiam,
1429 4361 1503 4422 ut
1534 4357 1738 4422 videre
1771 4360 1867 4423 cst
1914 4360 2075 4443 apud
2109 4360 2500 4424 Filliuccium
2538 4360 2745 4424 Tract.
2788 4362 2895 4425 27.
2935 4381 3070 4447 cap.
3097 4363 3160 4426 3.

699 4483 798 4527 nn.
852 4464 1089 4526 51.-53.
1130 4461 1256 4525 Alii
1297 4461 1457 4524 enim
1507 4459 1876 4541 dispensatis
1925 4461 2001 4524 ad
2040 4481 2286 4527 carnem
2317 4462 2471 4526 duas
2497 4462 2911 4527 concedebant
2956 4483 3162 4529 come-

698 4565 929 4628 stiones
979 4567 1090 4626 001
1135 4564 1323 4626 etiam
1374 4562 1579 4644 plures
1618 4564 1679 4626 et
1711 4561 1939 4646 duplici
1989 4564 2325 4629 utebantur
2362 4568 2750 4651 argumentO,
2793 4567 2856 4631 1⁰
2903 4566 3051 4648 quia
3097 4565 3161 4629 in
