3497 5147
694 345 805 400 764
839 357 1052 401 macr.
1080 359 1159 399 v1.
1182 356 1343 399 ποτ.
1366 358 1447 399 vr.
1468 357 1554 397 nn
1579 354 1770 398 smro
1794 354 1871 393 m
1897 351 2060 395 nouo
2084 350 2301 393 ram.
2324 351 2653 394 nmamm.
2674 353 2820 396 nun.
2844 356 2934 398 111.
2976 344 3159 416 [1032]

696 456 1030 539 perfectam
1077 455 1264 520 huius
1310 453 1587 519 criminis
1631 452 1941 517 rationem
1985 449 2380 514 constituunt
2422 449 2486 512 in
2535 449 2669 514 sola
2705 451 3160 520 inordinatione

694 576 875 621 sexus
913 557 1191 635 indebiti,
1239 575 1413 621 secus
1461 575 1533 620 ac
1583 554 1896 619 affirmare
1943 552 2271 616 videantur
2302 551 2556 633 quidam
2592 552 2959 637 interpretes
3003 558 3159 622 iuris

694 659 897 724 civilis
930 659 1016 741 (r.
1053 678 1101 723 s.
1136 659 1322 743 Alph.
1356 659 1398 723 l.
1434 661 1537 742 c.),
1572 658 1723 722 dum
1762 675 1898 720 eam
1928 655 1994 718 in
2024 653 2478 718 inordinatione
2506 657 2869 736 praesertim
2902 658 3159 723 indebiti

693 761 860 825 vasis
891 763 1227 844 reponunt:
1276 762 1385 843 qui
1418 763 1625 824 tamen
1664 759 1728 822 in
1759 758 1877 822 hac
1901 775 1964 820 re
1993 756 2301 820 rationem
2324 754 2533 837 potius
2556 756 2846 822 habuisse
2871 759 3158 826 videntur

693 881 1054 947 poenarum,
1088 884 1243 947 quas
1278 865 1344 928 in
1382 864 1598 930 eodem
1629 861 1799 927 civili
1835 860 1972 926 foro
2017 860 2162 923 huic
2207 877 2453 940 quoque
2481 860 2813 941 posteriori
2852 863 3157 929 inordina-

691 966 851 1032 tioni
882 967 1248 1052 infligendas
1285 967 1453 1052 leges
1478 966 1868 1031 censuerunt.

783 1069 1133 1134 Exsistente
1181 1071 1379 1154 igitur
1426 1070 1679 1133 tantum
1727 1065 2182 1131 inordinatione
2210 1063 2470 1129 indebiti
2505 1066 2692 1143 vasis,
2728 1067 3006 1134 sodomia
3037 1071 3156 1135 im-

693 1170 963 1252 perfecta
1001 1173 1128 1235 est:
1166 1190 1324 1253 quae
1356 1172 1565 1235 tamen
1599 1169 1797 1254 specie
1829 1168 2033 1233 differt
2066 1186 2100 1232 a
2132 1166 2435 1251 perfecta3
2468 1186 2616 1231 nam
2647 1168 2710 1232 in
2742 1169 2858 1234 hac
2890 1175 2984 1236 est
3033 1174 3154 1238 alia

694 1293 946 1357 prorsus
992 1275 1389 1353 inordinatio,
1439 1293 1598 1357 quae
1631 1273 1708 1337 ab
1744 1272 2105 1355 imperfecta
2152 1271 2345 1336 abest.

784 1375 1077 1443 Sodomia
1129 1377 1398 1461 perfecta
1454 1377 1551 1440 vel
1611 1374 1968 1457 imperfecta
2024 1376 2495 1438 consummatur
2538 1374 2791 1439 seminis
2839 1376 3155 1455 effusione,

692 1480 917 1545 saltem
964 1482 1042 1545 ab
1089 1500 1234 1546 uno.
1284 1481 1375 1545 Ex
1422 1498 1492 1544 eo
1540 1479 1779 1542 factum
1827 1480 1921 1540 est
1969 1477 2042 1540 ut
2072 1476 2424 1541 censuerint
2461 1476 2716 1558 quidam
2748 1479 2834 1558 (v,
2887 1499 2935 1543 s.
2969 1480 3156 1564 Alph.

694 1582 735 1644 l.
770 1584 871 1665 c.),
934 1584 1098 1648 inter
1153 1583 1455 1665 sequioris
1511 1599 1691 1645 sexus
1739 1595 2031 1662 personas
2077 1578 2480 1660 impropriam
2527 1579 2776 1643 tantum
2811 1580 3158 1646 sodomiam

694 1683 848 1760 dari,
898 1704 969 1751 eo
1002 1685 1168 1768 quod
1200 1682 1653 1751 consummatio
1686 1681 1797 1746 illa
1835 1681 1899 1744 in
1930 1681 2028 1745 his
2059 1680 2268 1745 locum
2298 1699 2422 1746 non
2458 1681 2705 1746 habeat.

782 1792 997 1870 Porro,
1023 1795 1100 1857 ut
1129 1793 1193 1857 id
1220 1793 1420 1858 obiter
1444 1793 1752 1867 notemus,
1792 1787 2039 1870 quando
2073 1787 2358 1852 absolute
2389 1789 2453 1853 et
2489 1789 2853 1872 simpliciter
2875 1791 3155 1856 sodomia

693 1898 1066 1972 reservatur,
1107 1896 1306 1972 debet,
1343 1896 1517 1959 iuxta
1556 1891 1868 1978 generalia
1909 1890 2227 1973 principia,
2253 1891 2524 1976 intelligi
2554 1892 2783 1956 crimen
2817 1894 3153 1976 perfectum

693 1998 759 2061 et
795 1998 1317 2062 consummatum.

788 2095 998 2168 1032.
1034 2099 1293 2180 Quaerit
1329 2119 1379 2163 S.
1413 2097 1598 2181 Alph.
1633 2119 1694 2162 n.
1728 2096 1879 2160 468.
1908 2115 1984 2159 an
2017 2095 2082 2159 in
2113 2095 2491 2162 confessione
2512 2097 2812 2180 explicare
2836 2099 3155 2181 poenitens

695 2201 936 2278 debeat,
975 2200 1166 2266 fuerit
1202 2220 1275 2265 ne
1309 2220 1497 2285 agens
1531 2220 1607 2264 an
1658 2199 1900 2281 patiens
1938 2201 2003 2262 et
2047 2198 2139 2262 ait
2168 2198 2374 2263 verius
2402 2199 2467 2264 id
2514 2199 2847 2276 affirmari;
2897 2203 3043 2283 quia
3091 2203 3154 2269 in

699 2306 922 2389 agente
954 2305 1155 2369 multo
1186 2304 1433 2368 facilius
1472 2303 1646 2366 adest
1677 2302 1966 2385 pollutio,
2007 2320 2197 2382 quam
2226 2302 2289 2364 in
2320 2303 2615 2384 patiente.

783 2406 899 2472 Sed
948 2408 998 2473 si
1045 2408 1139 2471 ita
1186 2409 1301 2484 est,
1340 2406 1424 2483 id,
1467 2404 1630 2487 quod
1664 2404 2090 2487 explicandum
2124 2404 2236 2482 est,
2272 2405 2390 2469 erit
2420 2405 2686 2488 pollutio
2717 2405 2953 2485 habita,
2988 2407 3152 2490 quod

692 2512 757 2577 et
795 2510 969 2596 Gury
1001 2509 1279 2575 concedit
1325 2529 1383 2571 V.
1439 2509 1495 2570 1.
1549 2507 1605 2589 ἓ.
1647 2507 1798 2569 434.
1849 2506 1932 2582 4.,
1982 2506 2131 2588 quin
2179 2526 2333 2591 opus
2382 2508 2466 2572 sit
2510 2507 2582 2572 de
2632 2509 2852 2593 agente
2901 2512 3014 2576 aut
3044 2530 3152 2595 pa-

699 2615 893 2678 tiente
941 2613 1139 2678 facere
1189 2611 1593 2685 mentionem;
1645 2610 1793 2691 quia
1839 2608 2044 2691 quoad
2092 2610 2206 2674 hoc
2252 2630 2464 2694 reapse
2512 2614 2607 2676 est
2652 2612 2864 2678 eadem
2917 2615 3152 2698 peccati

690 2736 943 2800 species,

780 2819 917 2881 Iam
956 2815 1225 2881 diximus
1274 2815 1616 2881 sodomiam
1650 2834 1793 2878 cum
1838 2815 2078 2878 incestu
2115 2814 2394 2896 copulari
2431 2835 2628 2899 posse.
2667 2815 2750 2880 Et
2780 2836 2926 2881 sane
2973 2819 3027 2881 si
3063 2838 3152 2882 re-

694 2919 971 2983 verentia
996 2917 1200 2981 debita
1227 2917 1571 2983 coniunctis
1597 2917 1884 2999 probibet
1909 2935 2306 3001 congressum
2329 2918 2699 2993 naturalem,
2719 2918 2922 2984 multo
2945 2921 3157 3004 magis,

693 3021 1128 3085 innaturalem.
1164 3018 1255 3084 cf.
1291 3040 1339 3083 s,
1374 3020 1559 3103 Alph.
1593 3040 1653 3084 n.
1683 3020 1833 3083 469.
2201 3026 2206 3037 “

779 3123 921 3188 Huc
951 3122 1293 3187 revocanda
1325 3142 1383 3205 q.
1434 3122 1511 3186 ab
1558 3121 1632 3185 A.
1671 3122 1992 3205 proposita
2028 3122 2091 3186 in
2140 3123 2258 3187 fine
2305 3121 2448 3186 dub.
2490 3141 2614 3205 seq.
2650 3122 2896 3189 Scilicet
2926 3128 3152 3191 mutua

690 3226 955 3309 pollutio
1010 3224 1172 3288 inter
1228 3244 1430 3289 mares
1487 3225 1614 3306 (vel
1661 3225 1952 3308 feminas)
2000 3244 2070 3288 ex
2117 3224 2265 3289 solis
2311 3224 2582 3289 tactibus
2620 3225 2750 3291 sine
2797 3228 3148 3306 concubitu,

687 3327 938 3392 realiter
976 3327 1071 3392 est
1114 3327 1319 3392 solum
1367 3327 1661 3391 mollities
1709 3327 1797 3409 (n.
1852 3327 2064 3410 112.):
2115 3327 2167 3390 si
2216 3328 2424 3392 autem
2473 3328 2726 3392 affectus
2775 3328 3025 3394 accedat
3073 3330 3146 3395 ad

692 3431 1196 3497 commixtionem
1221 3450 1363 3494 cum
1401 3449 1680 3513 persona.
1721 3431 1840 3494 erit
1873 3427 2151 3493 affective
2182 3428 2481 3493 sodomia.
2515 3429 2635 3493 Illa
2662 3430 2870 3513 aliqua
2902 3432 3154 3497 coniun-

686 3534 810 3599 ctio
844 3536 907 3599 et
938 3533 1295 3598 commixtio
1328 3551 1674 3615 corporum,
1720 3533 1896 3597 cuius
1934 3532 2007 3596 A.
2057 3531 2360 3609 meminit,
2394 3531 2707 3614 quandam
2755 3533 3018 3599 offundit
3052 3538 3153 3601 ob-

695 3637 1086 3713 scuritatem;
1122 3655 1287 3714 nam,
1320 3635 1442 3699 nisi
1490 3636 1573 3699 sit
1610 3636 1993 3713 concubituS,
2043 3655 2166 3700 non
2198 3636 2315 3699 erit
2345 3634 2624 3700 sodomia
2654 3637 2775 3701 nisi
2807 3636 2869 3700 in
2904 3638 3147 3703 affectu.

781 3734 991 3808 1033.
1020 3737 1278 3818 Quaerit
1314 3757 1363 3802 s.
1398 3738 1581 3822 Alph.
1616 3758 1675 3800 n.
1705 3739 1854 3801 467.
1890 3757 1966 3801 an
2002 3738 2266 3820 pollutio
2298 3738 2512 3802 habita
2544 3739 2854 3824 tangendo
2887 3760 3151 3824 puerum

691 3844 804 3904 aut
837 3840 1156 3905 mulierem
1205 3842 1631 3917 dormientem,
1683 3844 1795 3904 aut
1825 3840 2107 3924 pudenda
2139 3840 2500 3919 bestiarum,
2533 3840 2638 3905 sed
2672 3842 2903 3924 absque
2933 3863 3152 3909 concu-

690 3942 844 4019 bitu,
895 3942 980 4007 sit
1017 3943 1295 4008 diversae
1328 3944 1550 4028 speciei
1583 3962 1618 4006 a
1650 3943 1915 4026 simplici
1948 3943 2310 4026 pollutione.
2345 3942 2472 4006 Alii
2510 3942 2826 4009 affirmant
2872 3964 3003 4010 esse
3051 3947 3151 4011 vel

690 4045 1037 4110 sodomiam
1055 4046 1153 4111 vel
1176 4046 1644 4111 fornicationem
1667 4049 1778 4109 aut
1791 4046 2237 4110 bestialitatem
2260 4045 2617 4110 inchoatam
2636 4069 2649 4109 :
2679 4046 2788 4110 alii
2805 4048 3149 4131 simplicem

692 4148 1104 4231 pollutionem
1151 4169 1281 4214 esse
1319 4151 1573 4224 volunt,
1608 4150 1754 4231 quia
1805 4148 2049 4231 quando
2098 4148 2273 4214 abest
2315 4148 2698 4223 concubituS,
2739 4151 3151 4216 materialiter

687 4250 844 4315 illud
869 4270 932 4315 se
964 4251 1171 4326 habet,
1220 4249 1383 4332 quod
1431 4251 1544 4315 fiat
1575 4251 1842 4334 pollutio
1890 4252 2162 4316 tactibus
2193 4251 2457 4335 propriis
2491 4270 2568 4316 an
2602 4251 2838 4318 alienis.
2887 4253 3148 4333 Quando

686 4353 849 4416 enim
885 4353 1060 4416 abest
1083 4351 1468 4424 concubitus,
1494 4370 1617 4416 non
1645 4352 1820 4416 adest
1843 4354 2097 4418 affectus
2122 4353 2199 4416 ad
2223 4371 2435 4416 sexum
2461 4353 2564 4417 sed
2598 4353 2674 4418 ad
2700 4354 3146 4437 pollutionem:

689 4453 925 4517 sufficit
961 4452 1213 4535 proinde
1260 4452 1536 4517 confiteri
1585 4449 1777 4516 habui
1799 4453 2208 4534 pollutionem
2257 4454 2519 4518 tactibus
2550 4453 2798 4520 alienis.
2833 4455 3004 4521 Haec
3052 4459 3150 4524 est

686 4554 747 4618 S.
784 4553 966 4635 Alph.
998 4553 1375 4635 probabilior
1399 4555 1723 4619 sententia.
1753 4557 2105 4621 Difficultas
2126 4560 2222 4622 est
2246 4558 2451 4640 quoad
2473 4557 2728 4622 modum
2752 4560 3149 4642 propositum
