3497 5147
372 354 521 423 [531]
1050 366 1201 414 Qum
1239 367 1317 406 m·
1352 365 1719 414 Quornrnmx
1756 365 2148 407 anseranum
2724 354 2832 409 407

1005 511 1107 575 De
1129 532 1296 575 vana
1331 513 1604 574 nominis
1632 510 1765 574 Dei
1801 512 2221 590 usurpatione.

466 648 623 723 531.
673 652 765 715 De
797 651 914 715 hac
950 650 1025 714 A.
1059 670 1167 733 per
1198 652 1592 715 transennam
1625 650 1688 713 in
1726 650 1906 713 resol.
1936 651 1996 713 9.
2024 650 2270 714 Dicitur
2301 652 2364 716 in
2397 671 2627 717 vanum
2661 673 2842 719 usur-

373 756 513 838 pari
544 774 624 819 ss.
665 754 1053 828 1301110111οΠ,
1088 772 1229 816 cum
1278 753 1407 816 sine
1453 751 1816 816 rationabili
1853 771 2040 815 causa
2088 755 2200 816 aut
2249 753 2378 817 sine
2427 754 2635 820 debita
2680 776 2846 820 reve-

371 858 579 922 rentia
628 856 989 921 assumitur.
1029 855 1351 937 Accipitur
1387 854 1620 918 scilicet
1667 873 1829 917 vana
1875 855 2199 937 usurpatio
2235 857 2503 920 nominis
2544 858 2657 921 Dei
2704 877 2846 941 pro-

373 959 508 1043 prie
540 977 651 1041 pro
677 957 894 1022 leviori
927 957 1109 1040 culpa
1142 977 1213 1021 ex
1236 957 1334 1033 iis,
1369 975 1526 1038 quae
1557 955 1964 1037 prohibentur
2001 958 2324 1039 praecepto
2352 958 2658 1042 decalogi:
2695 959 2847 1023 Non

371 1080 658 1125 assumes
703 1079 925 1123 nomen
970 1058 1238 1124 Domini
1281 1056 1410 1123 Dea·
1459 1058 1551 1120 tui
1595 1057 1665 1120 in
1711 1077 1959 1119 vanum.
2008 1057 2099 1121 Ex
2135 1058 2273 1123 XX.
2328 1061 2384 1122 7.
2435 1061 2533 1125 vel
2577 1060 2845 1140 frustra,

372 1167 451 1226 ut
482 1162 763 1226 redditur
794 1162 979 1225 Dent.
1012 1161 1091 1224 V.
1122 1162 1248 1237 11.‚
1282 1160 1392 1223 ubi
1436 1160 1500 1222 in
1540 1161 1715 1223 textu
1751 1158 2037 1242 originali
2086 1160 2298 1225 eadem
2344 1180 2597 1245 prorsus
2643 1163 2846 1228 forma

371 1268 708 1332 verborum
748 1265 1016 1331 occurrit
1048 1283 1118 1328 ac
1155 1265 1217 1328 in
1254 1264 1530 1348 praeced.
1563 1263 1676 1345 (a).

468 1368 728 1451 Triplici
758 1367 1122 1450 praesertim
1169 1387 1239 1430 ex
1287 1385 1475 1430 causa
1507 1366 1863 1449 contingere
1901 1366 2036 1450 ipsa
2076 1367 2268 1432 solet:

564 1470 631 1534 1⁰
668 1469 757 1533 Ex
788 1468 1183 1552 impatientia
1229 1469 1292 1532 et
1322 1461 1747 1552 indignatione
1773 1467 1836 1532 in
1875 1476 2191 1534 creaturas
2223 1470 2413 1535 etiam
2445 1471 2842 1549 inanimataS‚

374 1599 435 1642 V.
472 1598 568 1662 gr.
610 1596 752 1640 cum
791 1577 930 1657 quis
961 1575 1026 1639 in
1060 1575 1269 1656 aliquo
1305 1574 1562 1638 adverso
1596 1592 1743 1638 casu
1783 1576 1881 1639 vel
1913 1575 1991 1638 ab
2041 1576 2163 1640 alio
2211 1580 2604 1659 1110νο031113,
2655 1577 2849 1641 excla-

372 1683 548 1747 mat:
582 1679 763 1744 Deus
792 1679 1001 1743 meus!
1033 1677 1184 1742 bone
1216 1676 1437 1742 Deus!
1468 1698 1501 1739 0
1533 1676 1850 1741 Domine!
1872 1698 1951 1741 ne
1981 1699 2075 1742 me
2104 1678 2352 1743 turbes„

563 1785 632 1845 2⁰
668 1782 758 1845 Ex
789 1781 1219 1857 admiratione,
1254 1798 1360 1863 per
1390 1778 1648 1843 modum
1680 1779 2182 1845 exclamationis:
2217 1779 2293 1844 oh
2331 1779 2528 1856 Deus,
2563 1781 2638 1844 oh
2670 1781 2850 1846 Deus

376 1905 576 1959 meua,
609 1904 642 1947 o
667 1883 947 1964 potentia
978 1881 1109 1947 Dei
1134 1882 1157 1944 !
1188 1881 1413 1964 (poffar
1444 1881 1505 1944 di
1539 1881 1657 1944 Dio
1683 1883 1747 1965 i).

569 1985 638 2050 3⁰
687 1985 1023 2070 Superfiue‚
1088 1985 1449 2067 plerumque
1488 2002 1559 2046 ex
1605 2003 1776 2047 mera
1823 1984 2094 2049 formula
2156 2005 2265 2051 sen
2323 1987 2698 2051 intercalari.
2750 1987 2853 2050 Ita

376 2110 440 2154 v.
476 2110 573 2174 gr.
609 2088 730 2152 Ma
760 2087 892 2153 Dio
922 2088 947 2151 !
982 2093 1081 2152 82:
1138 2085 1231 2151 011
1276 2083 1409 2149 Dio
1429 2086 1452 2147 !
1482 2084 1587 2148 che
1620 2085 1859 2149 valete?
1893 2085 2009 2150 Sed
2042 2087 2129 2152 sic
2161 2089 2257 2152 est
2288 2089 2469 2171 quasi
2517 2089 2849 2153 invocatiO.

469 2192 591 2256 Per
636 2210 699 2255 se
729 2191 913 2274 culpa
949 2209 1072 2255 non
1110 2189 1279 2253 caret
1311 2205 1471 2252 vana
1520 2189 1846 2271 usurpatio
1894 2190 2160 2254 nominis
2196 2191 2345 2264 Dei:
2380 2192 2528 2272 quia
2562 2211 2684 2256 non
2731 2210 2854 2256 ser-

370 2296 492 2359 vat
529 2293 939 2358 reverentiam
1000 2291 1115 2354 tali
1177 2289 1415 2356 nomini
1461 2288 1755 2368 debitam,
1806 2292 2170 2374 praesertim
2221 2294 2273 2356 si
2320 2293 2624 2376 frequens.
2673 2293 2850 2359 Unde

368 2396 567 2462 Eccli.
607 2395 846 2460 XXIII.
891 2394 1028 2458 10.:
1064 2393 1435 2457 Nominatio
1485 2390 1616 2456 Dei
1644 2413 1772 2456 non
1801 2395 1891 2456 sit
1931 2394 2195 2459 assidua
2225 2396 2296 2459 in
2334 2417 2438 2460 ore
2474 2401 2576 2460 tuo
2609 2423 2669 2460 ».

469 2497 751 2563 Venialis
797 2498 1007 2560 tamen
1053 2497 1238 2580 culpa
1283 2499 1412 2562 est:
1464 2497 1612 2580 quia
1649 2496 1993 2561 reverentia
2041 2497 2156 2561 Dei
2188 2516 2311 2562 non
2342 2499 2619 2585 graviter
2665 2497 2850 2562 laedi-

370 2605 532 2676 tur:
581 2619 704 2665 non
752 2584 916 2663 enim
962 2599 1151 2663 habet
1197 2600 1440 2682 proprie
1486 2600 1795 2664 rationem
1842 2600 2274 2665 contumeliae.

470 2703 664 2785 Saepe
711 2701 894 2785 culpa
941 2703 1124 2764 vacat
1169 2703 1421 2784 propter
1474 2700 2028 2765 inadvertentiam:
2077 2701 2224 2766 licet
2284 2701 2664 2767 consuetudo
2726 2721 2851 2766 11011

368 2805 598 2871 careat
635 2805 819 2888 culpa
850 2805 1187 2885 utcumque
1219 2803 1362 2867 levi.

470 2907 737 2971 Nullum
768 2908 865 2971 est
901 2906 1242 2989 peccatum,
1282 2905 1385 2969 ubi
1418 2905 1593 2968 abest
1628 2905 2053 2982 irreverentia:
2095 2925 2253 2988 quae
2298 2906 2544 2972 facilius
2581 2906 2674 2985 fit,
2707 2925 2853 2971 cum

364 3010 749 3077 nominatur
779 3009 947 3073 Deus
979 3027 1087 3090 per
1116 3007 1376 3072 modum
1408 3006 1840 3072 admirationis
1888 3027 1996 3072 seu
2028 3009 2492 3074 interiectionis.
2534 3010 2634 3074 Ita
2673 3009 2852 3094 Gury

362 3116 415 3179 l.
459 3133 512 3176 c.
558 3112 617 3194 §-
653 3112 840 3175 292:
874 3110 1135 3175 dicerem
1168 3111 1378 3193 potius
1416 3109 1847 3187 invocationiS,
1897 3111 2164 3175 maxime
2211 3111 2264 3175 si
2312 3131 2383 3176 ex
2428 3111 2851 3194 impatientia!

362 3214 584 3282 Aiunt
630 3213 883 3296 quidam
931 3214 1177 3297 culpam
1225 3231 1356 3277 esse
1402 3232 1675 3297 gravem,
1711 3213 1763 3277 si
1795 3214 2187 3296 contemptus
2222 3214 2337 3278 Dei
2369 3215 2483 3279 3111
2527 3214 2620 3277 113
2644 3213 2856 3297 gravis

364 3318 583 3385 adest.

472 3418 766 3503 Intellige
811 3420 1222 3499 contemptum
1264 3414 1627 3496 formalem,-
1657 3436 1804 3481 nam
1836 3420 2230 3502 contemptus
2276 3416 2590 3491 virtualis,
2616 3418 2724 3498 qui
2754 3436 2856 3500 ge-

363 3522 657 3590 neratim
716 3520 892 3585 adest
935 3520 1000 3584 in
1061 3519 1342 3602 quolibet
1400 3520 1799 3596 reverentiae,
1851 3520 2129 3601 obsequii
2175 3520 2239 3582 01
2286 3517 2667 3583 obedientiae
2706 3536 2854 3600 erga

367 3629 593 3692 Deum
640 3621 899 3697 defectu,
947 3622 1327 3706 gravitatem
1372 3623 1585 3684 reatus
1623 3640 2016 3704 nequaquam
2062 3621 2321 3687 inducit.
2361 3620 2478 3684 Ira
2525 3638 2669 3683 vero
2716 3619 2854 3683 heic

366 3724 793 3811 intelligenda
839 3726 935 3789 est
980 3725 1092 3788 aut
1138 3741 1295 3804 quae
1342 3725 1558 3788 contra
1595 3723 1797 3787 Deum
1829 3724 2044 3799 fertur,
2086 3725 2198 3788 aut
2229 3742 2387 3805 (11130
2420 3722 2498 3787 3(1
2525 3721 2855 3802 formalem

368 3830 518 3898 Dei
547 3831 957 3906 contemptum
993 3827 1405 3911 progreditur.
1439 3826 1736 3908 Alioquin
1783 3828 1895 3903 ira,
1954 3828 2102 3892 utut
2147 3826 2539 3911 gravissima,
2574 3845 2696 3890 non
2741 3825 2855 3889 im·

367 3934 600 4002 mutat
644 3932 975 3997 verborum
1020 3933 1331 3996 naturam.
1364 3932 1447 3995 Et
1490 3933 1642 3997 haec
1688 3951 1834 3996 sane
1867 3931 2240 3996 attendenda
2276 3932 2424 3996 sunt
2447 3930 2660 3995 sedulo
2687 3950 2858 4013 prae-

368 4037 605 4104 sertim
654 4054 691 4099 a
738 4034 1294 4112 concionatoribuS‚
1344 4054 1438 4111 ne,
1474 4035 1623 4099 dum
1654 4036 2046 4100 vehementer
2077 4036 2228 4100 haec
2259 4035 2414 4099 vitia
2447 4035 2850 4108 insectantur,

366 4141 613 4207 falsam
645 4137 719 4200 de
756 4136 1072 4221 gravitate
1117 4136 1333 4219 culpae
1381 4138 1822 4202 conscientiam
1867 4138 2150 4203 iniiciant
2184 4139 2248 4202 et
2293 4137 2380 4202 sic
2421 4136 2630 4219 gravis
2669 4133 2856 4196 huius

365 4243 604 4326 culpae
644 4259 715 4303 30
745 4239 963 4303 ruinae
1009 4238 1354 4321 spiritualis
1386 4239 1798 4321 plurimorum
1830 4241 1949 4324 ipsi
1981 4261 2119 4305 vere
2152 4240 2280 4305 sint
2311 4239 2597 4313 3111110οε,
2629 4233 2718 4297 ad
2759 4253 2857 4317 90-

370 4345 658 4409 hennam
692 4340 1117 4420 aedificante&

494 4545 560 4597 (3)
592 4542 891 4587 Proihibitio
920 4542 1081 4597 magis
1111 4544 1375 4585 contracta
1403 4547 1479 4584 est
1508 4554 1583 4593 03,
1612 4554 1743 4596 quae
1772 4545 1915 4585 extat
1935 4543 2053 4585 Lev.
2077 4542 2214 4586 XIX.
2237 4543 2303 4585 12.
2321 4542 2409 4587 ubi
2429 4542 2488 4586 de
2507 4542 2730 4597 periurio
2749 4553 2858 4595 pro-

376 4613 495 4667 prie
523 4623 690 4655 sermo
717 4613 818 4653 est:
850 4623 945 4652 non
973 4610 1193 4652 iar-abitu
1225 4611 1277 4651 in
1308 4612 1491 4651 nomine
1520 4620 1614 4650 meo
1652 4608 1831 4660 falsum
1849 4625 1862 4655 .·
1891 4609 1957 4651 ad
1985 4622 2136 4664 quem
2165 4610 2334 4653 locum
2372 4610 2574 4652 videtur
2611 4609 2858 4653 Dominus

372 4689 684 4735 provocatae
710 4676 900 4720 naeth.
922 4676 983 4720 V.
1011 4675 1081 4719 88.
