3497 5147
710 357 819 412 596
1025 368 1236 409 macr.
1267 368 1348 409 vr.
1376 367 1538 409 sac-r.
1568 367 1657 408 111.
1682 368 1770 407 DE
1792 365 2016 408 ram-10
2041 365 2255 407 1111111110.
2275 365 2605 408 nncALom.
2625 366 2767 407 nun.
2794 367 2850 407 v.
3020 351 3172 427 [8101

709 465 1007 549 temporis
1038 484 1182 531 vero
1215 465 1489 548 spatium
1529 463 1730 530 addit:
1764 490 1801 523 ‹
1825 462 1942 529 Sed
1979 464 2171 528 talem
2202 462 2711 529 consuetudinem
2744 464 2924 529 aiunt
2953 463 3168 550 (Du),

712 588 835 634 non
866 585 996 632 esse
1028 566 1469 632 extendendam
1501 585 1698 648 usque
1730 565 1807 630 ad
1841 584 2113 630 mensem
2147 584 2183 629 a
2213 567 2415 630 morte
2447 564 2584 630 viri.
2612 563 2891 630 Mensem
2924 566 3173 631 tantum

711 671 994 755 permisit
1023 689 1073 734 s.
1101 668 1364 736 Carolus
1393 670 1457 734 in
1490 668 1675 734 Conc.
1708 670 1752 733 l.
1778 667 2311 734 Mediolanensi».
2339 669 2440 732 Ita
2471 670 2536 733 et
2565 667 2813 733 Scavini
2844 669 2919 732 de
2943 668 3169 734 Praec.

712 772 884 838 Eccl.
905 793 1035 855 cap.
1061 774 1118 836 1.
1149 774 1265 836 art.
1288 774 1347 835 3.
1369 774 1505 854 qu.
1526 793 1586 837 n.
1607 773 1690 835 4.:
1725 797 1760 829 «
1786 771 2032 836 Alicubi
2063 789 2182 834 usu
2215 774 2530 852 receptum
2564 772 2678 846 est,
2703 774 2776 835 ut
2808 774 3177 837 excusentur

711 875 936 940 viduae
968 876 1244 957 tempore
1274 875 1511 950 luctus3
1539 875 1705 956 quod
1737 892 2011 938 mensem
2048 893 2174 936 nen
2206 873 2460 936 excedat
2489 891 2560 937 ex
2592 893 2640 937 a.
2669 870 2894 938 Carolo
2919 899 2981 953 »‚
3008 875 3082 939 ut
3112 873 3174 938 et

713 997 762 1042 s.
782 979 966 1061 Alph.
994 977 1182 1042 refert
1214 977 1277 1040 et
1307 976 1566 1059 probare
1597 976 1862 1041 videtur.

805 1079 1029 1144 Subdit
1053 1081 1264 1144 autem
1289 1098 1338 1142 s,
1366 1079 1550 1162 Alph.
1577 1078 1748 1156 ibid„
1777 1076 1940 1161 quod
1973 1102 2008 1136 ⁴<
2034 1078 2088 1142 si
2113 1076 2236 1141 alia
2268 1080 2430 1142 esset
2461 1077 2844 1143 consuetudo
2874 1079 2940 1142 in
2967 1080 3175 1162 aliquo

714 1184 874 1259 loco,
907 1201 1030 1247 non
1069 1183 1230 1246 esset
1268 1181 1616 1245 damnanda
1646 1182 1721 1245 de
1739 1184 1994 1262 peccato
2030 1180 2232 1262 yram',
2266 1181 2340 1244 nt
2370 1180 2581 1244 tenent
2611 1180 2817 1263 plures
2851 1207 2911 1244 ».
2946 1180 3027 1244 Et
3054 1201 3178 1245 me·

717 1286 871 1362 111ος
911 1305 1057 1350 nam
1088 1285 1140 1349 si
1188 1285 1351 1350 ratio
1401 1285 1814 1349 excusationis
1862 1285 1956 1349 est
1993 1281 2394 1360 consuetude,
2429 1284 2579 1347 haec
2613 1284 2779 1348 ratio
2825 1284 2963 1368 pari
2993 1283 3176 1350 modo

719 1388 888 1452 valet
919 1407 1027 1452 nec
1057 1387 1257 1460 video,
1290 1408 1401 1451 cur
1444 1388 1718 1452 limitent
1765 1387 2224 1452 excusationem
2271 1387 2348 1451 ad
2393 1387 2626 1452 limites
2662 1390 2878 1470 pravis
2923 1388 3181 1470 culpae,-

718 1489 866 1572 quia
897 1489 1279 1554 consuetudo
1311 1491 1567 1555 excusat
1597 1490 1792 1553 etiam
1822 1509 1859 1553 a
1896 1489 2038 1553 levi.

808 1592 1067 1657 Monent
1099 1594 1311 1656 autem
1334 1593 1494 1668 ΠΒ..
1520 1593 1639 1657 1160
1668 1592 1893 1669 valere,
1918 1592 2040 1656 nisi
2076 1592 2366 1655 mulieres
2398 1591 2582 1657 domo
2611 1591 3011 1678 egrediantur
3043 1594 3183 1658 aliis

716 1695 790 1760 de
823 1695 1046 1760 causis.
1083 1693 1288 1772 Secus,
1323 1715 1447 1760 non
1481 1697 1923 1760 excusarentur
1957 1696 2022 1760 et
2050 1695 2214 1759 ratio
2248 1691 2443 1778 patet.

809 1797 1067 1862 Addunt
1111 1798 1247 1862 DD.
1298 1797 1461 1880 apud
1509 1816 1557 1862 s,
1598 1797 1784 1880 Alph.
1832 1798 1874 1861 1.
1925 1816 1974 1861 c.
2027 1796 2253 1861 alicubi
2301 1816 2372 1861 ex
2418 1797 2857 1862 consuetudine
2906 1819 2941 1862 a
2989 1797 3184 1864 Missa

721 1901 1001 1964 excusari
1032 1900 1222 1965 etiam
1250 1901 1543 1985 virgines,
1570 1918 1644 1964 ne
1668 1899 1732 1963 in
1765 1899 2082 1983 publicum
2113 1898 2449 1982 prodeant:
2477 1917 2666 1981 quam
2696 1901 2907 1964 tamen
2936 1919 3185 1967 consue·

721 2003 1000 2066 tudinem
1033 2002 1247 2067 dicunt
1275 2001 1735 2079 moderandam,
1777 2003 2080 2084 quantum
2109 2000 2242 2065 fieri
2280 2003 2506 2083 potest.
2544 2002 2916 2086 Intelligunt
2944 2004 3185 2086 puellas

722 2103 960 2169 nobiles
993 2107 1055 2169 et
1087 2105 1344 2169 nubiles.
1371 2105 1452 2169 Et
1484 2124 1624 2168 eum
1657 2104 1992 2187 pudicitiae
2024 2122 2211 2178 causa
2246 2103 2309 2168 id
2340 2104 2474 2181 fiat,
2499 2122 2655 2168 vane
2689 2108 3127 2172 excusarentur
3150 2126 3184 2171 a

722 2205 939 2281 Missa,
958 2207 1012 2270 si
1036 2207 1174 2271 dein
1189 2208 1325 2271 vias
1350 2207 1956 2272 circumcursitarent
1973 2208 2088 2271 etc.
2103 2206 2245 2270 Vid.
2266 2204 2456 2271 Salm.
2470 2207 2544 2270 de
2561 2205 2759 2271 Euch.
2773 2227 2906 2291 cap.
2924 2208 2984 2271 6.
2996 2229 3057 2273 n.
3079 2210 3181 2274 81.

812 2308 1031 2373 Potius
1079 2310 1199 2373 huc
1244 2310 1674 2383 revocandam,
1714 2308 1878 2391 quod
1925 2308 2165 2392 possint
2211 2309 2486 2373 excusari
2532 2310 2794 2393 puellae,
2829 2313 3076 2393 quando
3122 2314 3182 2377 in

723 2410 918 2475 Missa
949 2410 1110 2475 fiunt
1139 2412 1656 2494 proclamationes
1695 2429 1806 2494 pro
1846 2429 2058 2474 earum
2090 2411 2488 2476 matrimonio
2514 2411 2696 2494 idque
2732 2413 2809 2477 ob
2846 2415 3186 2481 notabilem

723 2512 1174 2579 verecundiam.
1217 2511 1277 2578 S.
1311 2513 1495 2597 Alph.
1531 2513 1571 2577 l.
1608 2533 1657 2579 0.
1694 2512 1864 2590 dicit,
1899 2531 2039 2578 raro
2071 2511 2134 2577 id
2170 2512 2418 2577 admitti
2450 2532 2646 2597 posse,
2686 2514 2832 2581 licet
2871 2516 3182 2595 concedat,

723 2634 937 2680 revera
971 2615 1267 2691 excusari,
1295 2616 1347 2680 si
1371 2616 1569 2698 pudor
1600 2616 1705 2679 hic*
1730 2634 2026 2700 magnum
2054 2615 2515 2681 incommodum
2541 2617 2777 2682 afferat.
2806 2617 3187 2703 Supponitur

727 2720 939 2782 autem
971 2737 1092 2782 non
1123 2735 1302 2801 posse
1340 2736 1445 2782 eas
1476 2718 1795 2783 commode
1831 2719 1896 2782 in
1936 2718 2059 2783 alia
2097 2719 2350 2783 ecclesia
2387 2719 2647 2783 Missam
2686 2721 2917 2785 audire.

840 2872 1011 2927 xL111.
1049 2873 1102 2927 7.
1127 2872 1179 2926 Si
1216 2872 1328 2939 quis
1365 2888 1459 2925 non
1487 2874 1634 2927 habet
1660 2881 1826 2927 vestes
1851 2871 2000 2926 statui
2026 2886 2117 2925 suo
2144 2871 2510 2925 convenientes.
2539 2875 2715 2927 Navar.
2745 2876 2894 2928 Heur.
2921 2877 3004 2941 Sa,
3031 2881 3184 2931 Azor.

726 2959 907 3010 Bonae.
937 2960 968 3010 1.
999 2971 1045 3011 c.

821 3076 977 3151 810.
1005 3080 1323 3144 Interdum
1355 3079 1683 3163 contingit,
1708 3081 1784 3143 ut
1816 3080 1893 3144 ob
1924 3078 2229 3143 defectum
2266 3079 2458 3144 vestis
2489 3082 2604 3145 aut
2633 3083 3192 3151 calceamentorum

727 3184 912 3248 nimis
944 3202 1132 3267 grave
1179 3183 1265 3247 sit
1308 3182 1550 3266 prodire
1583 3181 1679 3245 die
1711 3181 1870 3246 festo
1902 3180 2175 3263 (quando
2206 3181 2334 3247 imo
2379 3183 2581 3248 solent
2626 3203 2918 3269 pompam
2958 3207 3194 3271 praese-

728 3285 912 3368 ferre)
953 3283 1030 3349 ob
1063 3284 1372 3348 rationem
1411 3282 1509 3347 sui
1547 3284 1775 3347 status.

820 3388 959 3453 DD.
993 3387 1155 3470 apud
1193 3407 1242 3452 s.
1275 3387 1462 3470 Alph.
1486 3406 1546 3449 n.
1580 3385 1730 3450 330.
1766 3386 2103 3451 extendunt
2134 3387 2212 3451 ad
2250 3387 2556 3454 defectum
2592 3389 2814 3455 famuli
2848 3396 2960 3457 aut
2992 3395 3193 3459 sociae

729 3510 838 3576 pro
872 3490 1150 3570 muliere,
1186 3508 1344 3572 quae
1378 3488 1532 3553 alias
1570 3506 1800 3573 magno
1833 3487 2055 3553 rubore
2088 3488 2564 3555 suffunderetur.

820 3590 1176 3659 Curandum
1226 3595 1456 3669 tamen,
1498 3593 1569 3656 ut
1615 3590 1697 3673 (si
1733 3591 1866 3657 fieri
1913 3592 2138 3677 possit)
2185 3592 2445 3658 audiant
2481 3593 2740 3660 Missam
2788 3601 2902 3664 aut
2948 3618 3194 3665 summo

729 3716 910 3761 mane
946 3698 1058 3760 aut
1088 3696 1151 3760 in
1185 3695 1441 3761 ecclesia
1475 3714 1511 3759 a
1543 3695 1759 3779 populi
1791 3714 2091 3760 concursu
2114 3696 2375 3771 remota,
2418 3694 2524 3760 ubi
2555 3716 2742 3764 causa
2774 3703 2991 3765 cesset.

843 3835 1020 3889 XLIV.
1062 3836 1111 3886 8.
1141 3832 1193 3886 Si
1223 3846 1347 3898 quae
1375 3847 1436 3885 ex
1454 3834 1646 3886 occulta
1674 3829 1995 3886 tornicatione
2021 3846 2294 3898 praegnans
2324 3840 2524 3898 metuat,
2551 3849 2611 3888 ne
2637 3835 2688 3891 id
2715 3838 2996 3891 advertatur
3020 3838 3063 3893 si
3089 3854 3196 3906 pro·

734 3920 865 3972 deal.
893 3920 1063 3982 Layrn.
1085 3921 1115 3970 Ι.
1147 3919 1193 3970 4.
1223 3923 1257 3971 ι.
1284 3920 1333 3971 5.

824 4051 959 4125 811.
996 4051 1355 4118 Salmantic.
1388 4052 1464 4116 (16
1509 4049 1710 4117 Euch.
1752 4068 1884 4132 cap.
1921 4049 1981 4112 6.
2015 4069 2074 4114 11.
2116 4051 2221 4114 64.
2261 4052 2478 4119 dicunt
2521 4056 2875 4122 huiusmodi
2925 4060 3198 4142 puellam

732 4157 1061 4222 inhoneste·
1087 4156 1531 4239 praegnantem
1569 4152 1784 4228 teneri,
1819 4152 1873 4216 si
1906 4152 2145 4216 occulte
2175 4156 2239 4218 et
2269 4155 2399 4221 sine
2437 4160 2588 4223 nota
2631 4159 2831 4242 possit
2864 4162 3097 4239 audire,
3137 4165 3202 4229 et

732 4261 983 4342 insuper
1013 4258 1312 4334 limitant‚
1348 4257 1402 4320 si
1432 4253 1781 4320 honestatis
1811 4252 1980 4317 fama
2010 4254 2301 4339 gaudeat.

827 4362 939 4427 Sed
964 4364 1124 4426 istae
1154 4360 1537 4443 exceptiones
1563 4377 1745 4442 aegre
1775 4358 1983 4423 locum
2015 4360 2262 4426 habent.
2290 4363 2502 4429 Prima
2533 4366 2807 4448 quidem3
2830 4370 2981 4450 quia
3006 4371 3197 4436 etiam

735 4464 890 4528 levis
936 4463 1203 4545 suspicio
1251 4461 1506 4545 periculi
1554 4460 1683 4524 scil.
1717 4459 2010 4526 infamiae
2055 4483 2246 4548 grave
2292 4465 2530 4533 inducit
2574 4468 3056 4537 incommodum.
3093 4471 3199 4538 Se-

738 4566 943 4631 cunda
982 4583 1161 4639 ver-03
1212 4564 1357 4645 quia
1405 4563 1524 4628 etsi
1559 4563 1786 4629 mulier
1829 4567 2150 4649 suspectae
2196 4566 2400 4632 famae
2446 4573 2627 4646 esset,
2677 4571 2804 4637 imo
2853 4574 2956 4637 vel‘
2998 4574 3202 4639 famae
