3497 5147
665 350 701 403 4
1056 364 1267 406 macr.
1307 367 1364 407 v.
1404 366 1567 409 sacr.
1608 368 1645 407 1.
1683 366 1770 407 ma
1808 363 2181 405 Pannonms
2217 364 2408 405 rrum.
2447 363 2645 407 capu-r
2683 368 2723 408 1.
3046 355 3121 431 [6]

661 460 908 525 steriori
952 464 1199 526 excuset
1243 462 1635 546 inculpabilis
1680 461 2055 546 ignorantia,
2103 478 2227 526 non
2273 464 2521 527 excuset
2567 465 2778 529 autem
2820 484 2856 530 a
2903 468 3114 550 priori.

661 559 776 625 Sed
810 562 895 626 310
925 582 1047 628 11011
1084 564 1428 647 explicatur
1458 567 1686 630 natura
1709 564 2148 629 distinctionis,

748 664 932 730 Mere
951 672 1353 748 praeceptum
1383 669 1516 733 heic
1546 668 1794 746 dicitur,
1820 668 1986 750 quod
2008 687 2115 751 per
2138 687 2202 732 se
2226 686 2347 733 non
2381 668 2638 734 adiuvat
2663 671 2739 735 ad
2776 670 2980 751 finem,
3009 675 3112 740 sed

656 768 752 832 est
782 770 1086 836 conditio:
1121 771 1391 835 medium
1420 790 1564 836 vero
1596 771 1844 848 dicitur,
1877 771 2042 852 quod
2074 790 2145 835 ex
2183 790 2298 835 sua
2337 773 2562 837 natura
2599 773 2676 837 ad
2707 775 2891 840 finem
2918 777 3108 842 ducit.

656 867 755 935 Sic
793 872 1159 937 alimentum
1196 876 1291 939 est
1327 873 1596 937 medium
1627 873 1706 937 ad
1736 873 2206 938 sustentandam
2253 874 2479 939 vitam:
2521 878 2793 960 sumptio
2829 879 3111 945 alimenti

653 974 876 1038 stando
894 995 1032 1039 cum
1056 975 1291 1052 bacul0,
1317 978 1504 1059 prout
1527 975 2015 1059 praecipiebatur
2032 975 2294 1053 IudaeiS,
2316 978 2411 1041 est
2433 997 2672 1042 merum
2689 985 3106 1064 praeceptum.

653 1075 858 1140 Media
889 1077 1192 1158 quaedam
1230 1097 1352 1143 non
1389 1079 1537 1143 sunt
1580 1077 1950 1154 necessaria3
1984 1077 2077 1141 ita
2111 1077 2209 1141 lac
2253 1078 2352 1144 vel
2398 1098 2539 1144 caro
2588 1083 2736 1145 sunt
2778 1082 2984 1147 media
3029 1085 3107 1148 ad

650 1180 1119 1244 sustentandam
1151 1180 1366 1258 vitam,
1402 1180 1505 1245 sed
1536 1199 1663 1243 non
1698 1179 2071 1243 necessaria.
2105 1179 2534 1245 Necessarium
2567 1199 2712 1246 vero
2760 1182 3017 1263 dicetur,
3052 1186 3108 1250 si

650 1282 902 1345 unicum
932 1283 1017 1347 sit
1046 1283 1317 1347 medium
1349 1284 1446 1348 vel
1478 1284 1640 1348 certe
1673 1280 1945 1365 suppleri
1978 1282 2100 1346 alio
2132 1300 2252 1346 non
2287 1284 2502 1366 possit.
2549 1283 2650 1349 Ita
2686 1303 2840 1368 opus
2872 1286 3105 1353 bonum

648 1383 862 1450 adulto
894 1388 990 1450 est
1019 1385 1290 1451 medium
1322 1386 1733 1451 necessarium
1767 1384 1845 1449 ad
1875 1385 2219 1467 praemium
2258 1388 2542 1451 aeternae
2575 1388 2761 1452 vitae.

734 1489 955 1570 Itaque
986 1508 1126 1553 cum
1162 1489 1238 1553 ad
1269 1490 1538 1553 salutem
1559 1487 1900 1553 necessaria
1926 1487 2011 1551 sit
2041 1506 2150 1571 pro
2175 1487 2389 1553 adulto
2422 1489 2738 1553 conversio
2765 1490 2842 1554 ad
2873 1492 3096 1572 Deum,

644 1588 790 1653 fides
822 1590 951 1654 sine
983 1610 1107 1673 qua
1139 1591 1414 1655 converti
1446 1591 1523 1654 ad
1555 1591 1756 1655 Deum
1789 1590 1974 1654 homo
2005 1608 2127 1654 non
2159 1589 2374 1673 possit,
2415 1590 2535 1654 erit
2565 1590 2840 1655 medium
2871 1598 2930 1656 et
2965 1597 3102 1674 qui-

639 1691 777 1756 dem
812 1695 1261 1757 necessarium:
1295 1695 1445 1758 haec
1475 1693 1624 1758 fides
1662 1712 1809 1778 ergo
1841 1693 2182 1757 necessaria
2213 1690 2442 1756 dicitur
2472 1694 2838 1758 necessitate
2862 1696 3056 1759 medii
3073 1717 3095 1758 .·

638 1794 787 1859 fides
812 1814 976 1871 vero,
1012 1814 1168 1877 quae
1194 1796 1570 1880 praecipitur
1600 1796 1868 1878 quidem,
1903 1795 2007 1859 sed
2039 1795 2168 1859 sine
2192 1812 2315 1875 qua
2340 1795 2545 1876 potest
2577 1794 2714 1858 elici
2747 1798 2925 1861 actus
2949 1817 3096 1862 con-

638 1897 933 1961 versionis
971 1898 1334 1963 sufficientis
1368 1898 1444 1962 ad
1477 1899 1763 1973 salutem,
1799 1919 1856 1961 v.
1891 1919 1985 1982 gr.
2021 1898 2183 1979 quod
2217 1897 2290 1960 B.
2325 1896 2521 1981 Virgo
2557 1896 2746 1960 fuerit
2775 1898 2839 1962 in
2873 1903 3096 1965 sancti·

635 1999 765 2063 tate
796 2004 1108 2083 concepta,
1131 2000 1358 2065 dicitur
1388 2000 1727 2064 necessaria
1761 2000 1964 2063 solum
1997 2000 2361 2063 necessitate
2393 1999 2732 2081 praecepti.

722 2100 1010 2166 Defectus
1043 2101 1263 2185 prioris
1297 2101 1485 2166 efficit
1509 2101 1822 2166 hominem
1845 2102 2197 2179 incapacem
2220 2098 2393 2163 finis:
2421 2098 2697 2164 defectus
2732 2102 3090 2184 posterioris

631 2203 782 2267 facit
812 2203 1162 2285 indiymcm,
1181 2204 1235 2268 si
1258 2204 1649 2287 culpabiliter
1678 2205 2074 2286 praeceptum
2090 2201 2309 2277 violet;
2334 2220 2527 2280 300113,
2552 2203 2605 2267 31
2629 2203 3096 2287 inculpabiliter

628 2304 895 2389 ignoret.

714 2407 894 2471 Fides
927 2408 1051 2472 alia
1082 2407 1379 2488 emplicita
1423 2409 1535 2485 est,
1586 2408 1709 2471 alia
1759 2406 2080 2486 implicita.
2119 2405 2445 2488 Explicita,
2487 2408 2734 2489 quando
2766 2410 3086 2493 quidpiam

621 2510 909 2576 distincte
947 2511 1101 2576 etin
1141 2510 1501 2594 particulari
1526 2509 1796 2573 creditur
1821 2529 1878 2573 v.
1904 2528 1998 2594 gr.
2025 2508 2191 2591 quod
2229 2509 2397 2573 Deus
2431 2509 2516 2573 sit
2539 2528 2719 2575 unus.
2748 2511 3090 2595 Implicita,

617 2613 863 2696 quando
902 2613 1079 2677 credo
1112 2612 1393 2695 explicite
1424 2611 1763 2694 quidpiam,
1794 2612 1860 2676 in
1899 2630 2022 2694 quo
2071 2612 2195 2675 alia
2232 2611 2485 2676 confuse
2524 2614 2637 2676 aut
2671 2613 2732 2677 in
2766 2617 3086 2680 communi*

620 2735 729 2780 seu
760 2714 1178 2798 propositione
1210 2714 1483 2800 generali
1512 2714 1927 2792 continentur,
1952 2735 2012 2779 v.
2039 2735 2131 2799 gr.
2172 2715 2280 2796 qui
2311 2715 2658 2798 generatim
2691 2717 2886 2782 credit
2908 2719 3092 2801 quid*

617 2817 765 2900 quid
798 2818 966 2881 Deus
997 2816 1298 2881 revelavit
1334 2819 1446 2881 aut
1476 2816 1775 2899 quidquid
1804 2817 2076 2881 Ecclesia
2109 2816 2478 2881 credendum
2523 2819 2836 2900 proponit.

726 2961 781 3013 ll.
823 2962 1066 3025 Respond.
1116 2963 1157 3012 l.
1195 2958 1490 3012 Necessitate
1528 2958 1675 3012 medii
1714 2957 1987 3012 necessaria
2028 2966 2140 3011 sunt
2178 2962 2297 3011 baec
2338 2961 2464 3011 duo:
2501 2960 2541 3012 l.
2576 2957 2810 3024 explicite
2850 2962 3071 3026 credere,

622 3046 773 3097 Deum
802 3060 909 3100 esse
937 3052 983 3097 et
1010 3050 1419 3098 remuneratorem
1459 3047 1695 3096 bonorum
1722 3058 1847 3105 0330,
1873 3042 2008 3096 iuxta
2046 3042 2168 3095 illud
2200 3041 2424 3108 Apostoli
2463 3044 2522 3095 1111
2552 3044 2696 3096 Hebr.
2726 3044 2812 3096 xl.
2843 3043 3078 3100 Credere

615 3133 826 3198 oportet
850 3134 942 3181 etc.
969 3128 1104 3182 Trid.
1128 3142 1248 3182 sess.
1277 3132 1326 3182 6.
1353 3143 1396 3181 0.
1424 3131 1497 3181 8.:
1526 3130 1574 3180 2.
1603 3135 1714 3194 post
1739 3127 2061 3181 sufficientem
2102 3125 2353 3190 Evangelii
2391 3127 2848 3194 promulgationem,
2874 3132 3076 3183 credere

612 3213 855 3280 explicite,
890 3220 941 3270 ut
980 3218 1084 3267 vult
1108 3216 1219 3267 Mol.
1249 3220 1333 3266 aut
1359 3217 1531 3266 saltem
1567 3212 1817 3279 implicite,
1846 3220 1899 3267 ut
1938 3212 2261 3279 probabiliter
2297 3210 2493 3277 quidam
2532 3214 2711 3267 docent
2735 3228 2849 3266 cum
2875 3213 2999 3268 Con.
3023 3223 3072 3268 01

612 3301 799 3364 haym„
821 3298 1072 3354 Christum
1098 3306 1146 3353 01
1171 3298 1523 3352 sanctissimam
1548 3297 1853 3352 Trinitatem.
1877 3297 1993 3352 Vid.
2023 3299 2200 3351 Escob.
2222 3300 2311 3350 Ex.
2336 3298 2382 3348 2.
2406 3311 2451 3351 0.
2471 3299 2520 3350 9.
2544 3311 2590 3349 11.
2616 3300 2700 3351 20.
2722 3297 2804 3350 11111
2832 3311 2892 3350 ex
2915 3299 3065 3363 Vasq.

616 3387 660 3438 1.
685 3387 731 3438 2.
752 3386 798 3437 11.
830 3387 947 3437 126.
974 3401 1016 3438 0.
1045 3385 1093 3436 3.
1113 3386 1256 3438 docet
1282 3383 1574 3450 culpabilem
1600 3382 1921 3447 ignorantiam
1950 3386 2124 3436 borum
2148 3380 2495 3446 mysteriorum
2523 3380 2630 3434 sive
2650 3380 2988 3444 negligentiam
3011 3395 3065 3433 ea

608 3467 827 3522 discendi
864 3484 971 3522 esse
1009 3483 1159 3532 grave
1198 3476 1464 3535 peccatum,
1495 3466 1775 3520 distinctum
1816 3472 1876 3519 ab
1916 3483 1991 3528 00,
2019 3465 2160 3519 0111113
2199 3473 2273 3520 031
2312 3481 2475 3519 causa.
2519 3467 2580 3516 V.
2623 3464 2764 3516 Dian.
2794 3479 2837 3528 p.
2879 3466 2925 3515 3.
2953 3471 2986 3515 t.
3016 3465 3064 3516 5.

608 3566 647 3606 r.
677 3553 760 3607 47.
788 3561 834 3606 et
865 3555 946 3606 48.

716 3640 868 3691 Porro
895 3636 1128 3704 implicite
1154 3639 1356 3691 credere
1381 3636 1575 3698 dicitur,
1594 3636 1676 3701 qui
1701 3637 1858 3690 0101111
1883 3635 2060 3701 aliquid
2089 3634 2339 3701 explicite,
2366 3632 2414 3684 in
2443 3646 2541 3696 quo
2580 3633 2787 3684 alterum
2827 3629 3064 3696 implicite

605 3728 705 3774 est:
736 3735 781 3774 v.
808 3736 879 3784 gr.
907 3720 947 3774 si
973 3725 1156 3782 01011113,
1189 3736 1286 3786 quo
1323 3720 1481 3775 credit
1519 3721 1753 3776 Ecclesia.
1783 3723 1844 3774 V.
1872 3719 2202 3774 scholasticos
2238 3724 2287 3771 01
2325 3719 2491 3781 Laym.
2518 3716 2550 3768 l.
2583 3717 2631 3767 2.
2658 3720 2718 3768 tr.
2758 3716 2795 3766 Ι.
2823 3729 2866 3767 e.
2897 3717 2949 3767 8.

693 3840 759 3913 6.
794 3842 1009 3923 Quoad
1039 3845 1149 3908 illa
1173 3844 1295 3908 duo
1328 3845 1515 3908 habes
1548 3845 1732 3908 verba
1757 3844 1937 3908 Pauli
1964 3843 2150 3906 Hebr.
2178 3840 2288 3903 XI.
2320 3839 2416 3902 6.:
2458 3862 2493 3895 «
2520 3836 2670 3900 Sine
2704 3836 2828 3916 fide
2852 3843 3062 3903 autem

602 3945 975 4027 impossibile
1008 3946 1361 4026 estplacere
1392 3946 1561 4020 Deo:
1585 3945 1830 4010 credere
1864 3945 2030 4007 enim
2059 3944 2296 4021 oportet
2312 3938 2699 4003 accedentem
2720 3939 2810 4003 ad
2828 3940 3055 4015 Deum,

598 4051 747 4129 quia
778 4053 871 4113 est
898 4053 959 4113 et
990 4049 1448 4130 inquirentibus
1478 4067 1541 4113 se
1579 4049 2009 4112 remunerator
2037 4046 2139 4107 sit.
2178 4040 2431 4107 Accedit
2468 4040 2793 4106 damnatio
2838 4062 3054 4126 propo-

595 4151 838 4216 sitionis
889 4154 992 4216 22.
1044 4153 1121 4216 ab
1169 4152 1523 4217 Innocentio
1571 4151 1716 4214 XL:
1766 4148 2023 4212 nonnisi
2067 4145 2224 4226 fides
2278 4142 2475 4207 unius
2523 4142 2655 4209 Dei
2700 4145 3054 4208 necessaria

595 4253 838 4318 videtur
862 4256 1220 4318 necessitate
1246 4254 1450 4327 medii,
1478 4274 1601 4317 non
1632 4255 1838 4315 autem
1861 4249 2154 4329 explicita
2186 4248 2695 4312 remuneratoris.
2723 4246 2880 4311 Sane
2901 4246 3056 4313 fides

595 4356 707 4421 Dei
740 4356 1218 4421 remuneratoris
1255 4356 1623 4439 requiritur3
1666 4354 1812 4436 quia.
1851 4353 1913 4418 in
1945 4373 2016 4418 ea
2046 4349 2347 4416 fundatur
2385 4368 2521 4433 spes
2569 4350 2782 4415 veniae
2821 4352 2884 4412 et
2915 4349 3053 4415 bea·

592 4460 913 4524 titudinis:
950 4461 1077 4524 sine
1117 4479 1221 4545 spe
1252 4461 1462 4524 autem
1495 4457 1668 4521 homo
1700 4476 1827 4520 non
1857 4454 2173 4520 accederet
2209 4455 2284 4519 ad
2325 4454 2549 4519 Deum.

681 4561 857 4642 Quod
904 4565 1142 4646 spectat
1189 4562 1263 4626 ad
1310 4561 1491 4625 fidem
1553 4558 1905 4643 explicitam
1965 4557 2294 4624 Trinitatis
2342 4559 2405 4622 et
2453 4555 2926 4629 Incarnationis,
2974 4575 3046 4620 ex
