<?xml version="1.0" encoding="UTF-8"?>
<!DOCTYPE html PUBLIC "-//W3C//DTD XHTML 1.0 Transitional//EN"
    "http://www.w3.org/TR/xhtml1/DTD/xhtml1-transitional.dtd">
<html xmlns="http://www.w3.org/1999/xhtml" xml:lang="en" lang="en">
 <head>
  <title>
</title>
<meta http-equiv="Content-Type" content="text/html;charset=utf-8" />
  <meta name='ocr-system' content='tesseract 3.04.00' />
  <meta name='ocr-capabilities' content='ocr_page ocr_carea ocr_par ocr_line ocrx_word'/>
</head>
<body>
  <div class='ocr_page' id='page_1' title='image "./opustheologicum00ballgoog/opustheologicum00ballgoog_0872.png"; bbox 0 0 3497 5147; ppageno 0'>
   <div class='ocr_carea' id='block_1_1' title="bbox 382 336 2855 412">
    <p class='ocr_par' dir='ltr' id='par_1_1' title="bbox 382 336 2855 412">
     <span class='ocr_line' id='line_1_1' title="bbox 382 336 2855 412; baseline 0.008 -23"><span class='ocrx_word' id='word_1_1' title='bbox 382 336 564 412; x_wconf 82' lang='lat'>[1154]</span> <span class='ocrx_word' id='word_1_2' title='bbox 1130 352 1216 390; x_wconf 75' lang='lat' dir='ltr'>Dm</span> <span class='ocrx_word' id='word_1_3' title='bbox 1255 352 1703 397; x_wconf 63' lang='lat' dir='ltr'>ananum-run</span> <span class='ocrx_word' id='word_1_4' title='bbox 1742 360 1860 400; x_wconf 78' lang='lat' dir='ltr'>PRA</span> <span class='ocrx_word' id='word_1_5' title='bbox 1869 362 2100 405; x_wconf 71' lang='grc' dir='ltr'><strong>11011πο</strong></span> <span class='ocrx_word' id='word_1_6' title='bbox 2746 355 2855 409; x_wconf 72' lang='grc'>865</span> 
     </span>
    </p>
   </div>
   <div class='ocr_carea' id='block_1_2' title="bbox 378 444 2854 1250">
    <p class='ocr_par' dir='ltr' id='par_1_2' title="bbox 378 444 2854 1250">
     <span class='ocr_line' id='line_1_2' title="bbox 476 444 2850 546; baseline 0.008 -37"><span class='ocrx_word' id='word_1_7' title='bbox 476 444 664 518; x_wconf 83' lang='grc'><strong>1153.</strong></span> <span class='ocrx_word' id='word_1_8' title='bbox 714 446 887 511; x_wconf 88' lang='lat' dir='ltr'>Adde</span> <span class='ocrx_word' id='word_1_9' title='bbox 931 448 1317 531; x_wconf 87' lang='lat' dir='ltr'>respondisse</span> <span class='ocrx_word' id='word_1_10' title='bbox 1364 469 1413 513; x_wconf 93' lang='lat' dir='ltr'>s.</span> <span class='ocrx_word' id='word_1_11' title='bbox 1462 451 2014 523; x_wconf 88' lang='lat' dir='ltr'>Poenitentiariam</span> <span class='ocrx_word' id='word_1_12' title='bbox 2066 460 2168 526; x_wconf 88' lang='grc'>19.</span> <span class='ocrx_word' id='word_1_13' title='bbox 2201 462 2327 526; x_wconf 87' lang='grc'><strong>1311.</strong></span> <span class='ocrx_word' id='word_1_14' title='bbox 2367 462 2556 526; x_wconf 87' lang='grc'><strong>1834.</strong></span> <span class='ocrx_word' id='word_1_15' title='bbox 2599 489 2633 521; x_wconf 85' lang='lat'>«</span> <span class='ocrx_word' id='word_1_16' title='bbox 2672 483 2850 546; x_wconf 89' lang='lat' dir='ltr'>posse</span> 
     </span>
     <span class='ocr_line' id='line_1_3' title="bbox 383 551 2853 651; baseline 0.007 -36"><span class='ocrx_word' id='word_1_17' title='bbox 383 551 682 635; x_wconf 74' lang='grc'><strong>1191301113,</strong></span> <span class='ocrx_word' id='word_1_18' title='bbox 722 570 882 632; x_wconf 88' lang='grc'><strong>(11139</strong></span> <span class='ocrx_word' id='word_1_19' title='bbox 930 552 1076 615; x_wconf 91' lang='lat' dir='ltr'>sunt</span> <span class='ocrx_word' id='word_1_20' title='bbox 1123 551 1185 615; x_wconf 92' lang='lat' dir='ltr'>in</span> <span class='ocrx_word' id='word_1_21' title='bbox 1219 554 1529 634; x_wconf 71' lang='lat' dir='ltr'>potestate</span> <span class='ocrx_word' id='word_1_22' title='bbox 1562 557 2053 640; x_wconf 79' lang='lat' dir='ltr'>patrisfamilias,</span> <span class='ocrx_word' id='word_1_23' title='bbox 2093 565 2193 629; x_wconf 90' lang='grc'><strong>9111</strong></span> <span class='ocrx_word' id='word_1_24' title='bbox 2225 564 2392 629; x_wconf 90' lang='lat' dir='ltr'>facta</span> <span class='ocrx_word' id='word_1_25' title='bbox 2426 568 2521 630; x_wconf 90' lang='lat' dir='ltr'>est</span> <span class='ocrx_word' id='word_1_26' title='bbox 2566 567 2853 651; x_wconf 88' lang='lat' dir='ltr'>legitima</span> 
     </span>
     <span class='ocr_line' id='line_1_4' title="bbox 381 653 2854 751; baseline 0.006 -32"><span class='ocrx_word' id='word_1_27' title='bbox 381 654 652 719; x_wconf 82' lang='lat' dir='ltr'>facultas</span> <span class='ocrx_word' id='word_1_28' title='bbox 683 653 898 718; x_wconf 89' lang='lat' dir='ltr'>edendi</span> <span class='ocrx_word' id='word_1_29' title='bbox 945 672 1177 729; x_wconf 88' lang='lat' dir='ltr'>carnes,</span> <span class='ocrx_word' id='word_1_30' title='bbox 1210 656 1491 738; x_wconf 80' lang='lat' dir='ltr'>permitti</span> <span class='ocrx_word' id='word_1_31' title='bbox 1522 659 1617 722; x_wconf 90' lang='lat' dir='ltr'>uti</span> <span class='ocrx_word' id='word_1_32' title='bbox 1649 661 1803 726; x_wconf 82' lang='lat' dir='ltr'>cibis</span> <span class='ocrx_word' id='word_1_33' title='bbox 1841 666 2312 746; x_wconf 86' lang='lat' dir='ltr'>patrisfamilias</span> <span class='ocrx_word' id='word_1_34' title='bbox 2343 667 2604 732; x_wconf 89' lang='lat' dir='ltr'>indultis</span> <span class='ocrx_word' id='word_1_35' title='bbox 2652 669 2854 751; x_wconf 90' lang='lat' dir='ltr'>(dum-</span> 
     </span>
     <span class='ocr_line' id='line_1_5' title="bbox 379 755 2852 853; baseline 0.006 -32"><span class='ocrx_word' id='word_1_36' title='bbox 379 756 565 821; x_wconf 90' lang='lat' dir='ltr'>modo</span> <span class='ocrx_word' id='word_1_37' title='bbox 622 756 779 820; x_wconf 90' lang='lat' dir='ltr'>alias</span> <span class='ocrx_word' id='word_1_38' title='bbox 834 755 1218 821; x_wconf 90' lang='lat' dir='ltr'>conditiones</span> <span class='ocrx_word' id='word_1_39' title='bbox 1264 757 1483 822; x_wconf 91' lang='lat' dir='ltr'>ieiunii</span> <span class='ocrx_word' id='word_1_40' title='bbox 1535 765 1812 847; x_wconf 86' lang='lat' dir='ltr'>servent)</span> <span class='ocrx_word' id='word_1_41' title='bbox 1868 789 1938 829; x_wconf 89' lang='lat'>&gt;›:</span> <span class='ocrx_word' id='word_1_42' title='bbox 1995 767 2338 833; x_wconf 83' lang='lat' dir='ltr'>declarasse</span> <span class='ocrx_word' id='word_1_43' title='bbox 2391 771 2623 846; x_wconf 88' lang='lat' dir='ltr'>tamen,</span> <span class='ocrx_word' id='word_1_44' title='bbox 2685 772 2852 853; x_wconf 89' lang='lat' dir='ltr'>quod</span> 
     </span>
     <span class='ocr_line' id='line_1_6' title="bbox 388 857 2846 956; baseline 0.009 -39"><span class='ocrx_word' id='word_1_45' title='bbox 388 884 425 917; x_wconf 80' lang='lat'>‹</span> <span class='ocrx_word' id='word_1_46' title='bbox 460 858 624 924; x_wconf 89' lang='lat' dir='ltr'>ratio</span> <span class='ocrx_word' id='word_1_47' title='bbox 656 857 1079 941; x_wconf 86' lang='lat' dir='ltr'>permissionis</span> <span class='ocrx_word' id='word_1_48' title='bbox 1125 878 1247 924; x_wconf 89' lang='lat' dir='ltr'>non</span> <span class='ocrx_word' id='word_1_49' title='bbox 1286 861 1383 924; x_wconf 90' lang='lat' dir='ltr'>est</span> <span class='ocrx_word' id='word_1_50' title='bbox 1427 860 1743 928; x_wconf 89' lang='lat' dir='ltr'>indultum</span> <span class='ocrx_word' id='word_1_51' title='bbox 1776 868 2268 949; x_wconf 85' lang='lat' dir='ltr'>patrisfamilias,</span> <span class='ocrx_word' id='word_1_52' title='bbox 2319 871 2422 935; x_wconf 91' lang='lat' dir='ltr'>sed</span> <span class='ocrx_word' id='word_1_53' title='bbox 2454 872 2846 956; x_wconf 84' lang='lat' dir='ltr'>impotentia,</span> 
     </span>
     <span class='ocr_line' id='line_1_7' title="bbox 378 961 2848 1057; baseline 0.006 -32"><span class='ocrx_word' id='word_1_54' title='bbox 378 962 443 1026; x_wconf 91' lang='lat' dir='ltr'>in</span> <span class='ocrx_word' id='word_1_55' title='bbox 503 981 628 1044; x_wconf 90' lang='lat' dir='ltr'>qua</span> <span class='ocrx_word' id='word_1_56' title='bbox 680 962 1012 1025; x_wconf 85' lang='lat' dir='ltr'>versantur</span> <span class='ocrx_word' id='word_1_57' title='bbox 1064 961 1455 1027; x_wconf 88' lang='lat' dir='ltr'>filiifamilias</span> <span class='ocrx_word' id='word_1_58' title='bbox 1504 965 1870 1033; x_wconf 85' lang='lat' dir='ltr'>observandi</span> <span class='ocrx_word' id='word_1_59' title='bbox 1917 973 2312 1055; x_wconf 89' lang='lat' dir='ltr'>praeceptum</span> <span class='ocrx_word' id='word_1_60' title='bbox 2345 998 2407 1037; x_wconf 81' lang='lat'>».</span> <span class='ocrx_word' id='word_1_61' title='bbox 2457 973 2640 1057; x_wconf 85' lang='lat' dir='ltr'>Apud</span> <span class='ocrx_word' id='word_1_62' title='bbox 2687 976 2848 1040; x_wconf 90' lang='lat' dir='ltr'>Acta</span> 
     </span>
     <span class='ocr_line' id='line_1_8' title="bbox 382 1062 2848 1154; baseline 0.005 -26"><span class='ocrx_word' id='word_1_63' title='bbox 382 1083 431 1128; x_wconf 91' lang='grc'>3.</span> <span class='ocrx_word' id='word_1_64' title='bbox 472 1062 664 1128; x_wconf 88' lang='lat' dir='ltr'>Sedis.</span> <span class='ocrx_word' id='word_1_65' title='bbox 698 1063 776 1126; x_wconf 90' lang='lat' dir='ltr'>V.</span> <span class='ocrx_word' id='word_1_66' title='bbox 814 1064 871 1127; x_wconf 90' lang='lat'>1.</span> <span class='ocrx_word' id='word_1_67' title='bbox 909 1084 967 1145; x_wconf 92' lang='lat' dir='ltr'>p.</span> <span class='ocrx_word' id='word_1_68' title='bbox 1003 1063 1153 1128; x_wconf 84' lang='lat'><strong>425.</strong></span> <span class='ocrx_word' id='word_1_69' title='bbox 1188 1064 1374 1149; x_wconf 89' lang='lat' dir='ltr'>Ergo,</span> <span class='ocrx_word' id='word_1_70' title='bbox 1424 1070 1702 1133; x_wconf 84' lang='lat' dir='ltr'>cessante</span> <span class='ocrx_word' id='word_1_71' title='bbox 1747 1070 2140 1154; x_wconf 89' lang='lat' dir='ltr'>impotentia,</span> <span class='ocrx_word' id='word_1_72' title='bbox 2187 1094 2309 1139; x_wconf 91' lang='lat' dir='ltr'>non</span> <span class='ocrx_word' id='word_1_73' title='bbox 2358 1076 2453 1140; x_wconf 89' lang='lat' dir='ltr'>est</span> <span class='ocrx_word' id='word_1_74' title='bbox 2482 1077 2658 1141; x_wconf 89' lang='lat' dir='ltr'>locus</span> <span class='ocrx_word' id='word_1_75' title='bbox 2702 1078 2848 1141; x_wconf 90' lang='lat' dir='ltr'>huic</span> 
     </span>
     <span class='ocr_line' id='line_1_9' title="bbox 383 1184 790 1250; baseline -0.002 -20"><span class='ocrx_word' id='word_1_76' title='bbox 383 1184 790 1250; x_wconf 79' lang='lat' dir='ltr'>permissiom.</span> 
     </span>
    </p>
   </div>
   <div class='ocr_carea' id='block_1_3' title="bbox 951 1340 2266 1539">
    <p class='ocr_par' dir='ltr' id='par_1_3' title="bbox 951 1340 2266 1539">
     <span class='ocr_line' id='line_1_10' title="bbox 1402 1340 1828 1408; baseline 0.014 -6"><span class='ocrx_word' id='word_1_77' title='bbox 1402 1340 1695 1405; x_wconf 70' lang='lat' dir='ltr'>suono</span> <span class='ocrx_word' id='word_1_78' title='bbox 1736 1344 1828 1408; x_wconf 88' lang='grc' dir='ltr'>Π.</span> 
     </span>
     <span class='ocr_line' id='line_1_11' title="bbox 951 1474 2266 1539; baseline 0.008 -11"><span class='ocrx_word' id='word_1_79' title='bbox 951 1476 981 1509; x_wconf 79' lang='grc'>*</span> <span class='ocrx_word' id='word_1_80' title='bbox 1004 1475 1111 1529; x_wconf 89' lang='lat' dir='ltr'>DE</span> <span class='ocrx_word' id='word_1_81' title='bbox 1136 1474 1420 1531; x_wconf 72' lang='lat' dir='ltr'><strong>ABSTIN</strong></span> <span class='ocrx_word' id='word_1_82' title='bbox 1425 1476 1528 1532; x_wconf 82' lang='lat' dir='ltr'>EN</span> <span class='ocrx_word' id='word_1_83' title='bbox 1532 1478 1719 1533; x_wconf 80' lang='lat' dir='ltr'>TIAE</span> <span class='ocrx_word' id='word_1_84' title='bbox 1742 1480 2206 1539; x_wconf 77' lang='lat' dir='ltr'>PRAEOEPTO</span> <span class='ocrx_word' id='word_1_85' title='bbox 2233 1487 2266 1518; x_wconf 52' lang='grc' dir='ltr'><strong><em>ὓ</em></strong></span> 
     </span>
    </p>
   </div>
   <div class='ocr_carea' id='block_1_4' title="bbox 368 1652 2846 4699">
    <p class='ocr_par' dir='ltr' id='par_1_4' title="bbox 381 1652 2846 1824">
     <span class='ocr_line' id='line_1_12' title="bbox 475 1652 2846 1740; baseline 0.004 -20"><span class='ocrx_word' id='word_1_86' title='bbox 475 1652 662 1727; x_wconf 78' lang='grc'><strong>1154.</strong></span> <span class='ocrx_word' id='word_1_87' title='bbox 694 1656 934 1721; x_wconf 86' lang='lat' dir='ltr'>Addere</span> <span class='ocrx_word' id='word_1_88' title='bbox 959 1655 1193 1737; x_wconf 91' lang='lat' dir='ltr'>aliquid</span> <span class='ocrx_word' id='word_1_89' title='bbox 1217 1654 1397 1720; x_wconf 87' lang='lat' dir='ltr'>iuvat</span> <span class='ocrx_word' id='word_1_90' title='bbox 1419 1655 1494 1719; x_wconf 92' lang='lat' dir='ltr'>de</span> <span class='ocrx_word' id='word_1_91' title='bbox 1525 1658 1850 1740; x_wconf 88' lang='lat' dir='ltr'>praecepto</span> <span class='ocrx_word' id='word_1_92' title='bbox 1884 1659 2294 1726; x_wconf 86' lang='lat' dir='ltr'>abstinentiae</span> <span class='ocrx_word' id='word_1_93' title='bbox 2320 1681 2356 1725; x_wconf 90' lang='lat' dir='ltr'>a</span> <span class='ocrx_word' id='word_1_94' title='bbox 2381 1662 2669 1728; x_wconf 89' lang='lat' dir='ltr'>carnibus</span> <span class='ocrx_word' id='word_1_95' title='bbox 2693 1663 2846 1729; x_wconf 86' lang='lat' dir='ltr'>feria</span> 
     </span>
     <span class='ocr_line' id='line_1_13' title="bbox 381 1758 970 1824; baseline -0.005 0"><span class='ocrx_word' id='word_1_96' title='bbox 381 1760 558 1824; x_wconf 86' lang='lat' dir='ltr'>sexta</span> <span class='ocrx_word' id='word_1_97' title='bbox 587 1758 653 1823; x_wconf 89' lang='lat' dir='ltr'>et</span> <span class='ocrx_word' id='word_1_98' title='bbox 688 1758 970 1823; x_wconf 88' lang='lat' dir='ltr'>sabbato.</span> 
     </span>
    </p>

    <p class='ocr_par' dir='ltr' id='par_1_5' title="bbox 375 1861 2846 2764">
     <span class='ocr_line' id='line_1_14' title="bbox 467 1861 2845 1947; baseline 0.002 -19"><span class='ocrx_word' id='word_1_99' title='bbox 467 1863 862 1929; x_wconf 87' lang='lat' dir='ltr'>Abstinentia</span> <span class='ocrx_word' id='word_1_100' title='bbox 885 1861 1072 1926; x_wconf 87' lang='lat' dir='ltr'>feriae</span> <span class='ocrx_word' id='word_1_101' title='bbox 1104 1864 1313 1926; x_wconf 85' lang='lat' dir='ltr'>sextae</span> <span class='ocrx_word' id='word_1_102' title='bbox 1337 1862 1402 1925; x_wconf 91' lang='lat' dir='ltr'>in</span> <span class='ocrx_word' id='word_1_103' title='bbox 1427 1862 1724 1927; x_wconf 84' lang='lat' dir='ltr'>honorem</span> <span class='ocrx_word' id='word_1_104' title='bbox 1751 1863 2112 1928; x_wconf 90' lang='lat' dir='ltr'>Dominicae</span> <span class='ocrx_word' id='word_1_105' title='bbox 2144 1866 2447 1947; x_wconf 89' lang='lat' dir='ltr'>passionis</span> <span class='ocrx_word' id='word_1_106' title='bbox 2470 1866 2725 1932; x_wconf 89' lang='lat' dir='ltr'>inducta</span> <span class='ocrx_word' id='word_1_107' title='bbox 2749 1871 2845 1933; x_wconf 90' lang='lat' dir='ltr'>est</span> 
     </span>
     <span class='ocr_line' id='line_1_15' title="bbox 380 1964 2845 2050; baseline 0.001 -18"><span class='ocrx_word' id='word_1_108' title='bbox 380 1966 819 2049; x_wconf 89' lang='lat' dir='ltr'>antiquissima</span> <span class='ocrx_word' id='word_1_109' title='bbox 849 1964 1310 2040; x_wconf 90' lang='lat' dir='ltr'>consuetudine,</span> <span class='ocrx_word' id='word_1_110' title='bbox 1359 1983 1519 2045; x_wconf 89' lang='lat' dir='ltr'>qnae</span> <span class='ocrx_word' id='word_1_111' title='bbox 1550 1965 1973 2031; x_wconf 84' lang='lat' dir='ltr'>verisimiliter</span> <span class='ocrx_word' id='word_1_112' title='bbox 2004 1967 2081 2030; x_wconf 90' lang='lat' dir='ltr'>ab</span> <span class='ocrx_word' id='word_1_113' title='bbox 2120 1968 2464 2050; x_wconf 90' lang='lat' dir='ltr'>apostolica</span> <span class='ocrx_word' id='word_1_114' title='bbox 2509 1968 2845 2035; x_wconf 85' lang='lat' dir='ltr'>traditione</span> 
     </span>
     <span class='ocr_line' id='line_1_16' title="bbox 380 2066 2846 2154; baseline 0.001 -20"><span class='ocrx_word' id='word_1_115' title='bbox 380 2070 683 2154; x_wconf 88' lang='lat' dir='ltr'>originem</span> <span class='ocrx_word' id='word_1_116' title='bbox 714 2066 886 2132; x_wconf 87' lang='lat' dir='ltr'>ducit</span> <span class='ocrx_word' id='word_1_117' title='bbox 923 2068 1111 2149; x_wconf 88' lang='lat' dir='ltr'>atque</span> <span class='ocrx_word' id='word_1_118' title='bbox 1149 2066 1299 2130; x_wconf 88' lang='lat' dir='ltr'>olim</span> <span class='ocrx_word' id='word_1_119' title='bbox 1329 2066 1631 2131; x_wconf 89' lang='lat' dir='ltr'>ieiunium</span> <span class='ocrx_word' id='word_1_120' title='bbox 1660 2086 1908 2149; x_wconf 91' lang='lat' dir='ltr'>quoque</span> <span class='ocrx_word' id='word_1_121' title='bbox 1956 2068 2319 2134; x_wconf 89' lang='lat' dir='ltr'>adiunctum</span> <span class='ocrx_word' id='word_1_122' title='bbox 2355 2070 2643 2136; x_wconf 90' lang='lat' dir='ltr'>habebat.</span> <span class='ocrx_word' id='word_1_123' title='bbox 2684 2070 2846 2137; x_wconf 89' lang='lat' dir='ltr'>Con-</span> 
     </span>
     <span class='ocr_line' id='line_1_17' title="bbox 378 2168 2846 2255; baseline 0.001 -20"><span class='ocrx_word' id='word_1_124' title='bbox 378 2171 771 2236; x_wconf 87' lang='lat' dir='ltr'>suetudinem</span> <span class='ocrx_word' id='word_1_125' title='bbox 802 2170 963 2234; x_wconf 85' lang='lat' dir='ltr'>hanc</span> <span class='ocrx_word' id='word_1_126' title='bbox 998 2169 1127 2234; x_wconf 79' lang='lat' dir='ltr'>vim</span> <span class='ocrx_word' id='word_1_127' title='bbox 1157 2168 1315 2253; x_wconf 90' lang='lat' dir='ltr'>legis</span> <span class='ocrx_word' id='word_1_128' title='bbox 1345 2168 1676 2234; x_wconf 88' lang='lat' dir='ltr'>habentem</span> <span class='ocrx_word' id='word_1_129' title='bbox 1709 2171 2006 2254; x_wconf 86' lang='lat' dir='ltr'>supponit</span> <span class='ocrx_word' id='word_1_130' title='bbox 2035 2172 2352 2237; x_wconf 88' lang='lat' dir='ltr'>Honorius</span> <span class='ocrx_word' id='word_1_131' title='bbox 2383 2174 2496 2239; x_wconf 88' lang='lat' dir='ltr'>IlI.</span> <span class='ocrx_word' id='word_1_132' title='bbox 2531 2194 2582 2238; x_wconf 91' lang='lat' dir='ltr'>c.</span> <span class='ocrx_word' id='word_1_133' title='bbox 2618 2174 2846 2255; x_wconf 64' lang='lat' dir='ltr'>Expli-</span> 
     </span>
     <span class='ocr_line' id='line_1_18' title="bbox 380 2271 2844 2359; baseline 0.002 -23"><span class='ocrx_word' id='word_1_134' title='bbox 380 2274 536 2346; x_wconf 82' lang='lat' dir='ltr'>oari,</span> <span class='ocrx_word' id='word_1_135' title='bbox 584 2271 659 2336; x_wconf 83' lang='lat' dir='ltr'>de</span> <span class='ocrx_word' id='word_1_136' title='bbox 714 2271 1154 2337; x_wconf 75' lang='lat' dir='ltr'>observatione</span> <span class='ocrx_word' id='word_1_137' title='bbox 1198 2271 1595 2335; x_wconf 73' lang='lat' dir='ltr'>ieiuniorum.</span> <span class='ocrx_word' id='word_1_138' title='bbox 1637 2297 1672 2330; x_wconf 64' lang='grc' dir='ltr'><strong>α</strong></span> <span class='ocrx_word' id='word_1_139' title='bbox 1705 2273 2172 2357; x_wconf 89' lang='lat' dir='ltr'>Respondemus</span> <span class='ocrx_word' id='word_1_140' title='bbox 2217 2275 2385 2357; x_wconf 88' lang='lat' dir='ltr'>quod</span> <span class='ocrx_word' id='word_1_141' title='bbox 2432 2277 2545 2354; x_wconf 89' lang='lat' dir='ltr'>illi,</span> <span class='ocrx_word' id='word_1_142' title='bbox 2579 2278 2689 2359; x_wconf 89' lang='lat' dir='ltr'>qui</span> <span class='ocrx_word' id='word_1_143' title='bbox 2731 2298 2844 2343; x_wconf 91' lang='lat' dir='ltr'>nec</span> 
     </span>
     <span class='ocr_line' id='line_1_19' title="bbox 379 2373 2844 2459; baseline 0.002 -19"><span class='ocrx_word' id='word_1_144' title='bbox 379 2376 529 2440; x_wconf 86' lang='lat' dir='ltr'>voto</span> <span class='ocrx_word' id='word_1_145' title='bbox 566 2394 676 2439; x_wconf 90' lang='lat' dir='ltr'>nec</span> <span class='ocrx_word' id='word_1_146' title='bbox 706 2374 981 2459; x_wconf 89' lang='lat' dir='ltr'>regulari</span> <span class='ocrx_word' id='word_1_147' title='bbox 1013 2373 1409 2438; x_wconf 87' lang='lat' dir='ltr'>observantia</span> <span class='ocrx_word' id='word_1_148' title='bbox 1444 2377 1592 2439; x_wconf 90' lang='lat' dir='ltr'>sunt</span> <span class='ocrx_word' id='word_1_149' title='bbox 1630 2374 1934 2455; x_wconf 88' lang='lat' dir='ltr'>adstricti,</span> <span class='ocrx_word' id='word_1_150' title='bbox 1981 2377 2046 2441; x_wconf 91' lang='lat' dir='ltr'>in</span> <span class='ocrx_word' id='word_1_151' title='bbox 2080 2380 2252 2443; x_wconf 87' lang='lat' dir='ltr'>sexta</span> <span class='ocrx_word' id='word_1_152' title='bbox 2298 2378 2473 2457; x_wconf 87' lang='lat' dir='ltr'>feria,</span> <span class='ocrx_word' id='word_1_153' title='bbox 2512 2380 2565 2444; x_wconf 92' lang='lat' dir='ltr'>si</span> <span class='ocrx_word' id='word_1_154' title='bbox 2610 2380 2844 2445; x_wconf 88' lang='lat' dir='ltr'>festum</span> 
     </span>
     <span class='ocr_line' id='line_1_20' title="bbox 375 2476 2844 2571; baseline 0.002 -29"><span class='ocrx_word' id='word_1_155' title='bbox 375 2477 436 2542; x_wconf 91' lang='lat' dir='ltr'>N</span> <span class='ocrx_word' id='word_1_156' title='bbox 440 2477 756 2543; x_wconf 86' lang='lat' dir='ltr'>ativitatis</span> <span class='ocrx_word' id='word_1_157' title='bbox 792 2476 1137 2541; x_wconf 89' lang='lat' dir='ltr'>dominicae</span> <span class='ocrx_word' id='word_1_158' title='bbox 1174 2476 1271 2539; x_wconf 91' lang='lat' dir='ltr'>die</span> <span class='ocrx_word' id='word_1_159' title='bbox 1302 2476 1437 2558; x_wconf 89' lang='lat' dir='ltr'>ipso</span> <span class='ocrx_word' id='word_1_160' title='bbox 1470 2476 1674 2540; x_wconf 87' lang='lat' dir='ltr'>venire</span> <span class='ocrx_word' id='word_1_161' title='bbox 1705 2479 2059 2563; x_wconf 88' lang='lat' dir='ltr'>contigerit,</span> <span class='ocrx_word' id='word_1_162' title='bbox 2094 2480 2380 2546; x_wconf 89' lang='lat' dir='ltr'>carnibus</span> <span class='ocrx_word' id='word_1_163' title='bbox 2416 2483 2669 2564; x_wconf 86' lang='lat' dir='ltr'>propter</span> <span class='ocrx_word' id='word_1_164' title='bbox 2696 2481 2844 2571; x_wconf 75' lang='lat' dir='ltr'>sesti</span> 
     </span>
     <span class='ocr_line' id='line_1_21' title="bbox 377 2579 2839 2670; baseline 0.002 -24"><span class='ocrx_word' id='word_1_165' title='bbox 377 2581 803 2646; x_wconf 83' lang='lat' dir='ltr'>excellentiam</span> <span class='ocrx_word' id='word_1_166' title='bbox 820 2580 984 2643; x_wconf 84' lang='lat' dir='ltr'>vesei</span> <span class='ocrx_word' id='word_1_167' title='bbox 1001 2579 1283 2661; x_wconf 89' lang='lat' dir='ltr'>possunt,</span> <span class='ocrx_word' id='word_1_168' title='bbox 1310 2579 1647 2645; x_wconf 88' lang='lat' dir='ltr'>secundum</span> <span class='ocrx_word' id='word_1_169' title='bbox 1664 2583 2173 2649; x_wconf 88' lang='lat' dir='ltr'>consuetudinem</span> <span class='ocrx_word' id='word_1_170' title='bbox 2188 2585 2497 2650; x_wconf 83' lang='lat' dir='ltr'>Ecclesiae</span> <span class='ocrx_word' id='word_1_171' title='bbox 2513 2586 2839 2670; x_wconf 85' lang='lat' dir='ltr'>generalis.</span> 
     </span>
     <span class='ocr_line' id='line_1_22' title="bbox 376 2681 2839 2764; baseline 0.002 -16"><span class='ocrx_word' id='word_1_172' title='bbox 376 2681 437 2747; x_wconf 89' lang='lat' dir='ltr'>N</span> <span class='ocrx_word' id='word_1_173' title='bbox 439 2701 505 2748; x_wconf 88' lang='lat' dir='ltr'>ec</span> <span class='ocrx_word' id='word_1_174' title='bbox 529 2684 739 2747; x_wconf 89' lang='lat' dir='ltr'>tamen</span> <span class='ocrx_word' id='word_1_175' title='bbox 762 2681 1239 2764; x_wconf 88' lang='lat' dir='ltr'>reprehendendi</span> <span class='ocrx_word' id='word_1_176' title='bbox 1263 2683 1428 2758; x_wconf 89' lang='lat' dir='ltr'>sunt,</span> <span class='ocrx_word' id='word_1_177' title='bbox 1456 2683 1565 2763; x_wconf 87' lang='lat' dir='ltr'>qui</span> <span class='ocrx_word' id='word_1_178' title='bbox 1590 2683 1668 2747; x_wconf 93' lang='lat' dir='ltr'>ob</span> <span class='ocrx_word' id='word_1_179' title='bbox 1693 2683 2086 2751; x_wconf 83' lang='lat' dir='ltr'>devotionem</span> <span class='ocrx_word' id='word_1_180' title='bbox 2109 2688 2422 2753; x_wconf 84' lang='lat' dir='ltr'>voluerint</span> <span class='ocrx_word' id='word_1_181' title='bbox 2445 2688 2752 2754; x_wconf 87' lang='lat' dir='ltr'>abstinere</span> <span class='ocrx_word' id='word_1_182' title='bbox 2775 2713 2839 2753; x_wconf 83' lang='lat'>».</span> 
     </span>
    </p>

    <p class='ocr_par' dir='ltr' id='par_1_6' title="bbox 368 2782 2845 4407">
     <span class='ocr_line' id='line_1_23' title="bbox 464 2782 2839 2874; baseline 0.003 -25"><span class='ocrx_word' id='word_1_183' title='bbox 464 2782 863 2849; x_wconf 86' lang='lat' dir='ltr'>Abstinentia</span> <span class='ocrx_word' id='word_1_184' title='bbox 907 2782 1005 2846; x_wconf 90' lang='lat' dir='ltr'>die</span> <span class='ocrx_word' id='word_1_185' title='bbox 1051 2782 1299 2847; x_wconf 89' lang='lat' dir='ltr'>sabbati</span> <span class='ocrx_word' id='word_1_186' title='bbox 1330 2783 1391 2847; x_wconf 92' lang='lat' dir='ltr'>in</span> <span class='ocrx_word' id='word_1_187' title='bbox 1430 2783 1630 2848; x_wconf 89' lang='lat' dir='ltr'>latina</span> <span class='ocrx_word' id='word_1_188' title='bbox 1668 2785 1944 2851; x_wconf 87' lang='lat' dir='ltr'>Ecclesia</span> <span class='ocrx_word' id='word_1_189' title='bbox 1981 2789 2419 2871; x_wconf 89' lang='lat' dir='ltr'>antiquissima</span> <span class='ocrx_word' id='word_1_190' title='bbox 2450 2792 2545 2855; x_wconf 89' lang='lat' dir='ltr'>est</span> <span class='ocrx_word' id='word_1_191' title='bbox 2576 2791 2641 2854; x_wconf 90' lang='lat' dir='ltr'>et</span> <span class='ocrx_word' id='word_1_192' title='bbox 2677 2790 2839 2874; x_wconf 90' lang='lat' dir='ltr'>apud</span> 
     </span>
     <span class='ocr_line' id='line_1_24' title="bbox 373 2884 2845 2972; baseline 0.002 -19"><span class='ocrx_word' id='word_1_193' title='bbox 373 2908 488 2954; x_wconf 89' lang='lat' dir='ltr'>nos</span> <span class='ocrx_word' id='word_1_194' title='bbox 520 2888 650 2953; x_wconf 88' lang='lat' dir='ltr'>vim</span> <span class='ocrx_word' id='word_1_195' title='bbox 686 2887 844 2972; x_wconf 85' lang='lat' dir='ltr'>legis</span> <span class='ocrx_word' id='word_1_196' title='bbox 892 2886 1129 2951; x_wconf 91' lang='lat' dir='ltr'>iamdiu</span> <span class='ocrx_word' id='word_1_197' title='bbox 1161 2886 1454 2951; x_wconf 89' lang='lat' dir='ltr'>obtinuit.</span> <span class='ocrx_word' id='word_1_198' title='bbox 1490 2884 1557 2951; x_wconf 81' lang='lat' dir='ltr'>O.</span> <span class='ocrx_word' id='word_1_199' title='bbox 1604 2889 1769 2968; x_wconf 76' lang='lat' dir='ltr'>Quia</span> <span class='ocrx_word' id='word_1_200' title='bbox 1791 2888 1866 2952; x_wconf 82' lang='lat' dir='ltr'>de</span> <span class='ocrx_word' id='word_1_201' title='bbox 1899 2887 2186 2957; x_wconf 69' lang='lat' dir='ltr'>Gon-seer.</span> <span class='ocrx_word' id='word_1_202' title='bbox 2220 2892 2364 2959; x_wconf 90' lang='lat' dir='ltr'>dist.</span> <span class='ocrx_word' id='word_1_203' title='bbox 2401 2896 2461 2958; x_wconf 86' lang='lat'>5.</span> <span class='ocrx_word' id='word_1_204' title='bbox 2498 2894 2591 2959; x_wconf 92' lang='lat' dir='ltr'>ait</span> <span class='ocrx_word' id='word_1_205' title='bbox 2619 2913 2669 2958; x_wconf 90' lang='grc'>3.</span> <span class='ocrx_word' id='word_1_206' title='bbox 2696 2893 2845 2960; x_wconf 81' lang='lat' dir='ltr'>Gre-</span> 
     </span>
     <span class='ocr_line' id='line_1_25' title="bbox 374 2988 2844 3076; baseline 0.002 -21"><span class='ocrx_word' id='word_1_207' title='bbox 374 2990 590 3076; x_wconf 87' lang='lat' dir='ltr'>gorius</span> <span class='ocrx_word' id='word_1_208' title='bbox 628 2989 805 3053; x_wconf 86' lang='lat' dir='ltr'><strong>VII.:</strong></span> <span class='ocrx_word' id='word_1_209' title='bbox 844 3013 880 3048; x_wconf 64' lang='grc' dir='ltr'><strong>α</strong></span> <span class='ocrx_word' id='word_1_210' title='bbox 912 2988 1062 3072; x_wconf 89' lang='lat' dir='ltr'>quia</span> <span class='ocrx_word' id='word_1_211' title='bbox 1091 2988 1221 3054; x_wconf 90' lang='lat' dir='ltr'>dies</span> <span class='ocrx_word' id='word_1_212' title='bbox 1254 2989 1500 3054; x_wconf 89' lang='lat' dir='ltr'>sabbati</span> <span class='ocrx_word' id='word_1_213' title='bbox 1548 2990 1711 3073; x_wconf 90' lang='lat' dir='ltr'>apud</span> <span class='ocrx_word' id='word_1_214' title='bbox 1742 2996 1993 3058; x_wconf 88' lang='lat' dir='ltr'>sanctos</span> <span class='ocrx_word' id='word_1_215' title='bbox 2024 2993 2243 3059; x_wconf 88' lang='lat' dir='ltr'>Patres</span> <span class='ocrx_word' id='word_1_216' title='bbox 2273 2997 2521 3061; x_wconf 90' lang='lat' dir='ltr'>nostros</span> <span class='ocrx_word' id='word_1_217' title='bbox 2552 2997 2615 3059; x_wconf 93' lang='lat' dir='ltr'>in</span> <span class='ocrx_word' id='word_1_218' title='bbox 2655 2997 2844 3061; x_wconf 88' lang='lat' dir='ltr'>absti-</span> 
     </span>
     <span class='ocr_line' id='line_1_26' title="bbox 373 3091 2843 3180; baseline 0.002 -23"><span class='ocrx_word' id='word_1_219' title='bbox 373 3093 587 3158; x_wconf 88' lang='lat' dir='ltr'>nentia</span> <span class='ocrx_word' id='word_1_220' title='bbox 630 3092 886 3158; x_wconf 87' lang='lat' dir='ltr'>celebris</span> <span class='ocrx_word' id='word_1_221' title='bbox 916 3092 1015 3156; x_wconf 88' lang='lat' dir='ltr'>est</span> <span class='ocrx_word' id='word_1_222' title='bbox 1041 3091 1317 3169; x_wconf 80' lang='lat' dir='ltr'>habituS,</span> <span class='ocrx_word' id='word_1_223' title='bbox 1358 3110 1472 3157; x_wconf 90' lang='grc'><strong>1103</strong></span> <span class='ocrx_word' id='word_1_224' title='bbox 1517 3094 1854 3159; x_wconf 88' lang='lat' dir='ltr'>eorundem</span> <span class='ocrx_word' id='word_1_225' title='bbox 1892 3097 2334 3161; x_wconf 88' lang='lat' dir='ltr'>auctoritatem</span> <span class='ocrx_word' id='word_1_226' title='bbox 2370 3099 2713 3180; x_wconf 87' lang='lat' dir='ltr'>sequentes,</span> <span class='ocrx_word' id='word_1_227' title='bbox 2749 3117 2843 3164; x_wconf 89' lang='lat' dir='ltr'>sa-</span> 
     </span>
     <span class='ocr_line' id='line_1_27' title="bbox 374 3194 2841 3283; baseline 0.003 -25"><span class='ocrx_word' id='word_1_228' title='bbox 374 3194 637 3261; x_wconf 90' lang='lat' dir='ltr'>lubriter</span> <span class='ocrx_word' id='word_1_229' title='bbox 661 3195 1083 3272; x_wconf 88' lang='lat' dir='ltr'>admonemus,</span> <span class='ocrx_word' id='word_1_230' title='bbox 1117 3197 1193 3259; x_wconf 90' lang='lat' dir='ltr'>ut</span> <span class='ocrx_word' id='word_1_231' title='bbox 1215 3196 1589 3278; x_wconf 89' lang='lat' dir='ltr'>quicumque</span> <span class='ocrx_word' id='word_1_232' title='bbox 1620 3215 1685 3263; x_wconf 90' lang='lat' dir='ltr'>se</span> <span class='ocrx_word' id='word_1_233' title='bbox 1717 3197 2095 3264; x_wconf 86' lang='lat' dir='ltr'>christianae</span> <span class='ocrx_word' id='word_1_234' title='bbox 2125 3199 2444 3282; x_wconf 87' lang='lat' dir='ltr'>religionis</span> <span class='ocrx_word' id='word_1_235' title='bbox 2476 3201 2841 3283; x_wconf 88' lang='lat' dir='ltr'>participem</span> 
     </span>
     <span class='ocr_line' id='line_1_28' title="bbox 372 3298 2840 3377; baseline 0.002 -14"><span class='ocrx_word' id='word_1_236' title='bbox 372 3317 503 3365; x_wconf 88' lang='lat' dir='ltr'>esse</span> <span class='ocrx_word' id='word_1_237' title='bbox 551 3298 877 3374; x_wconf 88' lang='lat' dir='ltr'>desiderat,</span> <span class='ocrx_word' id='word_1_238' title='bbox 926 3298 1005 3361; x_wconf 92' lang='lat' dir='ltr'>ab</span> <span class='ocrx_word' id='word_1_239' title='bbox 1051 3317 1161 3370; x_wconf 84' lang='lat' dir='ltr'>esu</span> <span class='ocrx_word' id='word_1_240' title='bbox 1205 3299 1487 3363; x_wconf 89' lang='lat' dir='ltr'>carnium</span> <span class='ocrx_word' id='word_1_241' title='bbox 1524 3299 1738 3365; x_wconf 90' lang='lat' dir='ltr'>eodem</span> <span class='ocrx_word' id='word_1_242' title='bbox 1787 3300 1904 3377; x_wconf 91' lang='lat' dir='ltr'>die,</span> <span class='ocrx_word' id='word_1_243' title='bbox 1936 3301 2058 3365; x_wconf 88' lang='lat' dir='ltr'>nisi</span> <span class='ocrx_word' id='word_1_244' title='bbox 2103 3300 2337 3365; x_wconf 89' lang='lat' dir='ltr'>maiore</span> <span class='ocrx_word' id='word_1_245' title='bbox 2375 3299 2719 3366; x_wconf 85' lang='lat' dir='ltr'>festivitate</span> <span class='ocrx_word' id='word_1_246' title='bbox 2748 3304 2840 3368; x_wconf 87' lang='lat' dir='ltr'>in-</span> 
     </span>
     <span class='ocr_line' id='line_1_29' title="bbox 372 3397 2839 3483; baseline 0.002 -20"><span class='ocrx_word' id='word_1_247' title='bbox 372 3399 751 3483; x_wconf 86' lang='lat' dir='ltr'>terveniente</span> <span class='ocrx_word' id='word_1_248' title='bbox 796 3397 895 3463; x_wconf 87' lang='lat' dir='ltr'>vel</span> <span class='ocrx_word' id='word_1_249' title='bbox 940 3398 1306 3464; x_wconf 89' lang='lat' dir='ltr'>infirmitate</span> <span class='ocrx_word' id='word_1_250' title='bbox 1352 3400 1744 3482; x_wconf 89' lang='lat' dir='ltr'>impediente,</span> <span class='ocrx_word' id='word_1_251' title='bbox 1797 3401 2111 3465; x_wconf 90' lang='lat' dir='ltr'>abstineat</span> <span class='ocrx_word' id='word_1_252' title='bbox 2157 3427 2218 3465; x_wconf 85' lang='grc'>».</span> <span class='ocrx_word' id='word_1_253' title='bbox 2269 3399 2427 3467; x_wconf 86' lang='lat' dir='ltr'>Cum</span> <span class='ocrx_word' id='word_1_254' title='bbox 2464 3420 2708 3467; x_wconf 89' lang='lat' dir='ltr'>necesse</span> <span class='ocrx_word' id='word_1_255' title='bbox 2754 3405 2839 3470; x_wconf 89' lang='lat' dir='ltr'>sit</span> 
     </span>
     <span class='ocr_line' id='line_1_30' title="bbox 370 3499 2834 3588; baseline 0.002 -24"><span class='ocrx_word' id='word_1_256' title='bbox 370 3501 739 3584; x_wconf 86' lang='lat' dir='ltr'>participem</span> <span class='ocrx_word' id='word_1_257' title='bbox 784 3518 917 3565; x_wconf 90' lang='lat' dir='ltr'>esse</span> <span class='ocrx_word' id='word_1_258' title='bbox 962 3499 1337 3565; x_wconf 89' lang='lat' dir='ltr'>christianae</span> <span class='ocrx_word' id='word_1_259' title='bbox 1384 3502 1724 3585; x_wconf 87' lang='lat' dir='ltr'>religionis,</span> <span class='ocrx_word' id='word_1_260' title='bbox 1777 3503 1990 3586; x_wconf 87' lang='lat' dir='ltr'>agitur</span> <span class='ocrx_word' id='word_1_261' title='bbox 2035 3521 2183 3588; x_wconf 91' lang='lat' dir='ltr'>ergo</span> <span class='ocrx_word' id='word_1_262' title='bbox 2216 3503 2291 3568; x_wconf 91' lang='lat' dir='ltr'>de</span> <span class='ocrx_word' id='word_1_263' title='bbox 2326 3506 2677 3586; x_wconf 81' lang='lat' dir='ltr'>praeceptO,</span> <span class='ocrx_word' id='word_1_264' title='bbox 2713 3525 2834 3570; x_wconf 91' lang='lat' dir='ltr'>non</span> 
     </span>
     <span class='ocr_line' id='line_1_31' title="bbox 371 3601 2838 3685; baseline 0.002 -18"><span class='ocrx_word' id='word_1_265' title='bbox 371 3602 447 3667; x_wconf 92' lang='lat' dir='ltr'>de</span> <span class='ocrx_word' id='word_1_266' title='bbox 494 3603 750 3667; x_wconf 88' lang='lat' dir='ltr'>consilio</span> <span class='ocrx_word' id='word_1_267' title='bbox 796 3602 1069 3685; x_wconf 88' lang='lat' dir='ltr'>ideoque·</span> <span class='ocrx_word' id='word_1_268' title='bbox 1102 3601 1504 3667; x_wconf 77' lang='lat' dir='ltr'>admonemus</span> <span class='ocrx_word' id='word_1_269' title='bbox 1549 3623 1672 3668; x_wconf 91' lang='lat' dir='ltr'>non</span> <span class='ocrx_word' id='word_1_270' title='bbox 1719 3606 1817 3669; x_wconf 89' lang='lat' dir='ltr'>est</span> <span class='ocrx_word' id='word_1_271' title='bbox 1861 3605 2208 3682; x_wconf 84' lang='lat' dir='ltr'>hortamur,</span> <span class='ocrx_word' id='word_1_272' title='bbox 2278 3607 2681 3684; x_wconf 77' lang='lat' dir='ltr'>consulimuS,</span> <span class='ocrx_word' id='word_1_273' title='bbox 2732 3609 2838 3671; x_wconf 89' lang='lat' dir='ltr'>sed</span> 
     </span>
     <span class='ocr_line' id='line_1_32' title="bbox 368 3705 2835 3789; baseline 0.001 -21"><span class='ocrx_word' id='word_1_274' title='bbox 368 3706 434 3769; x_wconf 93' lang='lat' dir='ltr'>in</span> <span class='ocrx_word' id='word_1_275' title='bbox 465 3705 832 3769; x_wconf 86' lang='lat' dir='ltr'>memoriam</span> <span class='ocrx_word' id='word_1_276' title='bbox 862 3724 1245 3771; x_wconf 83' lang='lat' dir='ltr'>revocamus.</span> <span class='ocrx_word' id='word_1_277' title='bbox 1294 3705 1650 3771; x_wconf 84' lang='lat' dir='ltr'>Advertunt</span> <span class='ocrx_word' id='word_1_278' title='bbox 1682 3709 2003 3789; x_wconf 90' lang='lat' dir='ltr'>praeterea</span> <span class='ocrx_word' id='word_1_279' title='bbox 2035 3709 2152 3771; x_wconf 88' lang='lat' dir='ltr'>etc.</span> <span class='ocrx_word' id='word_1_280' title='bbox 2186 3727 2323 3772; x_wconf 89' lang='lat' dir='ltr'>eam</span> <span class='ocrx_word' id='word_1_281' title='bbox 2358 3708 2835 3774; x_wconf 87' lang='lat' dir='ltr'>limitationem:</span> 
     </span>
     <span class='ocr_line' id='line_1_33' title="bbox 369 3807 2842 3891; baseline 0.001 -19"><span class='ocrx_word' id='word_1_282' title='bbox 369 3808 502 3872; x_wconf 69' lang='lat' dir='ltr'>nisi</span> <span class='ocrx_word' id='word_1_283' title='bbox 540 3808 777 3871; x_wconf 72' lang='lat' dir='ltr'>miore</span> <span class='ocrx_word' id='word_1_284' title='bbox 820 3807 1156 3888; x_wconf 71' lang='lat' dir='ltr'>festivitate</span> <span class='ocrx_word' id='word_1_285' title='bbox 1206 3808 1653 3872; x_wconf 77' lang='lat' dir='ltr'>interveniente</span> <span class='ocrx_word' id='word_1_286' title='bbox 1699 3808 1892 3873; x_wconf 84' lang='lat' dir='ltr'>fuisse</span> <span class='ocrx_word' id='word_1_287' title='bbox 1939 3828 2047 3891; x_wconf 91' lang='lat' dir='ltr'>per</span> <span class='ocrx_word' id='word_1_288' title='bbox 2092 3809 2601 3875; x_wconf 85' lang='lat' dir='ltr'>consuetudinem</span> <span class='ocrx_word' id='word_1_289' title='bbox 2637 3810 2842 3875; x_wconf 89' lang='lat' dir='ltr'>Eccle-</span> 
     </span>
     <span class='ocr_line' id='line_1_34' title="bbox 372 3909 2842 3994; baseline 0.001 -18"><span class='ocrx_word' id='word_1_290' title='bbox 372 3912 500 3976; x_wconf 89' lang='lat' dir='ltr'>siae</span> <span class='ocrx_word' id='word_1_291' title='bbox 544 3910 929 3976; x_wconf 88' lang='lat' dir='ltr'>coarctatam</span> <span class='ocrx_word' id='word_1_292' title='bbox 974 3911 1053 3975; x_wconf 90' lang='lat' dir='ltr'>ad</span> <span class='ocrx_word' id='word_1_293' title='bbox 1099 3911 1262 3975; x_wconf 90' lang='lat' dir='ltr'>diem</span> <span class='ocrx_word' id='word_1_294' title='bbox 1309 3909 1682 3976; x_wconf 84' lang='lat' dir='ltr'>Nativitatis</span> <span class='ocrx_word' id='word_1_295' title='bbox 1730 3911 2094 3989; x_wconf 89' lang='lat' dir='ltr'>dominicae,</span> <span class='ocrx_word' id='word_1_296' title='bbox 2145 3912 2668 3994; x_wconf 89' lang='lat' dir='ltr'>quemadmodum</span> <span class='ocrx_word' id='word_1_297' title='bbox 2714 3914 2842 3979; x_wconf 90' lang='lat' dir='ltr'>Ho-</span> 
     </span>
     <span class='ocr_line' id='line_1_35' title="bbox 372 4013 2843 4096; baseline 0 -16"><span class='ocrx_word' id='word_1_298' title='bbox 372 4015 585 4080; x_wconf 88' lang='lat' dir='ltr'>norius</span> <span class='ocrx_word' id='word_1_299' title='bbox 615 4014 732 4079; x_wconf 90' lang='lat' dir='ltr'><strong>III.</strong></span> <span class='ocrx_word' id='word_1_300' title='bbox 783 4013 1042 4079; x_wconf 89' lang='lat' dir='ltr'>disserte</span> <span class='ocrx_word' id='word_1_301' title='bbox 1086 4014 1242 4079; x_wconf 84' lang='lat' dir='ltr'>dixit</span> <span class='ocrx_word' id='word_1_302' title='bbox 1289 4013 1363 4079; x_wconf 90' lang='lat' dir='ltr'>de</span> <span class='ocrx_word' id='word_1_303' title='bbox 1407 4013 1563 4079; x_wconf 88' lang='lat' dir='ltr'>feria</span> <span class='ocrx_word' id='word_1_304' title='bbox 1594 4015 1787 4078; x_wconf 86' lang='lat' dir='ltr'>sexta.</span> <span class='ocrx_word' id='word_1_305' title='bbox 1823 4014 2190 4079; x_wconf 85' lang='lat' dir='ltr'>Tamburini</span> <span class='ocrx_word' id='word_1_306' title='bbox 2219 4016 2294 4080; x_wconf 85' lang='lat' dir='ltr'>de</span> <span class='ocrx_word' id='word_1_307' title='bbox 2317 4015 2638 4080; x_wconf 78' lang='lat' dir='ltr'>Ecclesiae</span> <span class='ocrx_word' id='word_1_308' title='bbox 2657 4036 2843 4096; x_wconf 77' lang='lat' dir='ltr'>prae-</span> 
     </span>
     <span class='ocr_line' id='line_1_36' title="bbox 369 4116 2839 4204; baseline 0.001 -23"><span class='ocrx_word' id='word_1_309' title='bbox 369 4119 560 4198; x_wconf 79' lang='lat' dir='ltr'>ceptis</span> <span class='ocrx_word' id='word_1_310' title='bbox 596 4119 675 4182; x_wconf 89' lang='lat' dir='ltr'>tr.</span> <span class='ocrx_word' id='word_1_311' title='bbox 702 4118 763 4180; x_wconf 86' lang='lat'>4.</span> <span class='ocrx_word' id='word_1_312' title='bbox 791 4136 843 4180; x_wconf 92' lang='grc'><strong>9.</strong></span> <span class='ocrx_word' id='word_1_313' title='bbox 884 4117 946 4180; x_wconf 91' lang='lat'>9.</span> <span class='ocrx_word' id='word_1_314' title='bbox 979 4136 1038 4180; x_wconf 91' lang='lat' dir='ltr'>n.</span> <span class='ocrx_word' id='word_1_315' title='bbox 1074 4119 1180 4181; x_wconf 85' lang='lat'>21.</span> <span class='ocrx_word' id='word_1_316' title='bbox 1227 4116 1353 4181; x_wconf 89' lang='lat' dir='ltr'>Lex</span> <span class='ocrx_word' id='word_1_317' title='bbox 1383 4118 1535 4181; x_wconf 90' lang='lat' dir='ltr'>haec</span> <span class='ocrx_word' id='word_1_318' title='bbox 1565 4117 1639 4181; x_wconf 92' lang='lat' dir='ltr'>de</span> <span class='ocrx_word' id='word_1_319' title='bbox 1670 4116 2049 4202; x_wconf 87' lang='lat' dir='ltr'>abstinentia</span> <span class='ocrx_word' id='word_1_320' title='bbox 2086 4117 2151 4182; x_wconf 87' lang='lat' dir='ltr'>in</span> <span class='ocrx_word' id='word_1_321' title='bbox 2182 4119 2443 4183; x_wconf 91' lang='lat' dir='ltr'>sabbato</span> <span class='ocrx_word' id='word_1_322' title='bbox 2476 4136 2598 4182; x_wconf 92' lang='lat' dir='ltr'>non</span> <span class='ocrx_word' id='word_1_323' title='bbox 2630 4119 2839 4204; x_wconf 85' lang='lat' dir='ltr'>viguit</span> 
     </span>
     <span class='ocr_line' id='line_1_37' title="bbox 368 4218 2838 4304; baseline 0 -19"><span class='ocrx_word' id='word_1_324' title='bbox 368 4220 434 4285; x_wconf 90' lang='lat' dir='ltr'>in</span> <span class='ocrx_word' id='word_1_325' title='bbox 479 4219 754 4286; x_wconf 83' lang='lat' dir='ltr'>Ecclesia</span> <span class='ocrx_word' id='word_1_326' title='bbox 797 4237 1040 4304; x_wconf 88' lang='lat' dir='ltr'>graeca.</span> <span class='ocrx_word' id='word_1_327' title='bbox 1074 4219 1148 4284; x_wconf 90' lang='lat' dir='ltr'>In</span> <span class='ocrx_word' id='word_1_328' title='bbox 1178 4218 1452 4284; x_wconf 88' lang='lat' dir='ltr'>Ecclesia</span> <span class='ocrx_word' id='word_1_329' title='bbox 1496 4238 1742 4302; x_wconf 90' lang='lat' dir='ltr'>quoque</span> <span class='ocrx_word' id='word_1_330' title='bbox 1776 4218 1995 4297; x_wconf 88' lang='lat' dir='ltr'>latina,</span> <span class='ocrx_word' id='word_1_331' title='bbox 2029 4220 2310 4302; x_wconf 88' lang='lat' dir='ltr'>pluribus</span> <span class='ocrx_word' id='word_1_332' title='bbox 2357 4220 2421 4284; x_wconf 90' lang='lat' dir='ltr'>in</span> <span class='ocrx_word' id='word_1_333' title='bbox 2459 4219 2838 4303; x_wconf 79' lang='lat' dir='ltr'>regionibuS,</span> 
     </span>
     <span class='ocr_line' id='line_1_38' title="bbox 369 4319 1776 4407; baseline -0.004 -18"><span class='ocrx_word' id='word_1_334' title='bbox 369 4323 762 4407; x_wconf 89' lang='lat' dir='ltr'>dispensante</span> <span class='ocrx_word' id='word_1_335' title='bbox 792 4340 1053 4387; x_wconf 89' lang='lat' dir='ltr'>romana</span> <span class='ocrx_word' id='word_1_336' title='bbox 1082 4319 1253 4397; x_wconf 90' lang='lat' dir='ltr'>Sede,</span> <span class='ocrx_word' id='word_1_337' title='bbox 1301 4340 1424 4387; x_wconf 92' lang='grc'><strong>11011</strong></span> <span class='ocrx_word' id='word_1_338' title='bbox 1471 4325 1776 4387; x_wconf 83' lang='lat' dir='ltr'>servatur.</span> 
     </span>
    </p>

    <p class='ocr_par' dir='ltr' id='par_1_7' title="bbox 369 4423 2837 4617">
     <span class='ocr_line' id='line_1_39' title="bbox 458 4423 2837 4510; baseline -0 -20"><span class='ocrx_word' id='word_1_339' title='bbox 458 4424 842 4505; x_wconf 83' lang='lat' dir='ltr'>Quibusdam</span> <span class='ocrx_word' id='word_1_340' title='bbox 874 4424 938 4487; x_wconf 91' lang='lat' dir='ltr'>in</span> <span class='ocrx_word' id='word_1_341' title='bbox 962 4423 1135 4502; x_wconf 87' lang='grc'><strong>19913,</strong></span> <span class='ocrx_word' id='word_1_342' title='bbox 1162 4423 1377 4487; x_wconf 90' lang='lat' dir='ltr'>diebus</span> <span class='ocrx_word' id='word_1_343' title='bbox 1409 4443 1657 4506; x_wconf 90' lang='lat' dir='ltr'>quoque</span> <span class='ocrx_word' id='word_1_344' title='bbox 1679 4424 2105 4507; x_wconf 89' lang='lat' dir='ltr'>rogationum,</span> <span class='ocrx_word' id='word_1_345' title='bbox 2124 4425 2316 4489; x_wconf 91' lang='lat' dir='ltr'>etiam</span> <span class='ocrx_word' id='word_1_346' title='bbox 2340 4424 2558 4510; x_wconf 81' lang='lat' dir='ltr'>vigilia</span> <span class='ocrx_word' id='word_1_347' title='bbox 2583 4424 2837 4491; x_wconf 89' lang='lat' dir='ltr'>s.Marci</span> 
     </span>
     <span class='ocr_line' id='line_1_40' title="bbox 369 4530 2834 4617; baseline -0.002 -18"><span class='ocrx_word' id='word_1_348' title='bbox 369 4533 708 4616; x_wconf 89' lang='lat' dir='ltr'>(maiorum</span> <span class='ocrx_word' id='word_1_349' title='bbox 740 4531 1170 4617; x_wconf 87' lang='lat' dir='ltr'>rogationum)</span> <span class='ocrx_word' id='word_1_350' title='bbox 1210 4530 1586 4595; x_wconf 87' lang='lat' dir='ltr'>abstinentia</span> <span class='ocrx_word' id='word_1_351' title='bbox 1612 4530 1911 4596; x_wconf 81' lang='lat' dir='ltr'>servanda</span> <span class='ocrx_word' id='word_1_352' title='bbox 1945 4532 2072 4596; x_wconf 88' lang='lat' dir='ltr'>est:</span> <span class='ocrx_word' id='word_1_353' title='bbox 2114 4531 2191 4596; x_wconf 84' lang='lat' dir='ltr'>cf.</span> <span class='ocrx_word' id='word_1_354' title='bbox 2225 4531 2586 4597; x_wconf 85' lang='lat' dir='ltr'>Salmantic.</span> <span class='ocrx_word' id='word_1_355' title='bbox 2621 4534 2700 4597; x_wconf 89' lang='lat' dir='ltr'>tr.</span> <span class='ocrx_word' id='word_1_356' title='bbox 2729 4533 2834 4595; x_wconf 87' lang='lat'>23.</span> 
     </span>
    </p>

    <p class='ocr_par' dir='ltr' id='par_1_8' title="bbox 535 4651 2674 4699">
     <span class='ocr_line' id='line_1_41' title="bbox 535 4651 2674 4699; baseline -0.002 0"><span class='ocrx_word' id='word_1_357' title='bbox 535 4657 801 4699; x_wconf 57' lang='lat' dir='ltr'>Batulum</span> <span class='ocrx_word' id='word_1_358' title='bbox 827 4677 881 4688; x_wconf 90' lang='lat'>—</span> <span class='ocrx_word' id='word_1_359' title='bbox 906 4652 1078 4699; x_wconf 66' lang='lat' dir='ltr'>nov-al.</span> <span class='ocrx_word' id='word_1_360' title='bbox 1108 4653 1258 4696; x_wconf 80' lang='lat' dir='ltr'>Tomo</span> <span class='ocrx_word' id='word_1_361' title='bbox 1284 4651 1353 4695; x_wconf 91' lang='lat'>11.</span> <span class='ocrx_word' id='word_1_362' title='bbox 2617 4652 2674 4694; x_wconf 80' lang='lat'>55</span> 
     </span>
    </p>
   </div>
  </div>
 </body>
</html>
