3497 5147
404 328 590 405 [1144]
1051 345 1135 417 nn
1174 343 1388 386 omens
1424 341 1883 384 mousmmus
1920 342 1960 381 A
1998 342 2240 384 nummo
2765 332 2874 388 857

500 441 561 507 S.
587 442 773 525 Alph.
802 443 842 505 l.
871 461 923 506 c.
955 460 1080 506 non
1117 442 1437 524 pauciores
1470 440 1627 504 citat
1670 458 1782 522 pro
1813 440 2119 504 sententia
2159 439 2508 506 affirmante
2539 460 2730 523 quam
2760 463 2870 526 pro

405 547 674 630 negante
706 546 771 608 et
801 544 931 627 ipse
963 544 1122 608 nihil
1153 544 1395 608 definit:
1442 566 1479 601 «
1510 543 1789 608 Primam
1821 543 2194 608 sententiam
2231 543 2724 629 (affirmantem),
2758 548 2867 624 ait,

406 666 527 712 non
578 647 775 711 audeo
825 647 1193 729 improbare,
1227 647 1333 710 sed
1379 664 1575 730 neque
1613 646 1808 711 audeo
1840 646 2224 728 probabilem
2261 646 2476 723 dicere,
2510 647 2657 712 dum
2693 649 2868 714 video

401 750 579 813 illam
618 769 655 814 a
692 750 1034 833 Laymann,
1069 748 1455 825 Tamburini,
1489 748 1665 812 Elbel
1696 750 1761 813 et
1793 746 1978 812 Croix
2007 748 2145 830 (qui
2181 748 2476 814 nimirum
2515 770 2636 814 non
2667 752 2868 817 solent

404 871 534 916 esse
567 851 930 934 severiores)
969 869 1108 914 cum
1156 850 1296 914 aliis
1335 850 1585 915 omnino
1621 851 1795 914 reiici
1831 853 1895 914 et
1927 851 2194 915 Dianam
2234 852 2372 933 (qui
2408 852 2709 937 benignus
2742 857 2865 939 est)

398 954 683 1018 dubitare
729 953 804 1017 de
849 954 982 1018 eius
1029 953 1471 1035 probabilitate
1499 977 1561 1016 ».

485 1056 925 1121 Concludimus
952 1075 1074 1120 non
1107 1074 1238 1120 esse
1266 1055 1766 1138 improbandum,
1796 1056 1906 1137 qui
1935 1056 2305 1121 sententiam
2342 1057 2674 1132 mitiorem,
2714 1058 2861 1124 dum

397 1177 551 1241 opus
588 1161 702 1236 est,
751 1160 1067 1240 sequatur.

489 1257 676 1330 1143.
727 1262 949 1343 Accipe
981 1261 1229 1326 tandem
1277 1261 1464 1325 verba
1512 1259 1782 1325 Sanchez
1824 1259 2058 1325 Con-sil.
2090 1261 2199 1325 lib.
2251 1264 2310 1325 5.
2345 1280 2478 1343 cap.
2517 1264 2574 1326 1.
2609 1263 2755 1326 dub.
2795 1264 2857 1327 4.

394 1383 496 1427 nn.
531 1364 682 1427 3.-4.
724 1387 759 1421 «
790 1362 910 1443 Qui
958 1365 1102 1427 ante
1147 1362 1599 1447 sexagesimum
1648 1382 1881 1427 annum
1928 1366 2076 1427 sunt
2120 1364 2248 1427 iam
2294 1382 2467 1428 senes
2499 1367 2562 1430 et
2606 1365 2856 1442 debiles,

394 1469 785 1531 excusantur.
819 1467 1053 1530 Tamen
1076 1486 1217 1530 cum
1242 1465 1432 1530 fuerit
1447 1465 1705 1529 dubium
1729 1465 1804 1530 de
1828 1465 2216 1548 impotentia,
2251 1467 2661 1532 confessarius
2677 1469 2858 1533 debet

393 1568 729 1646 attendere,
780 1571 853 1633 ut
897 1570 1252 1634 necessitati
1299 1568 1623 1650 provideat
1666 1587 1810 1633 cum
1855 1570 2114 1633 minima
2158 1569 2317 1653 legis
2362 1571 2631 1643 iacturaz
2683 1574 2756 1635 ut
2802 1573 2854 1637 si

392 1673 547 1735 satis
592 1672 799 1749 fuerit,
848 1675 923 1736 ut
972 1673 1191 1737 horam
1237 1671 1597 1754 praeveniat
1642 1671 1736 1735 vel
1785 1672 2151 1736 nocturnam
2205 1672 2714 1737 refectiunculam
2759 1674 2853 1737 in-

392 1774 752 1859 dulgentius
796 1774 1007 1852 faciat,
1056 1775 1237 1839 debet
1282 1774 1398 1838 hoc
1445 1773 1772 1838 concedere
1817 1776 1882 1839 et
1926 1792 2048 1839 non
2097 1794 2168 1838 ex
2214 1776 2352 1839 toto
2410 1774 2710 1839 ieiunium
2754 1794 2852 1841 re-

387 1877 596 1941 laxare
641 1902 702 1941 ».

495 2041 622 2092 Vlll.
662 2040 710 2090 3.
752 2034 910 2091 Causa
950 2045 1025 2091 est
1064 2039 1220 2102 labor,
1261 2039 1337 2090 vel
1391 2036 1621 2099 officium,
1660 2052 1769 2090 cum
1809 2052 1905 2102 quo
1944 2035 2176 2090 ieiunium
2218 2053 2312 2090 non
2364 2037 2523 2105 possit
2559 2038 2848 2105 consistere,

383 2122 542 2189 qualis
592 2130 667 2177 est
715 2121 1039 2187 agricolarum
1089 2129 1137 2174 et
1177 2124 1441 2174 multorum
1493 2120 1739 2188 opificum,
1786 2126 1836 2174 ut
1882 2124 2147 2186 labrorum,
2193 2120 2446 2188 pistorum,
2484 2130 2709 2176 sutorum
2750 2131 2845 2178 etc.

384 2208 499 2274 (etsi
524 2210 585 2261 de
610 2208 859 2261 sutoribus
886 2216 1027 2272 neget
1052 2209 1256 2272 Angles:
1279 2206 1421 2261 cuius
1449 2205 1735 2261 sententiam
1762 2209 1980 2260 Sancbez
2006 2205 2125 2260 dicit
2150 2220 2260 2260 esse
2287 2222 2473 2272 veram,
2493 2208 2536 2261 si
2559 2222 2655 2261 non
2684 2216 2846 2275 suant,

382 2294 469 2345 sed
507 2299 691 2346 tantum
731 2291 954 2346 scindant
988 2292 1178 2346 corium
1214 2299 1266 2345 et
1305 2292 1558 2346 materiam
1597 2294 1908 2358 praeparent)
1944 2306 2039 2344 non
2078 2297 2238 2345 nmen
2278 2292 2533 2356 pictorum,
2583 2300 2844 2357 sartorum,

382 2391 589 2442 quorum
630 2380 768 2432 labor
806 2377 1010 2443 exiguus
1035 2383 1128 2431 est.
1156 2379 1374 2432 Excusat
1399 2376 1545 2430 etiam
1574 2380 1740 2441 Laym.
1772 2379 1803 2431 l.
1833 2378 1881 2430 4.
1907 2384 1943 2431 t.
1969 2382 2019 2429 8.
2046 2392 2090 2429 c.
2119 2378 2169 2428 3.
2195 2380 2388 2441 figulos,
2406 2378 2725 2444 argenteum,
2757 2382 2847 2432 ler-

380 2462 556 2528 rarios,
597 2462 847 2529 lignarios»,
889 2465 1110 2525 lulloneS,
1151 2461 1496 2524 cementarios,
1534 2461 1774 2515 coriarios
1811 2469 1853 2514 el
1898 2468 2134 2514 textores
2177 2461 2316 2515 Dian.
2353 2477 2398 2526 p.
2430 2462 2477 2515 4.
2506 2470 2539 2515 t.
2573 2463 2620 2515 4.
2652 2478 2690 2515 r.
2725 2465 2840 2516 138.

378 2558 428 2604 et
451 2552 668 2604 Gordon.
697 2556 732 2603 t.
762 2553 810 2603 2.
839 2550 870 2603 l.
899 2551 950 2602 6.
976 2565 1022 2615 q.
1056 2551 1136 2602 l8.
1161 2563 1205 2602 c.
1240 2551 1286 2602 6.
1317 2555 1567 2602 versantes
1593 2548 1812 2614 praelum
1842 2545 2262 2614 typographicam,
2291 2562 2386 2602 non
2419 2555 2576 2602 tamen
2607 2555 2839 2615 typorum

378 2634 759 2700 compositores;
800 2637 1013 2686 fossores
1051 2641 1231 2698 autem,
1270 2633 1506 2686 ferrarios
1543 2639 1592 2686 et
1632 2631 1833 2694 similes,
1861 2632 2004 2686 etiam
2045 2632 2124 2686 die
2163 2646 2259 2685 uno
2298 2636 2375 2686 vel
2413 2635 2583 2694 alter0,
2615 2648 2712 2699 quo
2741 2648 2839 2687 non

386 2720 624 2780 laborant,
645 2722 847 2771 excusat
873 2720 1002 2770 Azor
1022 2724 1117 2771 etc.
1136 2732 1244 2770 cum
1269 2718 1408 2770 Dian.
1432 2732 1479 2782 p.
1505 2720 1550 2768 t.
1575 2723 1608 2769 t.
1630 2721 1681 2770 9.
1701 2733 1739 2770 r.
1756 2720 1808 2770 9.
1821 2717 2052 2770 Similiter
2089 2724 2365 2786 excusatur,
2385 2717 2468 2783 qui
2489 2717 2698 2784 pedibus
2726 2718 2841 2772 lacit

380 2800 476 2855 iter
508 2818 596 2869 per
621 2816 841 2867 magnam
868 2802 965 2856 diei
993 2809 1198 2869 partem,
1231 2808 1284 2856 ut
1309 2801 1378 2854 ait
1402 2805 1580 2855 Sanch.
1607 2801 1656 2854 in
1682 2816 1853 2867 opusc.
1883 2807 1912 2856 l.
1940 2817 1981 2855 c.
2014 2803 2128 2856 Vid.
2155 2803 2263 2858 Fill.
2287 2819 2333 2857 n.
2356 2805 2476 2857 4⁴9.
2496 2802 2641 2858 Ratio
2660 2807 2836 2858 borum

376 2887 593 2941 omnium
630 2896 721 2951 est,
760 2888 870 2954 quia
908 2886 1231 2942 communiter
1269 2891 1444 2940 borum
1485 2886 1617 2940 vires
1654 2901 1751 2940 non
1788 2887 2033 2941 sufficiunt
2071 2892 2131 2941 ad
2170 2889 2451 2943 huiusmodi
2492 2892 2687 2942 labores
2725 2904 2834 2943 cum

372 2970 804 3027 ieiuui0.*0mnes
829 2971 1072 3026 officiales
1097 2970 1146 3024 iu
1168 2973 1360 3038 Repub.
1384 2971 1710 3039 corporaliter
1737 2974 2015 3026 laborantes
2035 2987 2062 3025 a
2089 2971 2271 3026 ieiunio
2299 2975 2540 3026 excusari.
2557 2973 2835 3041 propositio

371 3065 445 3111 est
483 3057 754 3126 proscripta
794 3059 853 3110 ab
893 3059 1033 3111 Alex.
1062 3058 1167 3110 Vll.
1198 3072 1243 3110 n.
1273 3058 1356 3109 30.
1379 3056 1411 3088 ⁴*

480 3141 906 3214 Dixizpedibus;
938 3143 1048 3210 quia
1089 3141 1229 3196 multi
1266 3157 1362 3196 non
1403 3147 1638 3196 excusant
1676 3141 1897 3208 equites:
1922 3142 2064 3205 longa
2103 3148 2264 3196 tamen
2304 3142 2540 3208 equitatio
2579 3146 2637 3196 ad
2667 3146 2833 3211 plures
2866 3144 2869 3148 ’

369 3228 491 3298 dim,
522 3236 573 3283 ut
610 3231 757 3283 docet
783 3228 970 3283 Filliuc.
1001 3234 1141 3282 tract.
1168 3230 1254 3281 37.
1280 3241 1388 3294 cap.
1415 3229 1482 3288 6.,
1508 3227 1679 3281 meiito
1703 3227 2114 3282 excusat.·Circa
2141 3230 2236 3280 boc
2272 3228 2478 3281 adverte
2515 3243 2716 3295 propos
2745 3231 2832 3283 3⁴.

367 3313 496 3368 inter
533 3317 786 3368 damnatas
823 3318 885 3366 ab
921 3316 1063 3366 Alex.
1096 3313 1242 3366 vll.·
1274 3314 1371 3367 Ubi
1397 3313 1542 3367 etiam
1582 3312 1806 3366 concedit
1845 3315 1909 3366 ob
1950 3314 2142 3364 labores
2182 3314 2534 3378 praecedentes
2571 3319 2620 3367 et
2665 3317 2832 3368 subse·

368 3406 591 3462 queritas,
632 3413 779 3466 posse
816 3396 1026 3462 aliquem
1064 3397 1311 3459 excusari,
1351 3397 1394 3450 si
1431 3396 1753 3463 probabiliter
1792 3395 2075 3450 debilitatus
2115 3398 2193 3450 vel
2234 3395 2564 3449 debilitandus
2613 3406 2829 3463 putetur,

365 3478 434 3532 ita
473 3490 526 3535 ut
551 3483 712 3537 officio
752 3482 846 3536 rite
874 3481 1006 3544 tangi
1033 3488 1255 3547 nequeat.
1289 3483 1353 3533 V.
1380 3483 1500 3533 Bon.
1528 3480 1654 3548 disp.
1683 3484 1771 3533 ult.
1798 3487 1986 3545 quaest.
2018 3480 2065 3532 4.
2097 3496 2227 3533 num.
2257 3484 2338 3533 Η.
2367 3484 2439 3533 Ex
2470 3482 2641 3534 eodem
2671 3482 2829 3548 capite

370 3563 611 3618 Doctores
649 3572 883 3620 excusant
919 3563 1192 3629 coniugem,
1236 3563 1277 3616 si
1317 3562 1533 3617 debitum
1583 3565 1790 3617 reddere
1828 3578 1922 3616 non
1962 3563 2133 3631 possit,
2172 3567 2366 3629 quando
2410 3564 2627 3633 ieiunat;
2669 3566 2740 3618 uti
2778 3575 2829 3620 et

369 3663 595 3714 uxorum,
625 3664 747 3715 quae
775 3651 839 3702 ob
866 3649 1069 3703 maciem
1095 3663 1190 3702 non
1218 3648 1373 3715 possit
1412 3662 1519 3701 eum
1548 3646 1731 3701 ieiunio
1758 3663 1812 3702 se
1840 3648 1946 3702 viro
1970 3656 2152 3713 gratam
2180 3655 2451 3716 praestare.
2483 3653 2600 3703 Bon.
2628 3652 2723 3704 loc.
2743 3651 2827 3706 cit.

364 3737 542 3799 Atque,
570 3733 834 3788 universim
874 3737 1134 3800 loquendo,
1160 3748 1303 3787 nemo
1342 3739 1531 3786 tenetur
1567 3747 1709 3799 opus,
1748 3735 1808 3786 ad
1848 3735 1978 3799 quod
2018 3734 2280 3797 obligatur,
2322 3735 2550 3789 omittere
2588 3738 2653 3788 ob
2692 3750 2828 3802 prae—

363 3825 558 3885 ceptum
596 3817 782 3882 ieiunii,
807 3818 876 3873 ait
910 3819 1067 3875 Caiet.
1094 3820 1236 3886 Quod
1276 3818 1511 3883 intelligo,
1549 3816 1643 3871 nisi
1679 3818 1772 3870 ista
1811 3816 2045 3883 obligatio
2083 3817 2147 3871 sit
2185 3820 2328 3871 valde
2365 3819 2490 3873 levis
2514 3824 2564 3872 et
2616 3819 2826 3875 rationa-

368 3903 531 3957 biliter
568 3906 904 3971 postponenda
941 3903 1228 3969 obligationi
1271 3903 1457 3958 ieiunii.

452 4021 645 4096 11⁴4.
679 4024 742 4090 S.
783 4024 1139 4110 Alphonsus
1170 4047 1231 4091 n.
1271 4027 1462 4091 1041.
1495 4025 1720 4091 merito
1765 4026 1919 4090 haec
1951 4025 2145 4090 veluti
2180 4026 2493 4111 generalia
2523 4026 2822 4110 principia

359 4132 618 4194 statuit:
674 4155 709 4188 «
747 4129 973 4194 Omnes
1006 4132 1190 4209 artes
1241 4149 1399 4212 quae
1454 4128 1715 4195 exerceri
1761 4148 1885 4194 non
1931 4131 2194 4212 possunt
2236 4130 2355 4196 nisi
2394 4151 2538 4197 cum
2581 4131 2819 4216 ingenti

355 4239 631 4320 corporis
679 4236 1044 4322 agitatione,
1085 4256 1121 4300 a
1154 4238 1383 4302 ieiunio
1429 4239 1760 4314 excusant;
1800 4256 1873 4302 eo
1918 4237 2086 4318 quod
2116 4237 2179 4301 in
2212 4238 2300 4302 eis
2336 4238 2522 4303 multi
2559 4239 2817 4321 spiritus

353 4344 806 4407 consumuntur
836 4365 898 4404 ›.
933 4340 1106 4405 Haec
1149 4341 1245 4404 est
1272 4341 1492 4426 regula
1524 4341 1832 4405 absoluta.

443 4445 525 4510 Et
561 4463 778 4509 rursus
811 4446 909 4508 2⁰:
951 4469 986 4502 «
1019 4443 1263 4528 Regula
1309 4443 1720 4508 communiter
1766 4443 2010 4526 recepta
2057 4444 2153 4508 est
2189 4462 2331 4508 cum
2367 4443 2601 4522 Lessio,
2650 4446 2815 4527 quod

358 4548 468 4629 qui
517 4548 646 4612 sine
706 4566 937 4633 magno
983 4546 1372 4612 incommodo
1419 4545 1637 4628 nequit
1681 4546 1959 4628 aliquam
2005 4549 2224 4625 artem,
2264 4547 2384 4612 etsi
2427 4566 2535 4629 per
2580 4567 2645 4613 se
2692 4566 2812 4612 non
