3497 5147
314 357 457 438 114⁰]
1253 373 1404 422 Qum
1441 374 1537 414 err
1573 373 1833 418 cannas
2668 361 2773 418 105

399 469 474 534 In
509 469 709 534 verbis
741 468 817 534 A.
852 468 925 533 ob
962 489 1270 536 sumam
1299 472 1416 534 etc.
1450 471 1803 536 continetur
1835 472 2146 536 obiectum
2177 471 2435 537 formale
2467 471 2769 536 caritatis.

317 572 506 636 Porro
539 571 863 637 recolenda
885 573 1034 638 sunt
1057 592 1150 645 ea,
1175 591 1335 654 quae
1366 573 1658 651 dicemuS,
1695 573 1803 637 ubi
1835 574 1907 637 de
1939 573 2327 639 contritione.
2361 571 2524 637 Nam
2552 575 2616 637 et
2637 573 2772 638 heic

318 693 362 737 s.
395 673 581 756 Alph.
622 674 730 737 lib.
767 676 826 737 2.
862 694 921 738 n.
964 676 1091 752 24„
1125 678 1432 740 memorat
1469 676 1674 740 varias
1722 676 2060 739 sententias
2106 675 2470 760 Theologg.,
2505 694 2773 757 quorum

319 776 418 844 alii
451 777 516 840 in
555 777 799 842 infinita
844 778 1144 855 bonitate,
1193 778 1438 843 infinita
1485 777 1873 860 perfectione,
1913 777 2021 841 alii
2058 778 2123 841 in
2170 778 2615 864 aggregatione
2640 797 2773 842 om-

319 879 489 944 nium
519 879 986 963 perfectionum,
1022 880 1130 944 alii
1163 879 1227 944 in
1259 880 1568 944 infinitate
1599 879 2065 963 perfectionum,
2105 880 2213 946 alii
2247 882 2312 945 in
2344 880 2630 954 essentia,
2664 879 2773 945 alii

319 980 377 1044 in
401 982 668 1045 essentia
695 983 882 1064 prout
906 984 1001 1046 est
1024 982 1198 1046 radix
1224 982 1489 1046 aliarum
1515 982 1958 1064 perfectionum
1991 982 2095 1046 sed
2128 982 2482 1047 virtualiter
2512 983 2589 1046 ab
2621 981 2772 1065 ipsis

320 1083 793 1165 perfectionibus
824 1083 1140 1161 distincta,
1167 1085 1276 1150 alii
1301 1085 1365 1150 in
1390 1084 1654 1170 singulis
1677 1084 2153 1167 perfectionibus
2180 1085 2489 1152 obiectum
2513 1084 2773 1148 formale

317 1185 596 1249 caritatis
628 1186 956 1252 collocant.
990 1183 1321 1250 Concludit
1350 1205 1399 1250 s,
1433 1186 1619 1270 Alph.
1653 1206 1722 1250 ex
1757 1186 2070 1251 communi
2105 1206 2289 1252 sensu
2321 1206 2536 1251 verum
2561 1187 2773 1252 actum

319 1288 544 1351 amoris
576 1306 741 1352 esse:
783 1312 817 1346 ‹
849 1288 1009 1353 Amo
1059 1289 1121 1352 te
1153 1308 1336 1372 super
1370 1289 1596 1366 omnia,
1637 1289 1785 1371 quia
1831 1289 2079 1354 bonitas
2117 1309 2181 1354 ω
2211 1289 2473 1368 infinita,
2522 1288 2669 1372 quia
2707 1306 2771 1353 es

321 1388 552 1453 infinite
576 1389 774 1453 bonus
808 1415 869 1450 ».

403 1491 518 1555 Sed
542 1492 608 1556 et
625 1510 806 1555 verus
824 1494 1153 1575 conceptus
1182 1494 1528 1560 communis
1553 1496 1669 1568 est,
1688 1494 1854 1575 quod
1881 1496 2048 1560 Deus
2074 1494 2392 1579 diligatur,
2419 1495 2571 1575 quia
2593 1493 2772 1558 Deus

319 1598 423 1658 est.
457 1595 539 1660 Et
568 1614 712 1659 cum
743 1594 975 1660 bonum
1011 1595 1423 1679 appretiative
1468 1616 1785 1661 summum
1817 1598 1903 1662 sit
1935 1598 2060 1661 tale
2100 1598 2178 1662 ob
2208 1598 2554 1678 quamlibet
2585 1596 2774 1679 perfe-

317 1697 601 1771 ctionem,
635 1696 770 1762 ideo
795 1697 1125 1781 conceptus
1150 1698 1413 1780 quilibet
1435 1698 1789 1764 divinarum
1815 1699 2259 1782 perfectionum
2284 1700 2438 1764 satis
2471 1701 2585 1763 est.
2611 1698 2772 1762 Hinc

322 1801 606 1865 Ioannes:
641 1800 776 1864 Nos
805 1819 952 1882 eryo
985 1799 1324 1883 diliyamus
1354 1800 1583 1875 Deum,
1622 1804 1920 1884 quoniam
1956 1803 2135 1868 Deus
2158 1805 2347 1883 prior
2376 1801 2605 1866 dilexit
2636 1822 2769 1867 nos.

329 1903 385 1964 1.
423 1902 615 1983 Epist.
649 1902 753 1965 IV.
792 1904 892 1967 19.

425 2074 480 2124 ΙΙ.
515 2073 658 2138 Resp.
689 2074 733 2126 ⁴.
758 2074 1074 2140 Praeceptum
1113 2073 1344 2129 Caritatis
1370 2074 1462 2127 Dei
1489 2074 1725 2142 praecipit
1768 2078 1920 2128 Deum
1960 2089 2109 2141 super
2138 2074 2300 2128 omnia
2333 2077 2609 2128 amandum.
2638 2076 2774 2129 Patet

310 2171 371 2208 ex
410 2155 682 2223 Scriptura.
712 2157 855 2211 Ratio
882 2164 972 2220 est,
999 2158 1110 2225 quia
1137 2158 1245 2212 finis
1286 2159 1487 2213 ultimus
1530 2161 1638 2227 plus
1664 2169 1738 2213 est
1763 2159 2050 2224 diligendus,
2078 2173 2220 2225 quam
2259 2159 2417 2212 omnia
2448 2158 2622 2224 medie,
2649 2173 2773 2225 quae

310 2244 368 2294 ad
408 2256 521 2294 eum
560 2245 860 2296 referuntur:
888 2258 983 2296 non
1023 2242 1217 2309 quidem
1253 2242 1492 2298 intensive
1515 2243 1632 2315 (etsi
1671 2244 1797 2299 enim
1837 2249 1929 2297 noc
1967 2243 2111 2296 etium
2147 2245 2333 2306 deceat,
2362 2259 2465 2298 non
2499 2250 2659 2297 tamen
2698 2252 2774 2296 est

308 2323 356 2378 in
378 2327 668 2392 praecepto)
688 2328 772 2380 sed
793 2325 1133 2394 appretiative,
1154 2326 1220 2380 ita
1249 2334 1302 2381 ut
1329 2331 1508 2382 nullam
1534 2335 1805 2381 creaturam
1834 2326 1990 2395 pluris
2018 2328 2179 2393 facias,
2202 2343 2345 2393 quam
2375 2331 2530 2381 Deum
2551 2327 2773 2393 velisque

309 2410 471 2475 potius
497 2409 662 2464 omnia
692 2413 909 2476 perdere,
935 2426 1077 2476 quam
1109 2413 1262 2465 Deum
1289 2414 1534 2467 offendere
1560 2420 1607 2466 et
1635 2412 1706 2467 sic
1736 2412 1809 2465 ini
1839 2417 1963 2465 male
1992 2415 2122 2467 vene
2148 2416 2199 2465 S.
2220 2414 2317 2466 Th.
2338 2416 2388 2466 2.
2413 2415 2461 2465 2.
2483 2414 2630 2478 ᾳ.27.
2652 2428 2696 2464 a.
2722 2414 2771 2466 3.

308 2498 451 2561 Azor,
484 2499 668 2551 Sancti.
697 2498 808 2550 Bec.
834 2501 885 2550 2,
913 2501 962 2550 2.
989 2512 1032 2550 c.
1063 2499 1146 2550 ⁴9.

392 2622 562 2698 Η-ῦ.
607 2624 904 2705 Quaestio
936 2645 1066 2691 esse
1098 2628 1307 2710 potest
1336 2627 1498 2691 circa
1535 2628 1881 2692 doctrinam
1919 2628 1992 2691 Α.
2034 2628 2108 2693 de
2135 2627 2487 2690 intensione
2519 2627 2769 2692 amoris

395 2729 565 2794 Nota
607 2728 921 2794 interdum
953 2730 1109 2807 DD.,
1144 2732 1218 2794 ut
1250 2750 1297 2794 s.
1347 2730 1672 2805 Thomam,
1721 2731 1970 2794 nomine
2018 2727 2380 2794 intensionis
2426 2728 2772 2813 intelligere

297 2832 847 2913 appretiationem,
868 2851 1055 2914 quam
1072 2831 1294 2897 Scotus
1311 2832 1583 2915 appellat
1599 2832 1791 2896 etiam
1808 2834 2243 2896 eastensionem.
2272 2830 2559 2897 Cavenda
2574 2833 2773 2918 igitur

301 2935 362 3000 in
396 2936 495 3007 his
529 2934 963 3001 hallucinatio.
1000 2935 1139 3000 Vid.
1175 2932 1447 2999 Coninck
1477 2932 1553 2997 de
1599 2935 1757 2998 Virt.
1796 2932 2004 2998 Theol.
2041 2934 2183 2999 dist.
2220 2937 2323 3000 25.
2358 2955 2418 2999 n.
2455 2938 2516 2998 2.

386 3038 578 3118 Quod
611 3057 734 3103 non
765 3038 1118 3120 requiratur
1139 3038 1404 3103 intensio
1428 3036 1648 3113 maior,
1673 3039 1771 3101 est
1800 3036 2081 3103 doctrina
2104 3038 2463 3103 cmnmunis.
2492 3037 2634 3102 Vid.
2660 3036 2774 3104 Co-

296 3141 484 3206 ninck
507 3142 565 3204 ›l.
606 3159 657 3203 c.
691 3159 751 3204 n.
785 3142 886 3204 14.
912 3138 1048 3219 Qua
1071 3139 1352 3204 doctrina
1376 3138 1727 3221 exploditur
1751 3141 1889 3202 tum
1923 3139 2129 3222 opinio
2164 3158 2398 3215 eorum,
2425 3140 2533 3221 qui
2558 3141 2770 3204 actum

293 3245 533 3308 amoris
567 3261 808 3305 summe
845 3243 1160 3305 intensum
1190 3242 1536 3327 exigebant,
1576 3242 1684 3324 qui
1733 3240 1807 3304 ad
1844 3241 2180 3306 absurdum
2212 3243 2465 3324 proinde
2510 3242 2772 3307 declina-

287 3346 482 3421 bant3
526 3344 684 3429 quia
717 3345 926 3409 nullus
953 3346 1128 3409 actus
1160 3344 1424 3429 cogitari
1457 3346 1662 3429 potest
1694 3345 1784 3407 ita
1814 3345 2373 3421 intensuS,utc11m
2400 3346 2513 3409 Dei
2538 3346 2768 3410 auxilio

285 3449 609 3517 intensior
632 3448 771 3514 elici
793 3466 915 3514 non
940 3448 1136 3531 possit
1160 3446 1463 3531 (Coninck
1487 3449 1529 3512 l.
1557 3468 1608 3512 c.
1631 3470 1695 3512 n.
1723 3448 1836 3531 4.),
1866 3457 2003 3513 tum
2031 3466 2265 3525 eorum,
2291 3448 2400 3531 qui
2425 3449 2767 3531 requirunt,

286 3554 363 3618 ut
401 3554 624 3618 Deum
656 3570 935 3616 amemus
973 3551 1293 3628 intensiuS,
1328 3571 1517 3634 quam
1555 3553 1752 3616 ullam
1784 3572 1913 3615 rem
1962 3552 2185 3627 aliam3
2226 3571 2384 3632 quae
2423 3551 2628 3633 opinio
2667 3569 2771 3633 pa-

288 3655 445 3719 riter
487 3656 568 3719 ut
602 3652 1030 3736 improbabilis
1061 3653 1356 3731 reiicitur,
1390 3654 1567 3717 iuxta
1598 3673 1789 3736 quam
1820 3653 1983 3717 idem
2022 3653 2199 3718 dolor
2235 3652 2309 3717 de
2340 3652 2625 3736 pcccatiS,
2658 3653 2767 3735 qui

289 3757 476 3822 hodie
516 3755 841 3821 sufficeret
888 3754 965 3818 ad
1001 3756 1425 3820 remissionem
1464 3755 1717 3838 peccati,
1759 3775 1894 3819 cras
1942 3772 2063 3819 non
2112 3754 2441 3832 sufficeret,
2475 3754 2528 3818 si
2575 3755 2771 3819 inten-

285 3857 419 3927 sius
468 3858 626 3941 quis
663 3877 721 3922 v,
756 3876 850 3942 gr.
883 3857 1122 3923 doleret
1165 3856 1239 3921 de
1285 3858 1682 3923 damnatione
1713 3858 1965 3923 aeterna
2003 3858 2332 3940 parentum
2362 3875 2621 3922 suorum
2650 3858 2769 3922 sibi

281 3962 646 4044 comperta.
679 3957 896 4023 Conin.
929 3958 1076 4023 ibid.
1117 3981 1176 4024 n.
1212 3961 1271 4023 5.

369 4064 585 4129 Ratio
630 4062 843 4127 autem
879 4080 989 4127 cur
1018 4062 1293 4127 sufficiat
1325 4080 1500 4127 amor
1535 4081 1775 4129 summe
1823 4062 2275 4146 appretiativus
2322 4062 2387 4126 et
2415 4080 2538 4125 non
2570 4063 2770 4144 requi-

279 4170 469 4232 ratur
509 4166 642 4229 aut
671 4184 951 4229 summus
982 4167 1095 4230 ant
1125 4165 1326 4231 maior
1355 4166 1658 4231 intensive
1689 4167 1892 4250 patet3
1918 4167 2068 4248 quia
2099 4166 2163 4229 in
2197 4183 2404 4231 amore
2437 4166 2768 4231 intensiore

279 4273 398 4338 aut-
435 4288 577 4335 non
611 4265 951 4333 intensiore
980 4268 1156 4332 nulla
1190 4268 1519 4334 intercedit
1549 4269 1953 4351 comparatio,
1989 4269 2051 4332 vi
2083 4267 2261 4333 cuius
2295 4268 2560 4332 alterum
2586 4267 2770 4332 alteri

280 4371 728 4454 praeferatur:
778 4370 904 4433 imo
964 4368 1095 4434 fieri
1142 4371 1367 4453 potest,
1417 4371 1491 4434 ut
1536 4370 1701 4453 quod
1748 4371 2052 4435 intensius
2089 4370 2304 4454 diligo,
2364 4370 2769 4453 posthabeam

275 4471 780 4558 appretiatione.
815 4471 918 4539 Ita
936 4471 1240 4539 intensius
1266 4473 1492 4554 aliquis
1518 4473 1756 4539 amabit
1779 4474 2096 4548 catellum,
2130 4492 2319 4554 quam
2350 4472 2634 4545 fratrem;
2660 4491 2771 4535 nec

276 4579 497 4640 tamen
534 4572 800 4658 perdere
829 4572 1084 4639 fratrem
1117 4575 1327 4657 potius
1360 4593 1547 4657 quam
1580 4575 1878 4641 catellum
1912 4575 2184 4641 auderet.
