3497 5147
693 351 801 405 842
1304 368 1516 409 τπΑοτ.
1543 368 1648 410 vn.
1677 367 1838 409 sacr.
1867 370 1905 408 1.
1935 369 2019 407 mr
2045 368 2299 410 mmmo.
2325 369 2469 411 mm.
2500 371 2540 410 1.
2977 359 3161 428 [1126]

785 463 856 527 In
905 464 1123 549 vigilia
1170 465 1493 529 Paschatis
1532 466 1595 529 et
1637 462 2034 531 Pentecostes
2081 465 2545 549 permittiturne
2591 467 2797 532 idem?
2829 466 3161 532 Salmanti-

695 586 903 631 censes
941 568 1174 651 negant
1209 568 1516 651 duplicem
1553 569 1876 633 coenulam
1908 572 1971 634 et
2001 571 2151 635 item
2183 570 2367 642 Viva,
2400 571 2547 634 licet
2584 571 2922 635 concedant
2953 572 3157 635 decem

698 670 812 732 aut
840 669 1123 733 undecim
1173 671 1404 735 uncias.
1446 669 1670 735 Subdit
1716 691 1764 734 s.
1799 671 2190 754 Alphonsus:
2232 698 2268 730 ‹
2301 672 2429 736 Sed
2462 671 2538 735 de
2568 671 2683 735 hac
2719 673 3161 737 consuetudine

697 771 871 851 apud
898 792 1012 835 nos
1048 773 1237 836 etiam
1267 771 1477 836 dubito
1509 799 1570 836 ».
1621 774 1945 837 Dicemus:
1996 775 2101 838 ubi
2134 794 2253 839 non
2288 777 2535 839 constat
2579 773 2654 838 de
2691 774 3157 852 consuetudine,

699 876 1046 939 omittetur.
1087 874 1252 939 Olim
1284 876 1520 940 Romae
1544 876 1604 939 in
1640 873 1913 940 Sabbato
1939 875 2164 940 Sancto
2190 877 2570 942 consuetudo
2603 877 3011 960 permittebat
3040 895 3158 942 ova

699 979 764 1041 et
798 997 1081 1042 caseum:
1116 978 1253 1041 dein
1288 978 1537 1041 sublata
1575 981 1687 1043 est.
1724 976 1837 1043 Sed
1875 978 2039 1060 quod
2076 998 2199 1042 non
2237 980 2437 1044 exstet
2466 978 2749 1061 Neapoli,
2792 997 2914 1043 non
2948 978 3157 1057 efficit,

698 1080 1030 1162 quominus
1067 1080 1275 1164 vigere
1314 1081 1464 1144 alibi
1511 1082 1726 1163 possit,
1777 1081 1941 1144 sicut
1985 1082 2494 1145 consuetudinem
2531 1099 2642 1164 pro
2673 1080 2828 1145 feria
2858 1081 2924 1144 in
2969 1099 3160 1146 coena

699 1182 949 1246 Domini
982 1183 1289 1247 memorat
1324 1183 1398 1247 A.
1435 1185 1667 1248 noster.

789 1284 953 1348 Illud
986 1284 1246 1366 denique
1295 1286 1615 1363 advertite,
1666 1287 1969 1367 quosdam
2018 1286 2094 1349 ad
2141 1288 2553 1351 excusandam
2582 1286 2882 1351 maiorem
2921 1287 3164 1368 quanti-

701 1388 896 1450 tatem
935 1387 1315 1470 excogitasse
1347 1388 1621 1451 laborem
1654 1388 1826 1452 illius
1863 1390 2083 1466 noctis,
2135 1389 2197 1452 in
2237 1408 2362 1471 qua
2408 1388 2661 1473 vigilari
2708 1388 2870 1453 solet
2914 1391 2978 1453 et
3023 1389 3160 1453 cani

699 1489 1103 1553 matutinum.
1139 1488 1238 1553 Sic
1276 1510 1397 1554 non
1432 1490 1717 1555 omnibus
1751 1490 2133 1556 concedenda
2165 1491 2327 1556 foret
2365 1491 2470 1556 sed
2503 1491 2653 1556 solis
2685 1491 3116 1576 vigilantibus.

794 1587 982 1661 1126.
1017 1591 1311 1673 Sequitur
1342 1594 1625 1674 quaestio
1658 1594 1730 1658 de
1764 1594 2070 1675 qualitate
2102 1594 2381 1658 ciborum
2410 1594 2472 1657 in
2499 1593 2793 1658 Caenula.
2829 1595 3005 1659 Duae
3027 1595 3162 1659 heic

701 1698 850 1760 sunt
880 1697 1271 1777 quaestiones
1308 1696 1659 1779 generales:
1711 1698 1869 1761 aliae
1908 1698 2046 1762 dein
2094 1698 2406 1780 speciales.
2447 1698 2658 1761 Prima
2691 1699 2999 1782 generalis
3046 1701 3157 1777 est,

702 1819 779 1863 an
812 1800 998 1862 liceat
1030 1800 1123 1862 uti
1163 1800 1440 1880 qualibet
1478 1819 1616 1864 esca
1654 1820 1724 1864 ex
1756 1801 2021 1883 propriis
2059 1800 2590 1883 quadragesimae.

791 1902 1028 1965 Auctor
1074 1903 1303 1965 statuit
1347 1902 1736 1985 principium,
1787 1922 1907 1967 non
1957 1902 2287 1967 sumendos
2334 1922 2465 1966 esse
2497 1922 2601 1967 eos
2640 1902 2829 1981 cibos,
2866 1905 2973 1985 qui
3007 1904 3162 1968 ordi-

700 2004 933 2067 nantur
979 2003 1054 2066 ad
1101 2004 1526 2067 nutritionem.
1579 2003 1713 2083 Qua
1762 2004 1834 2067 de
1880 2024 1944 2068 re
1993 2003 2510 2069 Salmanticenses
2559 2004 2720 2088 (cap.
2774 2007 2834 2068 2.
2883 2026 2944 2069 11.
2999 2007 3159 2089 77.);

708 2132 743 2165 ‹
769 2104 1198 2188 Respondetur
1221 2107 1385 2170 sumi
1411 2106 1608 2189 primo
1634 2126 1813 2189 posse
1825 2127 2078 2185 panem,
2106 2126 2309 2189 poma,
2338 2108 2630 2172 arborum
2661 2107 2922 2186 fructus,
2953 2128 3163 2194 amyg-

702 2209 896 2285 dalaS,
919 2227 1072 2271 uvas
1098 2209 1368 2273 recentes
1394 2211 1457 2272 et
1480 2208 1691 2284 siccae,
1720 2209 1908 2287 oleas,
1936 2228 2140 2283 nuceS,
2169 2228 2341 2293 pyra,
2377 2209 2600 2273 herbas
2625 2209 2845 2274 crudas
2870 2214 2933 2274 et
2957 2214 3162 2276 coctas

701 2312 764 2375 et
797 2311 930 2374 oleo
966 2309 1174 2392 aliquo
1207 2310 1543 2387 immixtas,
1578 2310 1870 2386 insalata‚
1905 2310 2206 2374 dulciaria
2244 2311 2308 2374 et
2346 2311 2470 2374 alia
2509 2311 2788 2376 bellaria.
2823 2312 2984 2376 Tum
3016 2314 3161 2394 quia

703 2412 996 2495 praedicti
1031 2413 1150 2476 cibi
1183 2432 1302 2477 non
1326 2415 1473 2475 sunt
1497 2432 1564 2475 ex
1592 2413 1709 2491 his,
1744 2413 1851 2494 qui
1887 2413 2250 2476 ordinantur
2276 2413 2352 2476 ad
2377 2412 2847 2477 sustentandam
2870 2418 3158 2479 naturam

701 2518 764 2580 et
787 2515 1214 2581 nutriendam:
1243 2518 1379 2579 tum
1406 2515 1597 2579 etiam
1621 2516 1769 2597 quia
1796 2517 1882 2579 sic
1909 2516 2183 2580 obtinuit
2214 2516 2595 2581 consuetudo
2630 2540 2692 2580 ».
2727 2516 2865 2582 Non
2895 2520 3157 2600 negatur

701 2619 865 2701 quod
912 2619 976 2681 hi
1024 2619 1145 2682 cibi
1193 2618 1426 2699 aliquid
1475 2619 1793 2683 conferant
1842 2620 1917 2683 ad
1965 2619 2391 2698 nutritionem,
2426 2621 2566 2703 plus
2612 2621 2856 2696 minus:
2890 2620 2992 2685 sed
3035 2640 3161 2685 non

702 2724 848 2786 sunt
873 2723 1035 2786 certe
1068 2741 1138 2786 ex
1170 2722 1266 2799 iis,
1295 2740 1449 2803 quos
1483 2722 1668 2786 homo
1696 2724 1907 2786 sumat
1930 2722 2176 2804 quando
2202 2741 2265 2786 se
2289 2723 2526 2787 nutrire
2549 2723 2902 2806 famemque
2933 2725 3163 2788 satiare

703 2823 1010 2887 intendat:
1051 2824 1104 2888 si
1137 2825 1401 2907 excipias
1435 2824 1593 2888 forte
1631 2845 1873 2907 panem,
1915 2826 2042 2907 qui,
2084 2826 2200 2889 etsi
2233 2825 2493 2903 nutriat,
2529 2828 2748 2891 ceteris
2795 2828 3163 2892 esurialibus

700 2924 851 2988 cibis
904 2926 1245 2990 accensitus
1294 2928 1405 3003 est,
1457 2927 1604 3008 quia
1660 2928 2041 2991 necessarius
2097 2929 2192 2992 est
2247 2927 2324 2992 ad
2382 2929 2707 2993 fovendam
2755 2929 3166 3014 digestionem

701 3028 999 3104 ciborum,
1042 3028 1221 3092 aiunt
1259 3028 1563 3094 Salmaut.
1602 3030 1645 3092 1.
1681 3050 1731 3093 c.
1769 3051 1826 3094 n.
1872 3032 1975 3095 80.

794 3130 1025 3194 Verum
1075 3133 1355 3215 superius
1405 3132 1758 3195 audivimus
1792 3152 1862 3195 ex
1895 3151 1942 3195 s.
1979 3132 2253 3216 Ligorio,
2288 3135 2796 3200 consuetudinem
2828 3135 3164 3210 obtinusse,

702 3235 777 3296 ut
824 3234 1057 3315 aliquid
1107 3235 1456 3298 sumeretur
1504 3234 1696 3297 etiam
1741 3235 1829 3297 ad
1873 3236 2297 3301 nutriendum.
2332 3237 2497 3321 Ergo
2534 3258 2606 3302 ea
2636 3239 2857 3323 regula
2887 3257 3009 3304 non
3043 3257 3166 3301 am·

702 3337 864 3418 plius
911 3338 1099 3401 valet.

791 3440 982 3504 Iidem
1020 3439 1321 3503 Salmant.
1340 3457 1460 3501 non
1497 3439 1725 3503 audent
1757 3441 2113 3523 permittere
2137 3443 2501 3525 pisciculum
2528 3446 2640 3508 aut
2669 3444 2843 3508 fumo
2868 3444 3168 3508 siccatum

703 3545 815 3608 aut
864 3544 1037 3606 aceto
1085 3561 1191 3604 seu
1240 3541 1367 3604 sale
1415 3540 1736 3606 decoctum
1783 3543 2172 3628 (marinato).
2223 3545 2310 3609 At
2348 3546 2495 3627 quid
2529 3547 2633 3610 ubi
2666 3546 2891 3611 desunt
2914 3546 3010 3610 illi
3046 3544 3169 3608 fru-

701 3648 858 3722 ctuS,
895 3663 1050 3726 quos
1099 3645 1491 3708 enumeratos
1532 3645 1856 3710 vidimus?
1904 3645 2065 3726 Quid
2115 3648 2362 3729 quando
2412 3649 2557 3712 anni
2590 3649 2889 3714 sterilitas
2924 3668 3029 3713 eos
3060 3667 3170 3713 nec

700 3748 1077 3832 regionibuS,
1127 3765 1285 3827 quae
1333 3747 1609 3829 alioquin
1656 3749 1860 3814 solent
1905 3749 1982 3812 iis
2032 3750 2364 3828 abundare,
2414 3752 2789 3833 praebuere?

794 3850 956 3912 Hinc
989 3849 1049 3911 in
1076 3848 1409 3914 Germania
1436 3851 1678 3914 axioma
1711 3852 2081 3928 invaluerat,
2130 3852 2300 3916 licite
2337 3854 2500 3916 vesci
2531 3854 2886 3936 quempiam
2919 3873 2991 3918 ex
3022 3873 3171 3936 quo-

700 3953 852 4018 libet
898 3952 1421 4037 quadragesimali
1468 3954 1623 4030 cibo,
1652 3973 1775 4035 quo
1825 3955 1964 4035 quis
1997 3957 2285 4019 vescatur
2317 3954 2393 4019 ad
2426 3956 2774 4037 prandium.
2813 3956 2941 4020 Alii
2979 3975 3167 4040 prope

701 4056 823 4120 duo
875 4057 1015 4119 ante
1064 4055 1270 4120 secula
1317 4055 1621 4129 dicebant,
1672 4056 2176 4120 consuetudinem
2228 4058 2562 4121 invaluisse
2609 4058 2889 4123 vescendi
2917 4059 3171 4141 piscicu-

696 4160 816 4234 lis:
870 4158 977 4222 alii
1024 4157 1344 4238 quibusvis
1377 4157 1667 4238 piscibus,
1702 4158 2037 4224 dummodo
2073 4159 2282 4224 debita
2319 4162 2599 4225 servetur
2631 4162 2976 4242 quantitas.
3012 4159 3168 4226 Con·

702 4261 899 4324 cludit
945 4259 1234 4342 Ligorius
1282 4277 1341 4320 n.
1390 4260 1580 4322 1028.
1638 4286 1671 4315 ‹<
1710 4261 2047 4337 Bonacina,
2099 4262 2262 4326 Viva
2311 4281 2382 4326 ac
2421 4263 2736 4328 Mazzotta
2767 4264 3172 4346 probabiliter

704 4364 899 4437 aiunt,
948 4361 1129 4424 hodie
1176 4381 1247 4424 ex
1294 4363 1737 4426 consuetudine
1786 4362 1912 4426 iam
1953 4365 2117 4446 apud
2149 4385 2261 4430 nos
2294 4369 2539 4448 recepta
2586 4366 2802 4449 (quam
2838 4367 2996 4431 mihi
3028 4386 3173 4432 con-

704 4465 1030 4526 firmarunt
1079 4462 1184 4527 alii
1233 4463 1399 4527 docti
1448 4467 1509 4528 et
1556 4464 1729 4546 probi
1803 4465 2102 4550 iuniores)
2173 4487 2352 4552 posse
2423 4469 2586 4532 sumi
2634 4469 2695 4533 in
2747 4470 3005 4534 coenula
3054 4470 3175 4534 exi-

704 4584 893 4646 guam
942 4566 1180 4646 partem
1230 4587 1287 4629 v.
1337 4587 1398 4650 g.
1449 4566 1604 4630 duas
1654 4567 1750 4629 vel
1799 4570 1923 4632 tres
1971 4571 2184 4634 uncias
2234 4571 2418 4653 piscis
2472 4572 2728 4636 maioris
2753 4596 2815 4636 ».
2866 4571 2950 4635 Et
2997 4572 3180 4636 affert
