3497 5147
434 397 616 472 [1013]
1120 413 1365 456 srnoms
1400 413 1720 456 auxumam
1756 413 2210 456 consummas
2783 401 2891 460 749

518 510 726 597 Igitur
749 510 803 574 si
827 527 1087 593 persona
1120 529 1239 575 non
1279 510 1626 576 abducatur
1660 512 1767 576 sed
1797 513 1862 576 in
1886 513 2022 579 loco
2060 512 2348 588 violetur,
2381 531 2504 577 non
2529 514 2648 579 erit
2669 519 2888 598 raptus

432 613 536 680 sed
566 619 852 695 stuprum
899 614 997 679 vel
1042 611 1311 677 m'olenta
1342 615 1653 694 oppressio
1667 636 1690 694 ,ὲ
1723 617 2009 698 quamvis
2052 638 2087 682 a
2125 616 2434 682 veteribus
2481 617 2598 682 hoc
2643 636 2888 699 quoque

431 718 546 782 sub
576 717 776 800 specie
811 718 1031 800 raptus
1055 717 1691 800 comprehenderetur,
1720 720 1793 782 ut
1823 721 1999 801 patet
2030 739 2099 783 ex
2140 739 2188 783 s.
2216 720 2458 785 Thema
2489 739 2549 801 q.
2584 719 2691 784 cit.
2731 739 2787 784 a.
2828 722 2885 785 1.

426 822 494 885 et
526 821 643 884 art.
677 820 783 884 cit.

518 915 677 987 Item
724 923 779 987 si
817 921 1164 986 abducatur
1194 939 1453 1005 persona
1484 941 1606 987 non
1638 940 1828 987 causa
1860 924 2153 1000 libidinis,
2188 925 2292 988 sed
2322 922 2640 1008 redigendi
2663 923 2724 986 in
2758 942 2885 987 ser-

427 1025 693 1091 vitutem
728 1026 839 1090 aut
875 1023 1225 1090 vindicandi
1256 1025 1532 1101 dominii,
1573 1043 1694 1090 non
1727 1025 1967 1091 dicetur
1998 1028 2236 1109 raptus,
2272 1026 2377 1091 sed
2390 1023 2703 1107 playimn.

516 1124 709 1198 1013.
758 1125 1004 1192 Crimen
1051 1130 1269 1210 raptus
1313 1127 1378 1192 in
1426 1128 1567 1192 Iure
1612 1148 1736 1193 non
1784 1131 1898 1206 est,
1941 1129 1994 1194 si
2041 1147 2303 1212 sponsus
2340 1129 2656 1212 propriam
2703 1146 2881 1210 spon-

425 1249 561 1294 sam
605 1230 838 1312 rapiat;
887 1248 959 1294 eo
1004 1229 1171 1311 quod
1217 1249 1290 1295 ex
1333 1229 1809 1312 desponsatione
1856 1231 2092 1314 aliquid
2139 1232 2296 1296 iuris
2341 1232 2407 1295 in
2447 1249 2585 1295 eam
2630 1231 2876 1294 habeat.

426 1334 526 1398 Ita
563 1352 611 1397 s.
640 1333 912 1398 Thomas
960 1334 1021 1397 2.
1057 1334 1116 1396 2.
1157 1352 1216 1415 q.
1260 1333 1406 1397 154.
1448 1352 1504 1396 a.
1543 1334 1602 1398 7.
1637 1334 1715 1398 ad
1763 1335 1825 1398 4.
1864 1358 1901 1393 «
1949 1334 2224 1419 Sponsus
2270 1354 2341 1399 ex
2373 1336 2511 1418 ipsa
2557 1335 2883 1416 desponsa-

422 1437 590 1501 tione
636 1436 827 1500 habet
861 1434 1115 1517 aliquod
1160 1435 1259 1499 ius
1289 1435 1355 1500 in
1408 1454 1588 1501 suam
1636 1455 1948 1520 sponsam.
2005 1438 2088 1502 Et
2130 1438 2269 1502 ideo
2315 1438 2603 1519 quamvis
2651 1441 2877 1519 peccet,

422 1538 785 1602 violentiam
830 1537 1163 1612 inferendo,
1211 1542 1542 1603 excusatur
1588 1541 1798 1604 tamen
1845 1559 1884 1604 a
1927 1541 2181 1605 crimine
2211 1541 2450 1623 raptus.
2485 1539 2661 1605 Unde
2703 1538 2882 1604 Gela·

422 1640 550 1705 sins
596 1640 769 1724 Papa
814 1639 966 1705 dicit
1010 1640 1175 1724 apud
1221 1638 1597 1705 Gratianum
1644 1661 1693 1705 c.
1728 1643 1835 1707 36.
1869 1662 1928 1723 q.
1974 1643 2030 1708 1.
2067 1662 2159 1726 cp.
2196 1642 2298 1705 zesc
2343 1641 2462 1705 illa
2479 1662 2502 1705 .·
2555 1665 2590 1700 ‹
2625 1642 2722 1706 lex
2769 1642 2879 1705 ilia

417 1743 896 1825 praeteritorum
920 1743 1286 1825 principum,
1318 1742 1408 1807 ibi
1436 1746 1689 1826 raptum
1707 1743 1866 1809 dixit
1895 1762 2028 1810 esse
2057 1744 2480 1820 commissum,
2510 1743 2620 1809 ubi
2667 1744 2875 1825 puella

416 1845 493 1909 de
528 1846 707 1909 cicius
732 1844 975 1924 nuptiis
1008 1843 1174 1908 nihil
1217 1850 1424 1908 acttvm
1468 1845 1694 1924 fuerat,
1729 1846 2056 1911 videbatur
2089 1847 2355 1911 abducta
2387 1870 2450 1910 ».
2485 1845 2587 1910 Ita
2636 1849 2698 1911 et
2737 1846 2878 1910 Aie-

419 1947 646 2012 xander
676 1935 791 2012 111.
822 1966 919 2029 cp.
962 1945 1119 2011 Cum
1163 1966 1374 2020 causa,
1430 1945 1504 2010 de
1550 1946 1957 2027 Raptmibus.
1990 1973 2027 2008 α
2055 1946 2217 2013 Cum
2248 1948 2336 2013 ibi
2366 1951 2586 2030 raptus
2633 1948 2878 2013 dicatur

420 2049 687 2127 admitti,
721 2049 834 2114 ubi
874 2049 973 2113 mil
1015 2053 1162 2115 ante
1207 2049 1282 2113 de
1326 2051 1570 2130 nuptiis
1589 2050 1806 2132 ayiacr
1835 2075 1871 2110 »
1902 2051 2017 2135 (a),
2050 2052 2159 2118 ubi
2189 2051 2359 2116 vides
2389 2051 2671 2116 sufficere
2703 2069 2874 2134 prae·

417 2152 729 2217 cedentem
759 2154 1103 2219 tractatum
1132 2152 1207 2218 de
1240 2153 1475 2236 nuptiis
1502 2152 1809 2230 ineundiS‚
1842 2173 1917 2218 ne
1948 2156 2168 2237 raptus
2198 2154 2462 2230 dicatur,
2505 2155 2870 2231 tractatum,

415 2255 690 2337 inquam,
724 2256 1013 2339 utrinque
1048 2256 1296 2322 initum.
1330 2256 1661 2321 Peccatum
1695 2258 1905 2321 tamen
1937 2256 2076 2336 erit,
2109 2257 2229 2321 etsi
2257 2274 2382 2321 non
2416 2257 2501 2321 sit
2545 2258 2785 2339 raptus,
2819 2256 2873 2320 si

412 2377 640 2442 sponsa
670 2359 869 2425 invita
916 2359 1279 2434 abducatur,
1313 2362 1386 2424 ut
1433 2359 1788 2424 audivimus
1812 2377 1850 2423 a
1881 2377 1930 2424 s.
1966 2359 2226 2424 Thema.

503 2460 662 2527 Cum
692 2462 933 2532 Thoma
962 2463 1306 2529 consentire
1338 2466 1400 2529 et
1428 2464 1700 2545 reliquos
1732 2462 1870 2527 DD.
1911 2462 2003 2527 ait
2047 2461 2297 2527 Lessius
2328 2461 2370 2525 l.
2409 2461 2520 2526 inf.
2559 2461 2664 2526 cit.
2683 2481 2741 2526 n.
2767 2462 2869 2525 70.

406 2562 504 2630 Of.
536 2569 603 2631 et
634 2564 901 2632 Sanchez
935 2565 1010 2631 de
1039 2565 1245 2633 Matr.
1279 2567 1323 2631 l.
1361 2567 1417 2631 7.
1450 2567 1510 2631 d.
1556 2567 1657 2632 13.
1690 2587 1752 2631 n.
1782 2566 1885 2631 15.

500 2667 566 2734 Si
611 2671 785 2736 nulla
820 2671 918 2736 vis
962 2671 1266 2737 inferatur
1311 2673 1426 2736 aut
1472 2671 1682 2735 nullus
1751 2670 1958 2736 metus
2001 2669 2350 2735 incutiatur
2394 2670 2516 2753 ipsi
2570 2688 2867 2754 personae

413 2772 511 2838 vel
553 2773 631 2838 iis
676 2773 741 2838 in
788 2792 1054 2857 quarum
1100 2776 1196 2838 est
1242 2774 1572 2857 potestate,
1622 2773 1674 2837 si
1719 2773 1894 2837 nullo
1947 2772 2091 2838 dolo
2139 2791 2400 2855 persona
2462 2774 2867 2839 abstrahatur

404 2893 450 2937 *a
484 2876 621 2941 loco
669 2876 774 2941 sed
810 2876 947 2961 ipsa
992 2878 1211 2959 sponte
1256 2875 1549 2951 discedat,
1582 2875 1680 2951 iis,
1713 2874 1779 2938 in
1809 2890 2077 2956 quorum
2108 2877 2203 2940 est
2247 2876 2558 2957 potestate
2603 2876 2870 2941 nescien-

410 2977 600 3054 tibus,
647 2997 771 3044 non
818 2978 937 3073 erit
980 2980 1219 3063 raptuS,
1259 2978 1364 3042 sed
1410 2977 1767 3043 voluntaria
1812 2976 1985 3058 fuya.
2035 2974 2129 3041 Cf.
2177 2977 2461 3043 Lessium
2508 2978 2551 3041 l.
2604 2979 2665 3042 4.
2715 2998 2766 3044 c.
2801 2979 2863 3041 3.

399 3079 555 3146 dub.
605 3083 668 3147 9.

497 3184 558 3250 S.
592 3186 777 3271 Alph.
826 3206 885 3251 n.
920 3187 1071 3251 444.
1106 3188 1288 3252 notat
1316 3185 1691 3251 constituere
1722 3188 1977 3267 raptum
2000 3184 2192 3250 etiam
2223 3200 2431 3266 preces
2468 3184 2864 3267 importunas

408 3289 572 3371 quod
619 3289 888 3355 Sanehez
934 3289 1010 3352 de
1055 3288 1260 3353 Matr.
1308 3289 1349 3352 l.
1412 3289 1468 3351 7.
1526 3287 1584 3351 d.
1620 3306 1631 3372 ἱ
1643 3288 1744 3351 12.
1801 3306 1863 3350 n.
1912 3287 2018 3350 32.
2075 3287 2347 3368 pressius
2394 3286 2862 3365 circumscribit,

405 3392 652 3474 quando
699 3390 986 3455 videlicet
1031 3409 1235 3473 preces
1280 3390 1673 3474 importunae
1721 3388 1881 3452 taies
1925 3389 2094 3463 sunt,
2143 3389 2217 3451 ut
2261 3387 2595 3453 violentiae
2653 3392 2864 3471 aequi—

406 3496 723 3575 parentur,
769 3491 1018 3575 quando
1050 3491 1345 3556 nimirum
1392 3491 1551 3555 aliae
1597 3489 2097 3555 cirsumstantiae
2144 3488 2445 3554 cumillis
2475 3492 2863 3567 concurrant,

409 3612 459 3657 e.
516 3616 609 3678 gr.
650 3595 958 3659 maximus
1003 3593 1382 3659 reverentiae
1429 3593 1636 3668 timor,
1684 3591 1779 3656 ita
1825 3594 1899 3656 ut
1946 3610 2240 3674 personae
2286 3591 2373 3656 sic
2432 3591 2694 3655 instanti
2742 3611 2863 3656 non

396 3695 636 3761 audeat
681 3697 891 3780 puella
933 3696 1369 3773 contradicere,
1419 3698 1491 3760 ut
1539 3695 1629 3758 ait
1673 3693 1822 3757 ibid.
1871 3714 1931 3758 n.
1993 3694 2095 3757 10.
2144 3694 2292 3770 sive,
2343 3695 2416 3758 ut
2461 3693 2727 3757 diximus
2791 3694 2865 3758 de

409 3799 626 3881 stupro
671 3820 732 3863 n.
776 3800 878 3864 79.
927 3799 1101 3881 (nam
1146 3799 1359 3865 eadem
1406 3800 1501 3863 ast
1546 3798 1758 3880 ratio),
1807 3796 1864 3861 si
1908 3796 2189 3879 precibus
2221 3796 2600 3879 importunis
2650 3796 2861 3862 adiun-

404 3903 640 3986 gantur
672 3901 897 3966 minae.

498 4004 816 4083 Quatenus
872 4023 1016 4069 vero
1072 4007 1289 4087 raptus
1356 4002 1868 4086 impedimentum
1925 4002 2014 4067 sit
2080 4002 2483 4081 matrimonii,
2549 4023 2660 4067 suo
2724 4004 2861 4070 loco

407 4106 666 4172 dicetur.

459 4438 521 4492 (a)
542 4437 603 4481 In
622 4437 659 4480 1.
681 4436 834 4481 unica
849 4435 902 4480 Ο.
918 4437 974 4480 de
992 4438 1151 4490 Rapta
1168 4434 1422 4489 namnum,
1438 4437 1612 4488 raptor
1634 4439 1870 4479 censetur
1884 4438 1936 4480 ot
1954 4436 2045 4490 qni
2063 4446 2298 4489 aponum
2319 4448 2463 4481 mam
2483 4440 2638 4494 rapit.
2659 4439 2761 4485 Lex
2781 4447 2860 4486 est

402 4505 696 4551 Iustiniani.
718 4505 897 4561 Legem
917 4503 1121 4548 civilem
1141 4501 1461 4546 emendatam
1480 4515 1511 4545 a
1532 4502 1641 4545 iure
1670 4502 1910 4546 canonico
1929 4502 2055 4546 dicit
2075 4502 2298 4548 Sanohez
2323 4503 2358 4547 1.
2383 4504 2421 4547 7.
2445 4506 2572 4562 disp.
2595 4508 2664 4553 12.
2685 4521 2735 4552 n.
2757 4510 2824 4553 15.
