3497 5147
332 360 468 436 [576]
888 386 897 399 ·
1326 377 1629 418 'rr-:NTA'rro
1662 379 1776 418 nm
2672 356 2778 418 277

329 473 588 557 speciem
622 472 1006 537 infidelitatis
1038 492 1109 537 ex
1140 476 1316 555 parte
1347 474 1445 537 sui
1477 474 1717 551 obiecti,
1753 475 1859 538 sed
1891 495 1962 539 ex
1995 475 2111 539 hoc
2141 475 2331 538 habet
2364 493 2586 538 novam
2622 475 2780 539 inor-

326 576 723 652 dinationem,
765 577 825 639 in
857 577 974 640 hoc
1004 575 1392 655 residentem,
1417 576 1581 657 quod
1620 576 1848 657 aliquid
1877 596 1912 641 a
1953 578 2083 642 Deo
2115 578 2177 640 in
2212 577 2474 641 materia
2505 577 2777 642 indebita

323 681 620 765 postulet,
653 680 819 762 quod
864 682 960 746 est
1003 681 1223 746 contra
1266 680 1674 745 reverentiam
1710 681 1826 745 Dei
1858 682 1922 746 et
1969 681 2192 746 idcirco
2224 682 2438 746 contra
2479 681 2776 745 virtutem

331 783 687 868 ReligioniS,
723 782 897 847 cuius
929 783 1027 846 est
1062 783 1192 847 Deo
1225 781 1498 846 debitam
1528 784 1934 847 reverentiam
1968 783 2269 847 exhibere.

407 881 584 957 375.
622 884 796 949 Licet
842 876 1053 949 autem
1101 902 1221 948 non
1269 883 1448 948 detur
1485 883 1547 946 in
1584 884 1839 964 formali
1869 886 1985 949 Dei
2016 885 2360 949 tentatione
2397 886 2618 950 levitas
2651 904 2781 950 ma-

330 989 532 1065 teriae,
567 988 747 1071 plura
779 989 987 1052 tamen
1021 987 1350 1051 occurrunt
1380 986 1672 1050 notanda.

409 1090 492 1153 Et
543 1090 745 1172 primo
791 1106 935 1154 cum
981 1088 1313 1152 dixerimus
1365 1088 1647 1171 superius
1693 1109 1752 1152 n.
1804 1090 1953 1153 371.
2005 1089 2277 1154 dubitari
2326 1106 2503 1171 posse
2560 1088 2659 1153 vel
2705 1088 2778 1152 de

333 1192 800 1277 perfectionibus
847 1194 963 1257 Dei
1016 1191 1363 1256 intrinsecis
1417 1192 1514 1255 vel
1560 1191 1633 1256 de
1682 1190 1940 1258 decretis
1988 1193 2334 1258 voluntatis
2381 1210 2548 1269 suae,
2597 1192 2779 1255 notat

334 1294 550 1359 Suarez
583 1294 659 1359 de
694 1294 905 1377 Reziy.
955 1295 1107 1359 tom.
1141 1295 1191 1357 Ι.
1224 1295 1304 1357 tr.
1339 1294 1400 1356 3.
1439 1294 1546 1357 lib.
1586 1295 1643 1358 1.
1685 1314 1816 1378 cap.
1854 1297 1913 1358 2.
1949 1315 2007 1357 n.
2044 1297 2127 1373 5.,
2164 1295 2448 1359 dubitare
2494 1294 2566 1357 de
2612 1295 2778 1358 hisce
2911 1301 2918 1307 '

331 1397 768 1480 posterioribus
799 1415 920 1461 non
968 1414 1097 1461 esse
1129 1396 1221 1459 ita
1254 1414 1361 1478 per
1390 1415 1455 1460 se
1502 1398 1776 1473 malum3
1819 1397 1967 1479 quia
2001 1414 2120 1460 non
2169 1398 2415 1460 tenetur
2446 1397 2631 1460 homo
2671 1415 2780 1461 nec

331 1499 531 1580 potest
578 1499 639 1561 in
690 1498 974 1562 omnibus
1005 1498 1158 1562 scire
1192 1498 1582 1561 voluntatem
1616 1499 1730 1561 Dei
1777 1499 2035 1562 liberam
2082 1518 2192 1562 nec
2239 1498 2311 1560 de
2361 1498 2528 1561 omni
2560 1499 2779 1562 effectu

330 1600 531 1682 potest
575 1601 795 1665 statim
826 1618 1210 1684 cognoscere,
1250 1600 1560 1681 quomodo
1609 1619 1645 1662 a
1678 1602 1809 1665 Deo
1848 1601 1949 1665 sit.
1987 1598 2133 1664 Ideo
2165 1600 2226 1663 in
2259 1599 2646 1681 explorandis
2683 1600 2779 1665 his

330 1702 567 1766 actibus
590 1722 713 1768 non
737 1703 955 1767 statim
980 1705 1239 1785 apparet
1270 1701 1530 1778 malitia,
1557 1703 1662 1765 sed
1695 1703 2062 1785 spectandae
2085 1704 2233 1766 sunt
2256 1702 2775 1767 circumstantiae.

415 1805 713 1881 Dicimus,
748 1804 1113 1888 spectandas
1153 1822 1285 1867 esse
1316 1804 1836 1881 circumstantias,
1873 1805 2095 1885 quibus
2127 1804 2260 1868 fieri
2292 1806 2516 1887 potest,
2552 1806 2626 1868 ut
2657 1823 2780 1869 non

332 1907 531 1971 solum
562 1909 709 1972 haec
745 1907 1050 1991 posterior
1082 1905 1412 1981 dubitatio,
1447 1906 1552 1970 sed
1583 1924 1741 1988 quae
1790 1907 2050 1991 attingit
2097 1906 2285 1970 etiam
2334 1907 2640 1970 attributa
2687 1907 2779 1970 di-

329 2009 469 2073 vina
518 2028 588 2074 ae
632 2010 767 2074 inde
814 2010 1144 2093 procedens
1191 2008 1457 2073 tentatio
1505 2010 1618 2072 aut
1662 2009 1921 2073 venialis
1967 2010 2051 2073 sit
2099 2010 2212 2074 aut
2242 2009 2432 2073 etiam,
2464 2009 2708 2092 penitus
2743 2030 2778 2074 a

323 2114 573 2194 peccato
620 2114 960 2177 excusetur.

406 2212 636 2279 Suarez
668 2214 710 2278 l.
745 2235 797 2279 c.
833 2215 924 2279 ait
954 2235 1013 2279 n.
1050 2216 1150 2278 9.:
1190 2238 1226 2272 ‹<
1258 2211 1627 2299 Contingere
1658 2216 1884 2297 potest,
1919 2215 1992 2278 ut
2024 2214 2249 2295 aliquis
2280 2232 2400 2278 non
2435 2216 2642 2298 peccet
2674 2215 2780 2277 du-

325 2316 579 2383 bitando
628 2317 702 2381 de
750 2318 960 2400 aliqua
1005 2316 1375 2400 perfectione
1420 2317 1518 2381 vel
1564 2317 1944 2400 proprietate
1991 2317 2122 2380 Dei.
2163 2315 2326 2380 Nam
2359 2316 2411 2380 si
2444 2318 2530 2381 sit
2574 2335 2780 2400 super·

322 2422 631 2485 naturalis
670 2421 918 2498 veritas,
952 2420 1083 2484 fieri
1128 2420 1353 2502 potest,
1389 2421 1463 2483 ut
1497 2439 1620 2484 non
1668 2420 1755 2483 sit
1799 2420 1892 2483 illi
1941 2418 2095 2483 satis
2141 2420 2461 2502 proposita
2508 2419 2638 2483 eius
2684 2439 2780 2483 re-

320 2524 578 2602 velatio;
614 2524 714 2589 vel
752 2523 1000 2589 etiamsi
1037 2523 1120 2588 sit
1155 2522 1385 2587 veritas
1421 2523 1794 2587 naturaliter
1839 2521 2290 2608 cognoscibilia,
2339 2522 2549 2605 potest
2591 2521 2777 2587 bomo

317 2625 576 2709 simplex
627 2626 692 2690 et
735 2627 842 2708 qui
890 2625 1313 2709 philosophari
1360 2645 1482 2690 non
1529 2626 1725 2698 novit,
1766 2626 1896 2690 sine
1943 2628 2193 2709 peccato
2226 2626 2300 2689 de
2331 2626 2440 2689 illa
2474 2625 2775 2703 dubitare,

314 2730 595 2811 quandiu
645 2729 709 2792 in
758 2728 966 2793 ordine
1028 2728 1106 2792 ad
1149 2728 1333 2792 fidem
1381 2748 1503 2792 non
1552 2728 1928 2793 sufficienter
1982 2728 2367 2812 proponitur.
2418 2728 2583 2813 Ergo
2630 2731 2780 2792 tunc

314 2849 435 2895 non
483 2833 613 2896 erit
658 2830 893 2894 malum
942 2848 1015 2894 ex
1062 2829 1176 2893 tali
1208 2830 1596 2894 dubitatione
1640 2833 1845 2913 petere
1878 2849 1916 2894 a
1952 2831 2083 2894 Deo
2115 2830 2363 2914 signum
2397 2830 2648 2912 aliquod
2680 2830 2777 2894 vel

314 2952 467 3016 opus
507 2933 961 2998 miraculosum
1010 2932 1088 2996 ad
1123 2932 1561 3014 explorandam
1595 2932 1768 2995 illam
1803 2933 2157 3008 veritatem3
2199 2953 2345 3017 ergo
2379 2952 2500 2997 non
2538 2949 2779 3015 semper

310 3037 582 3102 tentatio
639 3035 755 3100 Dei
801 3035 876 3099 ad
924 3035 1352 3118 probationem
1398 3034 1683 3099 veritatis
1730 3033 1950 3099 illicita
1998 3036 2110 3098 est.
2149 3035 2323 3099 Unde
2370 3035 2443 3098 de
2493 3034 2778 3098 Gedeone

306 3137 576 3223 legimus
606 3139 726 3202 etc.
760 3162 822 3200 ».

390 3237 576 3311 378.
617 3240 849 3303 Verum
873 3239 1347 3322 praescindendo
1370 3259 1531 3304 nunc
1565 3239 1642 3302 ab
1666 3240 1830 3304 hisce
1860 3238 2342 3302 circumstantiis
2366 3237 2470 3320 (cf.
2492 3259 2550 3301 n.
2571 3238 2773 3322 379.)‚

308 3345 629 3426 posterior
659 3342 928 3407 tentatio
961 3342 1165 3405 minus
1197 3344 1361 3406 certe
1392 3361 1498 3424 per
1529 3361 1592 3406 se
1624 3343 1946 3424 peccatum
1984 3342 2190 3416 habet,
2225 3359 2415 3422 quam
2450 3341 2637 3423 prior.

392 3447 593 3512 Ratio
644 3446 761 3522 est,
796 3441 943 3527 quia
976 3464 1082 3527 per
1118 3463 1181 3508 se
1214 3445 1517 3525 loquendo
1556 3463 1677 3507 non
1708 3443 1986 3526 procedit
2008 3462 2079 3506 ex
2118 3442 2506 3506 dubitatione
2541 3443 2604 3506 in
2637 3443 2774 3520 fide,

303 3567 500 3632 neque
551 3568 630 3613 ex
676 3547 1033 3632 ignorantia
1080 3546 1374 3629 culpabili
1420 3547 1580 3610 circa
1621 3565 1768 3621 rem,
1804 3563 1990 3626 quam
2038 3545 2225 3608 homo
2274 3543 2428 3608 scire
2469 3543 2772 3608 teneatur.

299 3649 439 3716 Non
491 3652 671 3716 enim
718 3652 966 3715 tenetur
997 3651 1184 3714 homo
1230 3649 1405 3723 scire,
1446 3647 1592 3728 quid
1632 3649 1798 3710 Deus
1830 3646 2109 3710 facturus
2141 3646 2225 3709 sit
2259 3646 2370 3708 aut
2402 3645 2552 3710 velit
2583 3646 2645 3709 in
2677 3646 2772 3724 iia,

300 3771 459 3834 quae
500 3773 635 3819 non
668 3752 989 3817 revelavit.
1023 3750 1199 3816 Suar.
1231 3751 1273 3814 l.
1309 3771 1359 3814 c.
1396 3768 1526 3833 cap.
1564 3751 1624 3811 2.
1659 3769 1719 3812 n.
1765 3749 1868 3811 14.

386 3856 830 3921 Nihilominus
868 3857 932 3919 et
962 3855 1079 3920 hoc
1115 3854 1435 3919 dicendum
1469 3871 1657 3935 grave
1690 3852 2011 3933 peccatum
2050 3868 2120 3913 ex
2143 3868 2362 3934 genere
2399 3867 2532 3914 suo.
2562 3850 2772 3930 Ratio,

300 3961 448 4040 quia
497 3958 810 4024 notabilis
850 3957 945 4021 est
974 3957 1086 4021 Dei
1133 3955 1551 4034 irreverentia,
1592 3955 1644 4018 si
1693 3954 1920 4017 audeas
1968 3954 2192 4036 petere,
2243 3952 2317 4016 ut
2352 3953 2520 4017 Deus
2567 3953 2779 4019 foveat

297 4063 357 4126 et
387 4062 777 4146 cooperetur
811 4060 889 4124 ad
920 4078 1145 4123 vanam
1177 4059 1602 4124 curiositatem
1627 4059 1690 4122 et
1722 4057 1800 4121 ad
1831 4057 1994 4121 hunc
2024 4073 2255 4120 vanum
2279 4055 2461 4120 finem
2494 4056 2778 4121 mirabile

300 4165 444 4245 quid
483 4167 553 4228 et
604 4162 1168 4227 extraordinarium
1216 4162 1520 4243 operetur,
1570 4160 1733 4243 quod
1782 4159 2052 4223 alienum
2098 4161 2195 4223 est
2226 4177 2262 4222 a
2300 4159 2417 4223 Dei
2448 4159 2773 4242 sapientia.

297 4266 465 4353 Ergo
517 4267 638 4350 qui
690 4264 752 4328 id
784 4265 959 4348 petit,
998 4265 1156 4347 petit
1192 4263 1356 4347 quod
1392 4264 1636 4328 dedecet
1668 4263 1942 4328 divinam
1976 4261 2402 4334 maiestatem3
2438 4261 2576 4324 vult
2613 4262 2778 4326 enim

296 4370 501 4436 Deum
542 4370 785 4434 habere
829 4368 1186 4433 ministrum
1230 4367 1568 4445 inutilium,
1600 4366 1804 4448 idque,
1839 4365 2003 4447 quod
2049 4365 2144 4427 est
2191 4364 2773 4442 indecentissimum,

296 4494 404 4556 per
453 4471 891 4540 ostensionem
939 4469 1419 4553 omnipotentiae
1466 4488 1633 4533 suae.

380 4576 570 4658 Quod
624 4576 842 4639 autem
891 4575 1071 4651 recte,
1107 4572 1353 4638 etiamsi
1398 4571 1557 4635 desit
1596 4572 1924 4646 dubitatio,
1961 4571 2305 4654 appelletur
2338 4569 2596 4632 tentatio
2628 4565 2773 4639 Dei,
