3497 5147
337 310 483 386 [439]
1119 324 1388 366 smomA.
1428 326 1640 367 1131133
1681 328 1719 367 A
1760 326 1996 367 meus
2698 315 2805 369 327

340 423 554 487 autem
594 421 674 485 ad
707 422 822 485 1103
850 420 1272 504 principaliter
1301 423 1634 502 intendere,
1669 425 1779 506 qui
1811 443 2017 507 preces
2056 444 2165 507 pro
2198 424 2452 509 indigno
2497 428 2812 508 porrectas

340 525 620 599 exaudit,
658 524 819 588 unde
844 525 1048 607 ipsum
1080 525 1318 589 factum
1349 528 1444 590 est
1468 527 1898 591 simoniacum.
1926 525 1993 591 Si
2019 529 2230 591 autem
2254 547 2460 610 preces
2486 548 2595 610 pro
2622 529 2811 612 digno

339 627 761 710 porrigantur,
810 627 1018 708 ipsum
1065 627 1300 691 factum
1355 648 1477 693 non
1525 630 1619 692 331
1665 629 2103 704 simoniacum:
2160 630 2307 711 quia
2354 631 2567 694 subest
2623 649 2814 695 causa

340 730 567 802 debita,
602 748 677 793 ex
712 748 837 809 qua
868 729 982 803 illi,
1023 748 1133 812 pro
1173 749 1294 810 quo
1328 749 1534 812 preces
1566 731 1992 815 porriguntur,
2034 732 2357 815 spirituale
2389 732 2627 814 aliquid
2675 751 2815 797 con-

338 831 605 895 feratur:
645 831 858 894 tamen
891 832 1098 912 potest
1128 850 1258 896 esse
1291 832 1556 897 simonia
1586 834 1651 897 in
1689 833 2051 912 intentione,
2087 835 2141 898 31
2171 853 2295 898 303
2338 834 2701 899 attendatur
2734 834 2812 898 ad

340 933 719 1016 dignitatem
752 951 1067 1015 personae,
1101 934 1209 997 sed
1256 934 1335 998 ad
1366 935 1643 999 favorem
1681 936 2028 999 humanum
2065 961 2126 999 ».

424 1036 512 1099 Ex
534 1035 763 1116 quibus
785 1037 981 1118 patet,
1008 1035 1166 1100 falso
1193 1037 1455 1101 adscribi
1475 1057 1612 1102 eam
1640 1039 1990 1121 opinionem
2015 1057 2064 1102 s.
2085 1039 2389 1115 Thomae3
2417 1058 2563 1102 nam
2580 1058 2630 1102 3.
2654 1039 2814 1102 Τ110-

342 1158 479 1203 1333
504 1139 641 1222 agit
672 1137 744 1200 de
770 1157 861 1214 e0,
889 1139 996 1219 qui
1030 1139 1106 1202 311
1145 1141 1521 1223 captandum
1546 1140 1825 1205 favorem
1855 1142 2199 1206 humanum
2231 1140 2343 1205 dat
2372 1141 2717 1224 spirituale.

432 1241 666 1307 Contra
714 1243 943 1307 statuit
989 1243 1214 1308 Suarez
1263 1245 1304 1306 l.
1355 1265 1406 1308 c.
1449 1265 1509 1308 n.
1557 1247 1639 1320 2.,
1678 1245 2032 1329 negandum
2085 1268 2120 1303 ‹<
2153 1263 2359 1328 preces
2405 1247 2686 1310 sufficere
2734 1245 2813 1308 ad

342 1345 695 1422 simoniam,
732 1345 980 1408 etiamsi
1018 1346 1269 1427 propter
1300 1346 1441 1410 illas
1475 1346 1656 1411 detur
1693 1347 2076 1411 beneficium.
2112 1348 2290 1412 Hanc
2322 1348 2695 1412 sententiam
2725 1349 2815 1411 te·

344 1451 495 1513 nent
539 1447 913 1512 Canonistae
945 1450 1355 1513 communiter
1387 1475 1447 1512 ›>.
1484 1450 1565 1512 Et
1597 1450 1868 1514 advertit
1899 1451 1986 1531 (n.
2022 1453 2104 1532 c.)
2129 1451 2453 1515 discrimen
2487 1452 2649 1514 inter
2682 1470 2815 1513 ora-

344 1554 566 1628 110333,
601 1571 757 1634 quas
790 1552 866 1615 ad
902 1553 1103 1615 Deum
1134 1551 1451 1616 fundimus
1499 1555 1563 1616 et
1608 1573 1815 1635 preces
1847 1553 2084 1616 homini
2131 1554 2463 1616 exhibitas:
2514 1572 2660 1615 nam
2707 1570 2814 1614 eae

344 1656 421 1719 ad
459 1656 823 1737 obsequium
869 1655 986 1719 Dei
1018 1655 1271 1736 eiusque
1319 1656 1562 1719 cultum
1609 1656 1921 1737 spectant:
1963 1654 2067 1719 sed
2105 1655 2325 1736 petitio
2375 1655 2452 1718 ad
2499 1654 2814 1718 hominem

344 1778 473 1822 non
496 1759 568 1822 fit
594 1758 672 1822 ad
702 1759 1135 1822 honorandum
1167 1759 1368 1834 illum,
1395 1758 1502 1822 sed
1534 1758 1738 1823 solum
1766 1759 1844 1823 ad
1869 1778 2012 1822 eum
2044 1758 2418 1822 movendum
2450 1759 2513 1821 13
2537 1758 2814 1821 favorem

348 1861 619 1944 petentis
648 1862 743 1924 vel
781 1861 933 1935 3133,
970 1880 1079 1943 pro
1120 1879 1243 1942 quo
1280 1861 1436 1925 orat.

442 1963 527 2026 Et
557 1962 699 2025 ibid.
731 1982 790 2025 n.
826 1963 919 2026 3.:
961 1986 996 2021 ‹
1028 1962 1357 2027 Postulare
1391 1964 1468 2026 ab
1504 1963 1714 2044 aliquo
1747 1963 2019 2039 Prelat0,
2061 1965 2135 2027 ut
2166 1963 2443 2027 conferat
2474 1962 2662 2027 alicui
2710 1963 2814 2026 be-

341 2065 635 2129 neficium
683 2066 812 2129 sine
858 2066 1264 2148 promissione
1312 2066 1436 2129 3113
1484 2066 1580 2129 vel
1628 2068 1832 2148 pacto,
1874 2086 2194 2148 nunquam
2235 2068 2329 2130 331
2377 2066 2689 2130 sufficiens
2738 2065 2815 2128 ad

343 2168 677 2232 simoniam
708 2187 819 2231 nec
846 2168 995 2232 illae
1023 2188 1228 2250 preces
1262 2169 1493 2232 habent
1514 2169 1823 2232 rationem
1855 2169 2039 2251 pretii
2069 2189 2178 2233 nec
2209 2168 2539 2233 Praelatus
2562 2169 2816 2251 propter

342 2270 487 2334 illas
511 2270 937 2352 principaliter
968 2270 1284 2334 conferens
1316 2271 1699 2347 beneficium,
1735 2272 2068 2335 simoniam
2092 2271 2452 2347 committit,
2487 2271 2634 2334 licet
2658 2270 2816 2333 alias

342 2392 597 2456 peccare
622 2372 838 2455 possit.
864 2372 1038 2436 Haec
1060 2374 1155 2436 est
1179 2373 1524 2437 communis
1548 2374 1612 2437 et
1634 2375 1880 2456 recepta
1906 2375 2213 2438 sententia
2232 2399 2293 2436 ».
2317 2375 2579 2437 Peccare
2603 2375 2816 2437 autem

343 2476 579 2559 poterit
609 2475 739 2539 sive
780 2477 1012 2557 petenS,
1047 2475 1101 2538 si
1147 2476 1322 2557 petat
1368 2475 1505 2550 sibi,
1539 2478 1751 2540 motus
1784 2476 2141 2551 ambitione,
2183 2476 2282 2540 vel
2326 2477 2528 2558 impar
2574 2473 2818 2538 muneri

343 2578 757 2661 suscipiende,
798 2580 898 2642 vel
942 2579 1118 2661 petat
1162 2597 1273 2661 pro
1322 2579 1445 2642 alio
1492 2580 1744 2662 indigno
1793 2581 1859 2643 et
1905 2579 2183 2662 peccabit
2228 2578 2563 2655 conferenS,
2612 2578 2665 2641 si
2712 2577 2816 2640 det

342 2702 406 2745 v.
440 2702 534 2766 gr.
568 2681 855 2765 indigno:
883 2681 988 2745 sed
1019 2682 1136 2745 hoc
1168 2700 1289 2745 non
1321 2682 1416 2744 est
1446 2684 1770 2764 peccatum
1802 2682 2120 2746 simoniae.

435 2784 520 2848 Et
549 2783 699 2848 ibid.
733 2804 795 2848 n.
831 2785 921 2847 9.:
955 2809 991 2841 «
1016 2781 1353 2866 Colligitur
1383 2802 1455 2846 ex
1486 2783 1688 2858 dictis,
1723 2802 1846 2847 non
1884 2803 2013 2848 esse
2046 2783 2376 2847 simoniam
2408 2781 2689 2865 precibus
2719 2780 2817 2846 in—

341 2888 567 2951 ducere
614 2888 933 2969 potentem
964 2887 1170 2950 virum
1202 2887 1314 2950 aut
1345 2885 1718 2949 familiarem
1748 2887 1958 2968 Papae
1988 2885 2086 2949 vel
2117 2885 2426 2967 Episcopi,
2460 2887 2533 2949 ut
2580 2886 2657 2948 ab
2705 2885 2816 2949 illo

343 2993 463 3054 aut
492 2989 649 3053 mihi
683 2992 794 3053 aut
828 2988 1010 3053 alteri
1040 2989 1336 3071 impetret
1365 2988 1730 3053 beneficium
1764 3014 1826 3051 ›.

437 3092 719 3173 Denique
751 3112 811 3155 n.
867 3093 966 3154 12.
1001 3091 1088 3155 313
1134 3110 1275 3155 vere
1321 3091 1663 3156 Simoniani
1712 3091 2029 3154 describit:
2087 3114 2122 3149 «
2155 3090 2219 3155 Si
2265 3110 2371 3172 per
2416 3089 2815 3154 collationem

338 3195 627 3259 beneficii
659 3194 756 3258 vel
789 3194 1048 3257 alterius
1078 3195 1168 3258 rei
1205 3194 1551 3277 spiritualis
1583 3194 1847 3258 collator
1878 3193 2162 3257 intendat
2201 3193 2476 3277 obligare
2509 3192 2705 3255 alium
2738 3191 2816 3254 ad

340 3316 555 3380 preces
592 3316 705 3378 pro
738 3315 801 3360 se
833 3297 1193 3373 fundendaS,
1228 3300 1378 3361 11133
1401 3296 1644 3380 proprie
1676 3296 1896 3377 recipit
1926 3314 2154 3359 munus
2193 3314 2229 3358 a
2268 3295 2518 3377 lingua3
2554 3294 2715 3358 unde
2760 3294 2817 3358 si

336 3400 609 3482 recipiat
644 3400 759 3463 sub
782 3402 967 3482 pacto
999 3418 1281 3483 expresso
1306 3400 1404 3463 vel
1429 3399 1643 3475 133110,
1670 3399 2002 3463 simoniam
2024 3397 2368 3462 committit
2389 3397 2674 3478 idemque
2698 3398 2813 3473 est,

338 3501 594 3583 quoties
628 3521 834 3583 preces
866 3503 931 3565 31
959 3502 1422 3566 intercessiones
1456 3501 1919 3583 praecesserunt
1942 3499 2058 3563 sub
2082 3499 2264 3581 pacto
2290 3499 2388 3561 vel
2412 3498 2818 3580 promissione

338 3602 648 3680 beneficii,
683 3604 735 3667 31
767 3603 987 3668 fierent
1011 3630 1073 3666 ».
1114 3605 1215 3667 Ita
1249 3604 1497 3669 Suarez.

436 3701 619 3775 439.
652 3706 938 3770 Diximus
970 3726 1091 3771 non
1139 3726 1269 3770 esse
1308 3705 1657 3780 simoniam,
1692 3704 1747 3767 si
1785 3704 1924 3785 quis
1962 3704 2245 3785 precibus
2292 3702 2546 3766 inducat
2593 3702 2810 3779 alium,

342 3830 405 3873 v,
440 3829 536 3892 gr.
572 3808 779 3872 virum
810 3810 1128 3892 potentem
1159 3811 1273 3873 aut
1302 3808 1675 3873 familiarem
1697 3808 1907 3889 Papae
1939 3808 2052 3871 aut
2075 3806 2366 3889 Episcopi
2383 3807 2498 3871 aut
2527 3806 2679 3883 31113,
2704 3807 2814 3888 qui

338 3911 579 3975 habeat
607 3910 707 3975 ius
740 3911 1116 3986 nominandi,
1149 3909 1601 3994 praesentandi,
1651 3910 1939 3993 eligendi,
1979 3909 2383 3973 confirmandi
2414 3910 2552 3985 etc.,
2593 3909 2667 3972 ut
2701 3928 2813 3991 pro

344 4033 447 4077 me
480 4014 646 4096 apud
679 4033 785 4078 eos
816 4014 1174 4079 intercedat.
1195 4013 1312 4079 Sed
1343 4014 1607 4079 ulterius
1632 4014 1974 4095 quaeritur,
2000 4033 2080 4078 an
2110 4013 2520 4078 simoniacum
2543 4013 2628 4076 sit
2660 4014 2817 4077 obti-

344 4135 491 4179 nere
522 4116 637 4179 has
676 4136 884 4198 preces
914 4117 976 4180 vi
1008 4136 1356 4189 munerumz
1390 4117 1519 4180 sive
1551 4117 1810 4199 pecunia
1841 4117 1946 4192 sit,
1979 4117 2109 4180 sive
2145 4116 2296 4197 quid
2333 4115 2523 4179 aliud.

436 4217 499 4281 S.
533 4218 893 4301 Alphonsus
925 4218 1032 4281 lib.
1064 4239 1124 4282 n.
1161 4220 1265 4282 64.
1301 4219 1390 4284 sic
1420 4219 1784 4304 distinguit:
1824 4246 1860 4277 «
1892 4219 1958 4284 Si
1988 4219 2094 4282 des
2124 4238 2245 4283 non
2295 4237 2406 4300 pro
2439 4217 2816 4283 mediatione

342 4320 454 4385 sed
500 4341 611 4404 pro
656 4321 873 4386 labore
926 4322 1310 4404 suscipiendo
1358 4323 1459 4386 vel
1503 4343 1613 4405 pro
1659 4324 1888 4387 damno
1934 4321 2252 4386 subeundo
2299 4320 2386 4403 (v,
2434 4341 2528 4404 gr.
2581 4322 2814 4387 terendi

344 4424 614 4506 tempuS,
647 4422 983 4488 itinerandi
1015 4425 1162 4505 etc.)
1194 4426 1308 4489 aut
1343 4424 1516 4489 lucro
1550 4425 1894 4490 amittendo
1929 4424 2006 4487 ab
2038 4442 2110 4488 eo
2144 4424 2208 4487 et
2237 4424 2495 4506 pecunia
2527 4424 2612 4487 sit
2649 4424 2812 4489 bisce

347 4526 825 4608 proportionata
854 4524 984 4605 (vel
1006 4525 1173 4589 intra
1204 4527 1416 4590 taxam
1448 4527 1809 4609 statutam),
1849 4545 1971 4590 non
2004 4525 2101 4589 est
2131 4526 2413 4589 simonia.
2450 4526 2610 4589 Item
2631 4525 2812 4588 sides
