3497 5147
330 341 510 418 [1151]
664 418 675 429 .
966 353 1051 392 nn
1087 351 1300 394 causrs
1338 351 1797 395 mensam-mus
1833 355 1875 393 A
1914 350 2155 393 lmumo
2678 330 2785 385 863

332 452 562 535 requiri
586 470 752 515 mere
777 449 855 514 ad
879 450 1178 514 maiorem
1198 449 1527 526 cautelam,
1554 468 1675 514 non
1698 468 1843 514 vero
1868 449 1942 514 de
1966 448 2363 521 necessitate;
2386 445 2789 528 praemiserat

332 556 516 631 enim,
556 555 631 618 ut
662 554 856 636 patet,
898 571 1020 617 non
1056 550 1329 633 obliqam·
1356 552 1669 616 hominem
1702 552 1780 616 ad
1812 551 2117 616 eiusmodi
2145 549 2393 614 ieiunia.

423 655 786 721 Communis
825 655 1036 718 autem
1068 656 1164 717 est
1195 654 1520 730 sententia,
1561 654 1858 736 pietatem
1897 672 1967 717 ac
1991 653 2317 717 caritatem
2353 650 2582 715 ieiunio
2619 667 2791 731 prae-

331 758 665 834 ferendam,
691 757 941 821 etiamsi
965 756 1104 838 quis
1128 774 1251 820 non
1276 775 1347 819 ex
1373 756 1575 820 officio
1601 756 1706 819 sed
1729 758 1947 837 sponte
1973 773 2156 837 opera
2180 752 2434 836 pietatis
2472 750 2789 833 suscipiat.

422 860 578 924 Eam
624 859 688 923 in
733 879 865 924 rem
913 859 1168 923 affertur
1216 877 1348 942 cap.
1394 859 1549 922 Non
1592 858 1986 923 mediocriter
2032 857 2137 919 24.
2187 854 2260 919 de
2315 853 2792 919 Consecratione

336 963 480 1027 dist.
517 964 578 1026 5.
627 962 737 1026 ubi
782 962 1037 1026 dicitur:
1085 987 1122 1020 ‹
1151 961 1292 1025 Non
1337 961 1728 1026 mediocriter
1765 962 1993 1036 errant,
2034 959 2138 1041 qui
2171 958 2331 1022 bono
2364 974 2592 1040 magno
2622 973 2794 1037 prae-

337 1064 545 1128 ferunt
573 1064 877 1129 mediocre
907 1064 1159 1128 bonum.
1208 1062 1426 1128 Nonne
1457 1064 1848 1129 rationabilis
1892 1064 2079 1127 homo
2112 1059 2484 1145 dignitatem
2531 1056 2791 1134 amittit,

338 1166 446 1248 qui
476 1167 576 1230 vel
604 1167 903 1231 ieiunium
940 1167 1191 1231 caritati
1224 1170 1338 1232 aut
1374 1168 1622 1251 vigilias
1671 1168 1941 1250 praefert
1970 1183 2185 1230 sensus
2215 1162 2675 1247 integritati...P
2705 1186 2742 1218 »

426 1268 711 1332 Afferunt
742 1268 931 1332 etiam
962 1270 1205 1333 textum
1235 1288 1284 1333 3.
1333 1270 1608 1333 Thomae
1640 1289 1711 1334 ex
1743 1271 1805 1333 4.
1841 1269 1985 1333 dist.
2024 1270 2127 1331 15.
2160 1287 2218 1348 q.
2254 1268 2315 1329 3.
2351 1267 2469 1329 art.
2513 1266 2570 1327 1.
2610 1263 2694 1344 ql.
2730 1263 2791 1325 2.

340 1368 415 1433 6(1
455 1372 546 1433 3.:
588 1394 624 1429 ⁴<
656 1368 723 1434 Si
753 1370 916 1434 enim
953 1371 1038 1435 sit
1069 1372 1249 1435 tanta
1297 1371 1691 1449 abstinentia,
1742 1371 1907 1453 quod
1938 1371 2125 1434 homo
2159 1369 2237 1433 ab
2270 1367 2556 1451 operibus
2586 1363 2795 1429 utilio-

337 1472 509 1536 ribus
524 1473 920 1555 impediatur,
939 1473 1225 1554 quamvis
1250 1473 1328 1537 ad
1345 1494 1417 1537 ea
1434 1474 1507 1538 (16
1525 1475 1890 1539 necessitate
1914 1492 2037 1537 non
2061 1473 2368 1547 teneatur,
2393 1469 2793 1534 indiscretum

339 1576 433 1638 est
478 1575 799 1651 ieiunium,
834 1575 951 1639 etsi
996 1594 1118 1640 non
1159 1576 1244 1639 sit
1286 1576 1580 1640 illicitum
1616 1601 1678 1639 ».
1719 1577 1954 1640 Verum
1992 1594 2061 1640 60
2094 1574 2230 1639 1060
2263 1593 2312 1637 3.
2353 1573 2625 1636 Thomas
2671 1588 2794 1633 non

343 1677 660 1742 contendit
684 1678 1095 1741 omittendum
1117 1678 1435 1755 ieiunium,
1463 1679 1629 1760 quod
1651 1679 1736 1744 sit
1760 1680 2187 1762 praeceptum„
2202 1676 2307 1740 sed
2339 1675 2474 1760 agit
2496 1674 2570 1738 de
2595 1675 2797 1737 auste-

342 1779 490 1843 riori
537 1780 851 1844 ieiunandi
896 1780 1099 1857 modo,
1149 1781 1261 1862 qui
1294 1781 1409 1845 sub
1455 1784 1852 1865 praeceptum
1899 1800 2020 1845 non
2058 1779 2243 1844 cadit.
2282 1777 2582 1858 Quocirca
2615 1795 2796 1861 argu-

338 1883 619 1946 mentum
651 1902 772 1947 non
810 1884 905 1947 est
942 1884 1173 1947 efficax.

429 1985 594 2050 Vera
639 2005 787 2071 ergo
833 1987 994 2051 ratio
1042 1988 1155 2065 est,
1207 2006 1365 2070 quae
1412 1988 1599 2052 insita
1646 1990 1741 2053 est
1773 1988 1866 2052 illi
1903 1988 2216 2052 doctrinae
2247 2005 2296 2050 3.
2332 1986 2627 2060 Τ11011166,
2660 1981 2791 2046 3611.

341 2088 639 2152 ieiunium
685 2108 808 2154 non
855 2089 1069 2153 debere
1116 2089 1409 2172 impedire
1455 2092 1693 2155 maiora
1741 2092 1930 2155 bona:
1975 2090 2149 2172 atqui
2182 2108 2365 2171 opera
2397 2086 2676 2154 caritatis
2724 2104 2796 2149 66

344 2190 615 2272 pictatia,
666 2190 738 2255 de
784 2191 1009 2273 quibus
1057 2192 1286 2276 agitur,
1335 2194 1788 2274 praestantiora
1835 2194 1981 2257 sunt
2027 2195 2090 2256 61
2134 2193 2281 2256 311111
2328 2194 2503 2255 actus
2541 2187 2794 2253 virtutis

342 2294 833 2375 praestantioriS,
866 2295 997 2359 scil.
1030 2294 1501 2360 misericordiae.
1536 2296 1721 2381 Ergo.

432 2394 875 2461 Contradicunt
900 2398 1259 2474 ianseniani,
1286 2418 1551 2480 quorum
1574 2400 1759 2464 effata
1784 2399 2205 2482 transscripsit
2220 2397 2556 2461 Franzoia:
2590 2421 2625 2453 α
2642 2392 2799 2459 Con-

344 2499 690 2565 cionatores
713 2500 993 2586 (inquit),
1019 2501 1128 2584 qui
1158 2503 1376 2585 sponte
1400 2501 1800 2567 concionandi
1821 2522 2046 2566 munus
2070 2500 2479 2584 suscipiunt...
2507 2517 2543 2562 a
2567 2497 2794 2561 ieiunio

346 2620 410 2665 se
464 2622 750 2667 excusare
796 2622 866 2668 eo
914 2605 1234 2685 praetextu
1280 2624 1403 2669 non
1447 2605 1725 2687 possunt,
1767 2606 1934 2686 quod
1979 2605 2187 2670 concio
2229 2622 2383 2686 opus
2422 2601 2644 2666 melius
2690 2600 2795 2677 sit,

345 2723 535 2785 quam
564 2705 864 2770 ieiunium
897 2732 957 2770 ».
992 2706 1355 2771 Addendum
1404 2709 1612 2771 autem
1649 2727 1774 2773 non
1805 2707 2129 2772 immutari
2159 2707 2247 2771 rei
2275 2708 2567 2771 naturam
2599 2724 2671 2768 ex
2702 2721 2793 2778 60,

346 2808 509 2889 (111οᾱ
543 2809 650 2890 (1111
681 2809 835 2873 16116
868 2811 1123 2887 exercet,
1163 2809 1428 2892 accipiat
1463 2810 1857 2891 stipendium.

436 2907 602 2981 1151.
640 2911 959 2976 Generalis
991 2911 1270 2976 doctrina
1301 2914 1468 2976 certa
1500 2915 1595 2977 631
1631 2932 1738 2977 1166
1772 2912 2069 2976 dissident
2099 2913 2302 2994 quoad
2333 2931 2470 2977 eam
2495 2912 2796 2981 doctores,

346 3033 562 3096 nempe
594 3014 889 3089 excusari,
923 3013 1166 3095 quando
1201 3014 1503 3079 eiusmodi
1535 3034 1717 3096 opera
1750 3035 1891 3079 cum
1923 3015 2150 3079 ieiunio
2183 3015 2466 3096 componi
2511 3032 2634 3078 non
2666 3031 2801 3095 pos-

348 3117 493 3181 sint.
534 3117 767 3182 Idcirco
795 3118 1074 3200 superest
1104 3117 1307 3182 solum
1330 3117 1770 3200 quaerendum,
1797 3137 1875 3181 an
1907 3118 2024 3181 hoc
2050 3117 2144 3182 vel
2167 3115 2323 3180 illud
2357 3134 2508 3197 opus
2541 3116 2624 3180 sit
2648 3115 2803 3179 eius-

349 3220 535 3297 modi,
561 3221 635 3284 ut
665 3220 951 3302 componi
982 3240 1125 3284 cum
1155 3219 1383 3285 ieiunio
1416 3221 1613 3303 possit
1643 3221 1742 3285 vel
1772 3239 1895 3284 non
1928 3219 2142 3301 possit.

434 3323 525 3385 De
574 3321 1136 3396 concionatoribus,
1185 3322 1293 3403 qui
1338 3322 1614 3404 quotidie
1660 3322 1890 3386 habent
1927 3322 2300 3396 concionem,
2347 3338 2526 3383 nemo
2564 3323 2804 3386 contra-

349 3422 518 3498 dicit,
567 3424 724 3498 tum,
776 3423 847 3484 111
886 3422 1089 3502 inquit
1121 3441 1169 3486 3.
1208 3423 1393 3505 Alph.
1442 3445 1502 3488 n.
1541 3425 1757 3497 1049„
1805 3426 2057 3506 propter
2087 3422 2364 3487 studium
2404 3423 2480 3486 ad
2511 3423 2574 3486 id
2605 3444 2804 3488 neces-

348 3525 602 3603 sarium,
630 3529 769 3589 tum
792 3526 1042 3607 propter
1064 3526 1337 3607 corporis
1355 3526 1783 3608 agitationem.
1804 3525 1885 3589 Et
1900 3526 2034 3602 hoc,
2055 3524 2282 3603 subdit,
2301 3525 2566 3588 maxime
2595 3525 2800 3589 locum

354 3626 606 3690 habebit
635 3645 745 3710 pro
770 3627 1196 3704 missionariiS,
1222 3627 1330 3709 qui
1361 3627 1576 3692 diebus
1593 3627 1905 3692 missionis
1926 3647 2066 3691 cum
2091 3628 2439 3692 vehementi
2462 3626 2805 3711 agitatione

350 3729 810 3793 concionantur.

437 3833 536 3897 Ab
574 3832 670 3896 his
703 3832 1057 3898 doctoribus
1082 3832 1469 3916 excipiendus
1500 3830 1770 3897 Concina
1803 3833 1994 3916 (apud
2031 3833 2333 3898 Franzoia
2354 3832 2642 3896 Animad.
2673 3832 2803 3916 16).

355 3936 463 4018 qui
501 3936 619 4000 ait:
667 3959 704 3994 «
740 3932 858 3999 Sed
896 3954 1009 4019 ego
1049 3955 1316 4001 asserere
1362 3955 1484 4000 non
1523 3936 1740 4012 audeo,
1777 3936 2050 4000 officium
2087 3937 2293 4019 ipsum
2324 3934 2725 4000 concionandi
2769 3953 2807 3997 a

360 4039 587 4102 ieiunio
636 4055 956 4112 excusare;
1006 4056 1147 4102 cum
1192 4039 1403 4121 potius
1450 4058 1482 4103 e
1514 4038 1826 4103 contrario
1857 4040 2157 4104 sanctitas
2188 4039 2334 4103 talis
2369 4037 2699 4102 ministerii
2747 4038 2809 4101 et

355 4160 634 4206 severam
665 4139 880 4204 ieiunii
927 4140 1382 4205 observantiam
1428 4144 1492 4206 61
1528 4160 1778 4224 precum
1809 4140 2112 4207 fervorem
2143 4143 2206 4206 et
2237 4142 2361 4206 alia
2390 4139 2806 4224 poenitentiae

353 4247 488 4308 tum
534 4245 813 4309 internae
850 4244 987 4306 tum
1035 4243 1319 4307 externae
1366 4262 1549 4324 opera
1594 4246 1884 4327 exposcat
1929 4270 1990 4308 ».
2032 4244 2150 4309 Sed
2194 4264 2318 4309 non
2363 4245 2457 4310 est
2503 4242 2806 4324 quaestio,

358 4349 573 4412 utrum
603 4348 755 4411 haec
788 4345 1112 4429 expediant
1142 4347 1206 4409 61
1236 4347 1451 4410 sancta
1489 4347 1632 4422 sint,
1667 4346 1773 4410 sed
1807 4366 1882 4411 an
1910 4347 2072 4432 exigi
2103 4347 2359 4429 possint.

442 4454 696 4519 Accedit
744 4450 1049 4518 Concinae
1096 4450 1432 4534 discipulus
1478 4452 1801 4531 Franzoia,
1850 4455 1957 4536 qui
2003 4453 2172 4531 dicit,
2206 4454 2318 4517 hos
2350 4454 2811 4519 concionatores

355 4575 534 4638 posse
580 4557 885 4632 ieiunare;
936 4554 1082 4637 quia
1130 4556 1224 4618 est
1270 4553 1446 4619 labor
1491 4555 1675 4619 unius
1706 4556 1897 4620 horae
1935 4556 1997 4620 61
2033 4555 2210 4620 labor
2241 4556 2429 4620 estin
2467 4556 2635 4620 vocis
2666 4575 2811 4621 con-
