3497 5147
315 322 462 414 [250]
951 355 1036 395 nn
1072 355 1408 397 8011110010.
1457 355 1820 403 Quos-urm
1859 357 2180 400 racemum
2685 345 2790 401 18ss

406 452 637 517 Subdit
678 453 781 531 A„
828 473 1050 537 parum
1095 453 1173 517 ad
1219 453 1457 536 praxim
1506 452 1780 518 conferre
1826 455 1985 519 hanc
2030 457 2477 537 quaestionem.
2527 458 2686 537 Quia
2732 459 2787 522 si

315 557 457 639 quis
488 556 770 622 fateatur
812 559 1132 640 peccatum
1178 575 1365 621 suum
1410 555 1473 620 et
1517 556 1708 620 simul
1754 556 2116 621 scandalum
2150 558 2291 622 inde
2326 558 2598 637 illatum,
2632 561 2788 624 satis

314 680 504 724 suum
534 662 860 744 peceatum
886 659 1168 743 explieat.
1196 658 1618 724 Veruntamen
1660 658 1839 723 valde
1871 659 1947 723 ad
1980 661 2222 743 praxim
2252 661 2457 739 refert,
2485 681 2563 725 an
2596 664 2788 746 expli-

314 768 443 831 cari
468 768 700 850 species
725 767 959 851 peccati
983 766 1221 843 debeat,
1257 766 1333 830 ad
1367 764 1531 848 quod
1563 764 1866 829 indirecte
1896 768 2242 849 permoveri
2276 767 2383 832 alii
2412 769 2782 850 potuissent,

317 889 375 933 v.
411 890 505 954 gr.
547 870 600 934 si
635 870 891 934 audiens
923 870 984 934 te
1015 869 1370 951 loquentem
1396 868 1625 950 turpia,
1659 869 1797 932 erat
1818 869 1926 932 “vel
1959 869 2340 954 coniugatus
2370 871 2470 935 vel
2499 871 2655 936 liber
2687 871 2787 935 vel

321 988 583 1054 persona
620 973 770 1036 voto
808 972 1007 1055 ligata
1039 973 1155 1035 etc.

1061 1141 1239 1208 Unde
1285 1142 1551 1206 resolves
1596 1142 1706 1206 hos
1751 1162 1958 1207 casua.

424 1286 548 1340 LVl.
581 1287 624 1337 1.
655 1283 924 1339 Mortaliter
961 1292 1146 1353 peccat,
1172 1284 1251 1351 qui
1289 1281 1431 1338 alteri
1468 1287 1551 1338 dat
1588 1284 1895 1339 occasionem
1938 1285 2107 1339 ruinae
2148 1285 2383 1352 mortaliS,
2412 1285 2505 1340 nisi
2539 1286 2783 1341 indelibe-

320 1368 442 1422 ratio
463 1374 682 1436 excuset,
709 1376 759 1422 et
782 1368 853 1422 sic
877 1383 1003 1436 opus
1028 1368 1309 1422 indifferens
1337 1373 1413 1422 vel
1442 1369 1630 1423 veniale
1655 1384 1802 1435 saepe
1829 1369 2001 1423 transit
2027 1369 2074 1422 in
2098 1372 2322 1440 mortale,
2347 1370 2537 1425 ratione
2566 1370 2782 1425 scandali

318 1469 367 1506 v.
391 1470 465 1518 gr.
492 1453 533 1507 si
559 1453 779 1508 iocosum
804 1457 1006 1508 verbum
1047 1457 1262 1520 proterat
1299 1452 1577 1518 {religiosus
1601 1469 1763 1507 coram
1794 1453 1984 1507 leminis
2013 1457 2087 1508 vel
2116 1454 2194 1518 iis,
2220 1455 2301 1520 qui
2329 1455 2444 1508 inde
2474 1455 2780 1508 occasionem

318 1539 507 1606 peccati
543 1537 767 1593 mortalis
800 1554 997 1593 sumere
1035 1545 1255 1606 possunt.
1283 1540 1450 1603 Laym.
1481 1543 1512 1593 l.
1538 1554 1580 1592 c.

406 1646 588 1719 248.
638 1648 827 1725 Nota,
874 1649 1040 1730 quod
1085 1648 1443 1730 requiratur
1489 1648 1895 1724 advertentia,
1936 1668 2006 1711 ex
2056 1649 2177 1711 levi
2224 1649 2333 1712 illo
2371 1650 2505 1712 ioco
2538 1651 2786 1713 tantum

323 1752 563 1816 malum
595 1752 956 1816 secuturum
994 1768 1144 1815 esse.

412 1852 774 1936 Exemplum
814 1852 1077 1917 actionis
1109 1850 1509 1916 indifferentis
1555 1851 1744 1915 habes
1792 1852 1855 1915 in
1897 1871 1989 1927 eo,
2030 1855 2137 1937 qui
2186 1853 2315 1918 sine
2352 1852 2483 1918 ulla
2519 1854 2789 1918 rationa-

325 1957 434 2020 bili
470 1976 656 2021 causa
691 1956 842 2020 velit
872 1976 932 2020 v.
966 1976 1060 2040 gr.
1093 1956 1192 2020 ius
1225 1975 1409 2020 suum
1441 1955 1716 2039 rigorose
1748 1957 2034 2039 persequi
2064 1977 2123 2022 v.
2164 1978 2257 2042 gr.
2292 1957 2509 2022 crediti
2540 1957 2787 2042 exigen-

320 2058 477 2123 tiam
525 2078 647 2123 non
693 2059 933 2122 differre
980 2057 1057 2122 ad
1104 2057 1253 2134 dies,
1303 2056 1547 2139 quando
1588 2076 1996 2140 praepropera
2044 2059 2194 2123 haec
2243 2059 2550 2143 exigentia
2596 2078 2787 2143 grave

320 2161 617 2225 damnum
665 2160 884 2225 inferet
929 2159 1113 2224 alteri
1158 2179 1420 2241 eumque
1465 2160 1813 2243 impulsura
1861 2162 1955 2223 est
2003 2161 2077 2224 ad
2126 2161 2343 2245 gravia
2390 2162 2640 2243 peccata
2688 2160 2785 2224 vel

324 2264 451 2327 irae
491 2263 592 2327 vel
627 2262 780 2326 furti
813 2263 909 2327 vel
941 2262 1403 2345 prostitutionis
1438 2263 1552 2325 etc.

429 2416 578 2468 Lvll.
605 2416 654 2467 2.
687 2412 956 2466 venialiter
981 2420 1151 2479 peccat
1175 2412 1364 2465 ratione
1390 2410 1622 2476 scandali,
1652 2413 1736 2478 qui
1762 2412 1905 2466 alteri
1931 2415 2015 2466 dat
2042 2412 2349 2468 occasionem
2374 2412 2546 2466 ruinae
2573 2412 2782 2467 venialis

324 2506 525 2553 1011111111.
555 2499 702 2561 Quod
742 2511 915 2551 verum
951 2504 1044 2560 est,
1087 2496 1180 2550 etsi
1216 2497 1401 2551 directe
1435 2496 1567 2552 illam
1605 2496 1825 2551 intendat
1855 2505 1905 2551 et
1943 2498 2136 2564 quidem
2178 2513 2261 2565 per
2304 2504 2467 2552 actum
2505 2501 2778 2551 mortalem.

327 2587 502 2639 5011011.
529 2588 560 2638 l.
592 2587 636 2636 l.
668 2599 711 2637 0.
733 2586 781 2636 6.
805 2599 853 2637 11.
885 2586 965 2637 11.
992 2597 1053 2637 ex
1079 2581 1340 2649 communi,
1367 2590 1535 2636 contra
1561 2586 1701 2636 Suar.
1725 2584 1869 2637 Ratio
1894 2590 2054 2637 autem
2085 2590 2175 2648 est,
2206 2584 2317 2650 quia
2346 2584 2485 2636 ruina
2514 2590 2588 2637 est
2615 2597 2787 2649 parva.

320 2670 382 2723 Et
408 2673 540 2735 patet
565 2683 591 2721 a
617 2667 784 2732 simili,
805 2676 856 2722 ut
877 2667 919 2721 si
938 2667 1049 2734 quis
1068 2680 1157 2734 per
1179 2666 1780 2721 101010011011611111116111101
1807 2668 1960 2721 furari
1982 2682 2084 2721 16111
2105 2667 2368 2731 minimam,
2394 2671 2575 2721 lurtum
2605 2673 2790 2719 tantum

318 2751 412 2807 erit
451 2753 660 2807 veniale.

407 2856 589 2930 249.
645 2861 885 2925 Auctor
930 2861 1081 2925 dicit
1127 2861 1473 2926 doctrinam
1521 2881 1651 2926 esse
1697 2880 2088 2925 communem
2145 2865 2361 2927 contra
2408 2861 2653 2927 Suarez.
2704 2862 2791 2926 At

324 2962 552 3028 Suarez
601 2961 677 3026 de
732 2962 932 3028 Carit.
983 2964 1138 3048 disp.
1194 2966 1295 3028 10.
1331 2965 1478 3028 sect.
1525 2965 1583 3028 1.
1618 2985 1677 3029 n.
1713 2965 1775 3028 4.
1810 2982 2200 3029 communem
2231 2964 2433 3047 reipsa
2472 2966 2641 3028 tenet
2688 2965 2791 3029 do-

321 3067 608 3143 ctrinam,
642 3068 705 3130 et
727 3068 931 3131 solum
963 3068 1216 3149 excipit:
1251 3090 1286 3126 ⁴<
1312 3066 1571 3146 Quando
1604 3085 1727 3132 non
1763 3066 2066 3150 corrigere
2091 3066 2440 3148 proximum
2464 3065 2537 3129 de
2561 3065 2789 3130 veniali

321 3172 485 3234 esset
513 3170 799 3248 mortale,
835 3172 985 3234 tunc
1012 3189 1048 3234 a
1085 3169 1333 3234 fortiori
1370 3169 1655 3234 inducere
1689 3169 1870 3233 illum
1909 3186 2016 3251 per
2048 3168 2408 3233 scandalum
2439 3169 2600 3233 esset
2630 3188 2791 3233 mor-

320 3274 447 3339 tale
495 3298 558 3337 ».
607 3271 801 3338 Porro
848 3274 1004 3358 disp.
1056 3276 1116 3337 8.
1158 3275 1304 3337 sect.
1356 3275 1415 3337 2.
1465 3294 1524 3337 11.
1576 3273 1636 3337 6.
1685 3274 1748 3338 in
1788 3273 1893 3336 fin.
1928 3291 2142 3337 casum
2188 3273 2398 3357 gravis
2445 3272 2661 3355 culpae
2710 3273 2789 3337 ob

322 3377 621 3441 omissam
655 3376 1103 3459 correptionem
1130 3377 1453 3461 restringit
1478 3377 1555 3440 ad
1580 3374 1925 3459 superiores
1948 3375 2293 3460 religiOSOS‚
2322 3375 2374 3439 si
2397 3374 2787 3452 conniveant,

322 3480 570 3562 qnando
618 3479 892 3544 defectus
939 3480 1407 3544 communitatis
1453 3484 1605 3543 sunt
1644 3477 1988 3560 yenerales.
2038 3477 2301 3543 Proinde
2348 3477 2531 3561 culpa
2578 3479 2790 3561 gravis

322 3582 600 3647 scandali
639 3600 710 3647 ex
755 3583 961 3645 mente
1007 3580 1233 3646 Suarez
1267 3582 1403 3657 erit,
1438 3582 1492 3645 si
1524 3580 1803 3664 superior
1846 3580 2105 3644 inducat
2152 3580 2663 3644 communitatem
2713 3580 2789 3642 ad

324 3685 702 3769 generaliter
738 3685 1008 3749 veniales
1039 3685 1255 3767 culpas
1287 3683 1787 3747 committendas,

411 3786 699 3852 Videnda
735 3786 1017 3852 doctrina
1047 3786 1225 3869 Lugo
1259 3785 1455 3850 citata
1488 3803 1524 3848 a
1556 3783 1740 3850 Oroix
1772 3785 1814 3849 l.
1852 3786 1912 3848 2.
1947 3806 2007 3849 n.
2059 3786 2209 3849 235.

432 3926 605 3979 LVlll.
637 3926 687 3977 3.
726 3922 1069 3976 scandalizans
1105 3921 1363 3976 committit
1404 3930 1595 3988 praeter
1634 3929 1883 3988 peccatum
1924 3921 2157 3983 scandali,
2205 3920 2350 3975 etiam
2389 3926 2641 3988 peccatum
2686 3920 2793 3975 eius

326 4007 524 4076 speciei,
551 4010 613 4061 ad
638 4009 768 4074 quod
795 4009 1003 4061 alterum
1042 4005 1254 4060 inducit:
1283 4006 1492 4071 ideoque
1518 4004 1738 4059 confiteri
1780 4008 1927 4060 debet
1968 4006 2180 4074 speciem
2221 4005 2407 4072 peccati
2437 4004 2675 4069 mortalis,
2706 4021 2794 4073 per

326 4097 454 4158 quod
485 4102 533 4147 et
558 4095 620 4146 ad
646 4095 777 4160 quod
803 4091 1010 4155 induxit,
1037 4107 1146 4147 cum
1170 4107 1370 4145 numero
1401 4092 1730 4155 inductorum,
1752 4094 1830 4144 vel
1858 4091 1943 4158 qui
1972 4090 2298 4158 probabiliter
2322 4090 2485 4144 induci
2509 4098 2790 4158 potuerunt.

328 4182 564 4242 Sanchez,
589 4181 739 4242 Azor,
769 4180 938 4244 Laym.
965 4180 1198 4232 30110οΛ.
1225 4193 1269 4231 c.
1295 4178 1442 4233 Card.
1462 4179 1524 4230 de
1550 4178 1687 4240 Lugo
1713 4175 1781 4232 de
1809 4177 2017 4232 Poenit.
2036 4180 2085 4230 (1.
2117 4178 2199 4229 16.
2228 4192 2268 4230 s.
2301 4176 2348 4229 4.
2377 4175 2522 4229 Dian.
2549 4175 2615 4231 de
2642 4174 2796 4232 Sacr.

330 4271 362 4314 t.
391 4267 445 4316 2.
466 4269 504 4316 t.
528 4264 575 4317 6.
596 4277 643 4317 a.
673 4263 790 4316 lu.
811 4261 1004 4328 Excipit
1037 4269 1195 4316 tamen
1220 4261 1366 4315 Card.
1394 4264 1454 4315 de
1481 4264 1617 4327 Lugo
1653 4267 1685 4316 l.
1710 4278 1754 4314 0.
1782 4261 1825 4315 si
1853 4270 2047 4329 praeter
2071 4260 2387 4317 intentionem
2408 4263 2691 4315 scandalum
2717 4264 2801 4317 de-

328 4347 470 4402 derit.
493 4349 667 4402 Tamb.
688 4345 755 4401 de
778 4345 986 4415 Exped.
1015 4345 1163 4414 cons.
1188 4348 1218 4398 Ι.
1238 4349 1288 4398 2.
1316 4362 1358 4400 0.
1391 4348 1437 4397 1.
1457 4362 1507 4398 11.
1535 4348 1584 4398 9.
1606 4346 1689 4411 ait,
1712 4348 1877 4413 quoad
1903 4345 2147 4409 inductos,
2172 4348 2414 4409 sumcere,
2447 4344 2488 4398 si
2514 4344 2678 4399 dicas:
2705 4345 2796 4399 Fui
2848 4404 2849 4407 ¹

329 4431 494 4487 multis
530 4429 727 4485 occasio
765 4430 999 4498 peccandi
1030 4445 1139 4484 11160
1176 4433 1418 4498 exempla
1451 4429 1564 4484 Vid.
1594 4430 1676 4485 1111.
1705 4436 1734 4486 l.
1764 4433 1814 4485 3.
1842 4439 1877 4484 1.
1904 4433 1957 4483 6.
1982 4446 2025 4484 0.
2059 4434 2105 4483 1.
2130 4432 2248 4483 dub.
2277 4433 2326 4483 2.

419 4531 599 4606 250.
640 4536 735 4599 De
773 4535 973 4616 specie
1004 4534 1273 4599 diximus
1321 4535 1602 4617 superius
1651 4554 1686 4599 a
1719 4556 1779 4599 n.
1816 4535 1967 4598 246.
2001 4536 2065 4599 et
2101 4553 2243 4599 cum
2280 4534 2459 4617 Lugo
2506 4532 2798 4602 diximus,

333 4638 449 4703 1100
493 4640 702 4704 valere
750 4635 959 4702 solum
996 4638 1241 4719 quando
1289 4636 1649 4701 scandalum
1695 4637 1792 4699 est
1837 4636 2158 4700 directum.
2208 4634 2424 4714 Quoad
2469 4650 2799 4696 numerum
