3497 5147
385 391 531 467 [909]
1439 408 1525 449 11111
1561 408 1808 451 anona-u
2737 395 2845 450 675

394 503 663 568 occidere
688 503 851 567 filios
885 503 1128 586 aliquos
1162 504 1400 570 obsides
1424 505 1625 583 110100,
1649 507 1726 570 111
1751 508 2054 590 parentes,
2090 505 2166 569 ad
2195 505 2545 570 liberandos
2576 506 2846 587 reliquos

387 606 573 684 filios,
607 626 670 670 se
708 605 954 671 dedant.

485 708 653 793 Ergo
702 709 776 772 ut
820 707 989 773 licite
1042 709 1106 773 id
1151 709 1285 787 fiat,
1332 711 1688 792 requiritur,
1746 711 1908 793 quod
1957 711 2261 775 eiusmodi
2307 710 2672 776 occisionem
2726 729 2848 775 non

390 810 545 875 velis
592 811 820 875 directe
856 830 1053 893 neque
1085 831 1199 879 ceu
1233 811 1417 878 finem
1449 832 1646 895 neque
1676 832 1788 877 ceu
1817 813 2111 890 medium,
2145 812 2250 877 sed
2282 813 2487 877 solum
2530 812 2845 890 indirecte,

267 974 282 998 ‚
386 914 646 978 volendo
679 914 915 979 scilicet
936 933 1189 979 causam
1211 914 1395 980 istius
1417 915 1660 991 mortis,
1686 934 1808 979 non
1839 916 2089 999 propter
2120 915 2633 993 coniunctionem,
2658 933 2848 997 quam

389 1016 576 1080 habet
620 1036 764 1082 cum
811 1017 930 1082 hoc
966 1016 1188 1082 effectu
1232 1037 1341 1082 seu
1386 1037 1530 1081 cum
1575 1020 1776 1082 morte
1822 1017 2184 1094 innocentie,
2226 1016 2330 1081 sed
2362 1017 2566 1081 solum
2596 1017 2848 1099 propter

396 1120 889 1186 coniunctionem
936 1140 1124 1203 quam
1173 1121 1360 1185 habet
1403 1140 1547 1185 cum
1594 1121 1717 1186 alio
1766 1121 2004 1197 effectu,
2055 1120 2288 1185 scilicet
2335 1140 2476 1185 cum
2513 1121 2714 1184 morte
2744 1137 2849 1183 no·

392 1222 609 1301 centis,
644 1241 827 1304 quem
859 1222 1042 1287 aliter
1067 1222 1366 1288 offendere
1389 1242 1514 1287 non
1537 1240 1774 1307 posses;
1803 1225 1952 1287 tunc
1975 1223 2139 1288 enim
2163 1222 2256 1286 vis
2283 1222 2609 1297 actionem,
2637 1220 2849 1303 prouti

394 1323 727 1389 coniuncta
775 1326 868 1389 est
911 1343 1056 1389 cum
1102 1324 1322 1389 effectu
1366 1325 1534 1390 licite
1582 1325 1922 1409 appetibili,
1973 1325 2050 1389 ad
2097 1325 2261 1407 quod
2308 1343 2415 1408 per
2461 1322 2748 1387 accidens
2785 1341 2849 1386 se

392 1426 598 1503 1101101,
634 1426 797 1508 quod
830 1446 1102 1492 connexa
1132 1428 1324 1492 etiam
1361 1428 1445 1491 sit
1476 1448 1618 1493 cum
1657 1429 1780 1493 0110
1815 1428 2053 1505 effectu,
2092 1447 2279 1510 quem
2308 1426 2465 1490 velle
2497 1445 2618 1491 non
2649 1398 2844 1507 potes.

480 1526 658 1607 Quod
690 1547 834 1594 vero
869 1528 1187 1607 obiiciunt,
1220 1529 1285 1593 in
1308 1548 1457 1594 casu
1490 1530 1828 1595 absurdum
1858 1530 2150 1610 consequi
2172 1528 2318 1593 110111
2351 1528 2641 1608 utrinque
2672 1526 2844 1603 iusti,

391 1628 623 1694 falsum
672 1630 785 1695 est.
834 1629 999 1694 Nam
1045 1630 1181 1694 heic
1227 1631 1440 1716 agitur
1483 1650 1607 1695 non
1655 1631 1726 1695 de
1771 1631 1950 1696 hoste
1993 1629 2345 1694 offendendo
2379 1628 2572 1710 (quod
2602 1627 2847 1711 proprie

391 1733 659 1815 pertinet
682 1732 760 1796 ad
791 1733 939 1798 belli
960 1734 1301 1818 naturam),
1328 1733 1435 1798 sed
1458 1733 1530 1797 de
1555 1733 1653 1798 sui
1683 1732 2048 1811 defensione,
2082 1731 2328 1814 quando
2359 1750 2576 1814 nempe
2601 1730 2845 1795 animus

386 1834 585 1900 fertur
615 1855 737 1901 non
770 1835 847 1900 ad
886 1836 1229 1902 nocendum
1259 1837 1461 1913 alteri,
1502 1837 1608 1902 sed
1647 1837 1721 1900 ad
1755 1855 1884 1902 sese
1915 1835 2270 1901 tutandum.
2307 1860 2342 1894 »

478 1938 649 2003 Haec
694 1938 1108 2017 declarantur,
1157 1941 1231 2003 ut
1277 1939 1368 2003 ait
1413 1938 1577 2003 idem
1608 1939 1787 2024 Lugo
1810 1960 1871 2004 n.
1911 1938 2080 2016 126„
2129 1958 2201 2003 ex
2247 1938 2323 2002 iis
2356 1956 2513 2019 quae
2545 1938 2845 2001 Doctores

388 2042 646 2106 tradunt
677 2041 1088 2106 communiter
1119 2041 1193 2105 de
1223 2042 1506 2106 mollitie.
1540 2041 1719 2105 Hanc
1752 2042 1916 2117 enim
1951 2041 2179 2106 directe
2226 2040 2382 2105 velle
2412 2058 2591 2104 nemo
2640 2038 2847 2123 potest

392 2162 587 2224 neque
634 2143 732 2208 uti
774 2142 980 2216 finem,
1028 2162 1224 2226 neque
1269 2144 1366 2208 uti
1397 2144 1691 2222 medium,
1730 2146 1806 2208 ut
1851 2165 1908 2207 v,
1949 2164 2042 2229 gr.
2077 2144 2375 2226 sequatur
2406 2143 2656 2207 effectus
2687 2141 2849 2206 sani·

390 2245 585 2323 tatis;
635 2246 780 2327 quia
827 2246 891 2310 in
940 2248 1204 2328 utroque
1249 2264 1397 2311 casu
1443 2246 1671 2311 directe
1715 2246 2078 2311 intenditur.
2126 2246 2213 2311 At
2259 2247 2467 2328 posset
2506 2263 2642 2308 eam
2689 2243 2846 2307 velle

389 2348 702 2427 indirecte,
753 2350 881 2413 0011.
932 2349 1191 2414 volendo
1239 2369 1512 2428 causam,
1562 2370 1720 2432 quae
1753 2370 1824 2415 ex
1871 2370 1933 2415 se
1970 2348 2170 2415 tendit
2202 2348 2280 2412 ad
2311 2347 2666 2429 sanitatem,
2696 2345 2844 2410 licet

382 2452 587 2517 xobiter
620 2452 815 2516 alium
847 2451 1132 2517 effectum
1155 2452 1494 2535 expellendi
1515 2472 1721 2518 semen
1753 2454 2007 2531 habeat3
2041 2452 2200 2517 hanc
2230 2451 2394 2516 enim
2425 2450 2844 2534 expulsionem

386 2556 533 2620 tunc
580 2575 703 2620 non
748 2555 889 2620 vult
924 2554 1063 2637 quis
1109 2554 1355 2628 directe,
1405 2555 1510 2620 sed
1554 2556 1690 2640 ipsa
1737 2556 2021 2639 sequitur
2055 2557 2299 2639 praeter
2342 2552 2749 2617 intentionem
2780 2552 2844 2616 et

386 2642 891 2723 concomitanter.

491 2815 701 2868 XXXll.
730 2814 776 2868 4.
814 2813 1049 2868 Similiter
1084 2815 1145 2866 ad
1182 2816 1550 2880 expugnandam
1595 2816 1766 2866 urbem
1804 2820 1853 2867 et
1892 2812 2147 2866 victoriam
2185 2815 2546 2880 reportandam,
2588 2811 2632 2864 si
2679 2825 2844 2865 00000-

388 2898 572 2952 sariam
610 2899 690 2962 sit,
722 2898 835 2952 licet
859 2904 1099 2952 tormenta
1125 2897 1175 2951 in
1202 2912 1313 2951 eum
1341 2901 1500 2952 locum
1525 2896 1751 2961 dirigere,
1777 2897 1863 2952 ubi
1887 2897 2026 2952 multi
2051 2905 2165 2952 sunt
2190 2897 2502 2952 innocentes:
2528 2896 2642 2962 quia
2667 2899 2843 2951 horum

392 2996 525 3035 mors
562 2990 757 3050 praeter
791 2982 1109 3037 intentionem
1148 2988 1392 3048 sequetur.
1419 2985 1554 3037 LesS.
1588 2986 1619 3036 l.
1646 2998 1688 3037 0.

492 3068 722 3121 ΧΧΧΙΙΙ.
750 3070 799 3121 5.
828 3069 932 3121 Non
971 3066 1084 3121 licet
1127 3065 1354 3120 occidere
1392 3067 1605 3132 obsides,
1633 3067 1730 3122 etsi
1766 3067 1850 3134 qui
1886 3082 1974 3121 eos
2010 3066 2263 3132 miserunt,
2292 3082 2389 3121 non
2428 3073 2627 3120 servent
2664 3069 2842 3133 fldem3

383 3152 495 3217 quia
535 3159 649 3205 sunt
685 3150 983 3206 innocentes.
1009 3153 1131 3206 Bon.
1158 3157 1191 3204 t.
1221 3154 1270 3204 2.
1297 3153 1344 3204 d.
1375 3154 1423 3206 2.
1450 3167 1496 3217 q.
1526 3155 1611 3205 ult.
1637 3158 1758 3206 sect.
1787 3155 1836 3205 3.
1866 3167 1910 3218 p.
1937 3151 1987 3205 7.
2019 3151 2160 3204 Dian.
2188 3166 2236 3218 p.
2264 3153 2314 3205 5.
2342 3166 2382 3205 r.
2411 3151 2494 3204 35.
2523 3152 2653 3203 Azor
2678 3156 2772 3203 etc.

474 3293 646 3357 Haec
674 3292 848 3357 nulla
881 3292 1112 3357 habent
1142 3291 1594 3357 difficultatem.

491 3436 730 3490 XXXIV.
753 3436 988 3502 Quaeres⁸
1015 3437 1088 3487 An
1128 3431 1388 3498 aliquando
1421 3432 1564 3487 liceat
1601 3448 1869 3501 procurare
1907 3437 2164 3488 abortum?

493 3520 739 3587 Respond.
767 3519 1072 3586 Quicumque
1097 3516 1340 3571 malitiose
1364 3516 1414 3571 in
1453 3532 1507 3571 se
1545 3521 1624 3570 vel
1662 3519 1823 3571 altero
1848 3525 1989 3572 curat
2015 3521 2255 3583 abortum,
2283 3524 2450 3584 peccat
2475 3516 2708 3582 graviter,
2737 3516 2844 3570 sive

385 3607 547 3658 toetus
581 3604 644 3657 sit
682 3604 940 3668 animatus,
966 3603 1076 3670 quia
1114 3611 1190 3658 est
1226 3616 1403 3656 verum
1443 3601 1776 3665 nomicidium,
1803 3603 1909 3656 sive
1946 3617 2058 3667 non,
2097 3602 2210 3668 quia
2249 3601 2402 3655 tendit
2449 3604 2509 3656 ad
2548 3600 2842 3655 occisionem

383 3687 595 3742 hominis
613 3696 661 3742 et
686 3696 760 3742 est
779 3696 946 3743 contra
970 3696 1193 3742 naturam
1213 3686 1558 3752 generationis.
1579 3689 1712 3740 Less.
1732 3687 1766 3739 1.
1790 3689 1836 3740 2.
1858 3701 1899 3740 0.
1923 3688 1971 3740 9.
1994 3688 2040 3739 d.
2069 3688 2150 3739 10.
2173 3702 2218 3738 n.
2240 3687 2324 3737 61.
2347 3685 2396 3739 Si
2424 3692 2581 3738 tamen
2610 3687 2669 3738 011
2690 3684 2839 3738 vitam

382 3772 552 3826 matris
590 3777 972 3828 conservandam
1013 3773 1207 3826 omnino
1246 3773 1307 3826 sit
1353 3771 1701 3836 necessarium,
1731 3778 1991 3837 sequentes
2018 3774 2230 3835 Regulac
2271 3777 2511 3824 tenentur.
2545 3768 2657 3824 l.Si
2686 3772 2842 3823 loetus

381 3864 583 3912 mortem
614 3858 754 3912 matri
792 3859 1031 3912 allaturus
1070 3858 1132 3912 sit
1171 3858 1503 3923 probabiliter,
1531 3857 1737 3910 necdum
1779 3855 1842 3909 sit
1885 3855 2127 3909 animatus
2167 3854 2326 3908 anima
2363 3854 2588 3909 rationali
2613 3852 2841 3926 (animari

380 3948 542 3996 autem
581 3943 900 3997 communiter
928 3943 1066 3996 aiunt
1105 3957 1266 3996 mares
1308 3943 1386 3996 die
1425 3940 1816 4008 quadragesimo,
1845 3943 2060 3994 femellas
2098 3955 2219 3994 vero
2245 3939 2571 4006 octogesimo:
2600 3954 2721 4006 quae
2760 3954 2842 3994 res

381 4029 527 4081 valde
562 4027 748 4082 incerta
785 4031 898 4094 est),
925 4027 1121 4094 quidam
1159 4027 1462 4095 permittunt,
1489 4027 1634 4081 etiam
1674 4026 1859 4081 directa
1899 4025 2167 4080 intentione
2205 4025 2403 4094 expelli,
2434 4033 2487 4079 ut
2525 4028 2701 4079 Sancb.
2732 4027 2763 4077 l.
2793 4026 2841 4079 9.

383 4110 449 4165 de
471 4113 639 4169 Matr.
667 4114 713 4165 d.
742 4115 828 4167 20.
852 4129 897 4167 0.
919 4115 968 4166 9.
995 4120 1045 4166 et
1078 4114 1159 4165 ⁴0.
1186 4115 1337 4167 Henr.
1359 4122 1451 4166 etc.
1473 4120 1645 4167 contra
1672 4114 1807 4166 Less-
1829 4113 1860 4165 l.
1887 4113 1934 4165 2.
1956 4126 1998 4164 0.
2021 4113 2069 4164 9.
2091 4112 2138 4163 11.
2165 4113 2246 4163 16.
2270 4118 2318 4163 et
2344 4109 2484 4173 alios,
2506 4121 2711 4174 quorum
2737 4122 2843 4161 sen-

381 4195 532 4250 tentia
557 4196 604 4249 in
628 4197 769 4264 praxi
795 4199 1068 4251 suadenda:
1094 4212 1330 4263 quorsum
1360 4196 1490 4250 enim
1516 4197 1701 4250 directe
1721 4197 1956 4262 expellas,
1977 4210 2084 4248 cum
2111 4194 2343 4248 indirecte
2364 4192 2507 4247 liceat
2526 4199 2573 4247 et
2599 4190 2844 4245 sufficiat?

383 4284 434 4335 2.
459 4281 511 4335 si
551 4297 671 4336 vero
698 4286 858 4336 foetus
883 4281 946 4334 sit
991 4280 1231 4334 animatus
1256 4288 1504 4347 materque
1543 4281 1783 4335 iudicetur
1821 4279 2059 4333 moritura
2097 4294 2205 4333 cum
2248 4281 2402 4346 prole,
2431 4277 2524 4332 nisi
2553 4275 2841 4330 medicinam

382 4374 557 4431 sumat,
585 4367 697 4421 licet
724 4382 830 4421 eam
870 4380 1064 4420 sumere
1092 4374 1140 4419 et
1166 4366 1432 4418 secundum
1458 4368 1690 4430 quosdam
1721 4371 1915 4420 tenetur
1937 4364 2233 4418 intendendo
2258 4363 2442 4417 directe
2481 4376 2616 4415 suam
2658 4368 2842 4415 tantum

382 4453 654 4519 sanitatem,
675 4454 770 4510 etsi
796 4453 1031 4508 indirecte
1056 4468 1111 4507 ac
1139 4459 1497 4517 consequenter
1518 4455 1802 4506 destruatur
1826 4457 1986 4507 foetus
1995 4468 2011 4519 3
2030 4452 2142 4519 quia
2169 4452 2217 4505 in
2245 4452 2345 4519 pari
2372 4451 2662 4505 necessitate
2690 4456 2845 4503 mater

380 4547 541 4604 potest
579 4540 732 4605 magis
775 4538 1059 4608 prospicere
1097 4536 1207 4605 sibi,
1235 4551 1376 4602 quam
1417 4536 1556 4603 proli.
1585 4539 1633 4591 3.
1664 4537 1717 4590 Si
1759 4552 1874 4591 vcro
1915 4553 2024 4591 cum
2066 4546 2222 4591 morte
2260 4536 2429 4590 matris
2468 4551 2580 4603 spes
2622 4535 2752 4588 vitae
2795 4542 2845 4589 et

380 4624 612 4691 baptismi
644 4624 799 4693 prolis
837 4625 1082 4688 affulgeat,
1116 4627 1305 4675 tenetur
1341 4628 1496 4674 mater
1534 4622 1799 4675 secundum
1840 4624 2099 4688 plerosque
2136 4624 2226 4675 sub
2264 4620 2462 4674 mortali
2499 4619 2742 4673 abstinere
2781 4623 2842 4673 ab
