3497 5147
711 349 817 405 576
1013 364 1225 406 maor.
1246 363 1333 405 w.
1360 363 1523 404 επιστ.
1550 363 1641 404 111.
1654 363 1740 402 mr.
1764 363 1989 404 ranno
2013 362 2230 404 Panno.
2261 360 2588 404 vacuom.
2615 359 2759 402 nun.
2783 360 2873 400 ιιι.
3028 346 3172 420 [783]

709 464 903 540 tatur,
952 462 1117 543 quod
1164 461 1433 544 pertinet
1477 460 1556 523 ad
1604 459 2044 536 substantiam,
2092 460 2238 524 licet
2283 458 2523 523 ratione
2578 456 2874 539 temporis
2921 475 3044 522 non
3090 458 3176 523 sit

708 582 851 647 pars
900 563 1077 627 valde
1123 563 1453 627 notabilis:
1505 563 1574 624 3⁰
1598 561 1764 643 quod
1810 561 1864 625 si
1910 561 2050 644 quis
2090 561 2381 625 adveniat
2415 561 2667 642 peracta
2706 559 2832 623 iam
2863 577 3173 624 consecra-

707 666 896 743 tione,
936 685 1057 731 non
1096 667 1384 731 teneatur
1414 666 1687 746 reliquae
1736 665 1901 747 parti
1949 665 2264 739 interesse,
2290 663 2517 746 quippe
2553 681 2626 726 ea
2657 680 2780 727 non
2827 663 3171 728 satisfacit:

707 767 874 849 quod
905 768 1213 833 consentit
1244 770 1308 832 et
1339 787 1387 831 s.
1422 767 1607 849 Alph.
1641 786 1701 830 n.
1737 767 1888 830 310.
1925 787 1983 848 q.
2020 769 2080 830 2.
2116 765 2177 830 S.
2212 766 2397 848 Alph.
2433 765 2605 829 addit
2637 783 2705 827 ex
2737 762 2958 842 Collet,
2994 765 3173 831 valde

707 873 1112 956 probabiliter
1134 873 1327 937 teneri
1354 873 1432 937 ad
1448 872 1818 937 audiendam
1837 872 1995 936 hanc
2011 875 2272 955 partem,
2292 874 2512 954 utpote
2536 872 2777 954 partem
2794 873 3173 937 ceremoniae

705 977 1067 1058 praeceptae
1092 975 1170 1039 ab
1195 974 1487 1038 Ecclesia.
1516 973 1632 1037 Sed
1644 973 2010 1054 probabiles
2035 974 2448 1057 obligationes
2477 973 2715 1056 imponi
2741 991 2865 1038 non
2889 977 3168 1056 possunt,

708 1077 874 1158 quod
907 1077 1221 1141 advertere
1254 1077 1568 1141 debuisset
1597 1078 1661 1140 et
1698 1075 1874 1160 Gury
1910 1078 1966 1158 ξ.
2004 1078 2152 1141 243.
2189 1096 2247 1158 q.
2283 1077 2345 1141 3.

798 1178 1191 1243 Obiiciuntur
1222 1197 1269 1242 s.
1304 1178 1607 1260 Alphonsi
1646 1179 1833 1242 verba
1872 1178 2061 1242 Hom.
2097 1177 2226 1257 Ap.
2260 1180 2340 1242 tr.
2378 1178 2438 1243 6.
2471 1198 2532 1242 n.
2569 1179 2715 1242 33.:
2749 1176 3043 1242 Dicimus
3073 1198 3173 1258 op-

696 1281 978 1361 positum
1026 1280 1354 1344 tenendum
1399 1300 1537 1344 cum
1575 1280 1825 1344 Contin.
1875 1281 2195 1362 Tournely
2239 1285 2302 1344 et
2345 1280 2430 1345 P.
2473 1280 2791 1345 Zacharia
2827 1281 2900 1345 in
2954 1279 3167 1346 Croioe.

706 1380 922 1458 Ratio,
972 1383 1123 1462 quia
1168 1402 1309 1446 cum
1350 1384 1440 1446 sit
1465 1383 1625 1446 satis
1659 1382 2009 1462 probabile,
2044 1381 2211 1464 quod
2243 1383 2515 1446 essentia
2546 1380 2866 1461 Sacrificii
2895 1383 2966 1445 in
3010 1403 3172 1446 sunt-

700 1484 914 1563 ptione
945 1486 1264 1560 consistat,
1314 1484 1578 1548 dicimus
1607 1483 1793 1547 illum
1839 1484 1987 1549 bene
2033 1484 2325 1566 obliyari.
2374 1521 2460 1531 -
2493 1485 2677 1568 Resp.
2716 1484 2782 1547 1⁰
2813 1485 3171 1549 Tenendum

706 1588 803 1651 est
832 1605 942 1651 ceu
976 1588 1129 1651 satis
1161 1587 1499 1669 probabile,
1533 1587 1697 1669 quod
1731 1588 1999 1652 essentia
2032 1586 2328 1651 Sacrificii
2360 1587 2424 1649 in
2456 1586 2810 1668 sumptione
2846 1588 3167 1666 consistat,

703 1707 883 1772 nego,
932 1690 1031 1753 vel
1071 1691 1378 1754 transeat:
1427 1688 1762 1754 tenendum
1800 1691 1916 1765 est,
1955 1689 2447 1767 fundamentum,
2488 1689 2653 1771 quod
2684 1708 2849 1753 mere
2884 1690 2969 1754 sit
3015 1690 3170 1754 satis

705 1790 1043 1872 probabile,
1076 1792 1357 1856 sufficere
1389 1792 1466 1855 ad
1488 1791 1898 1855 inducendam
1931 1792 2398 1875 obligationem,
2429 1809 2609 1874 nego.
2632 1791 2829 1874 Resp.
2866 1794 2935 1854 2ο
2966 1790 3171 1857 Collet

704 1892 996 1956 innititur
1027 1895 1276 1970 rationi,
1316 1914 1494 1976 quae,
1530 1896 1602 1957 ut
1634 1894 1841 1977 inquit
1870 1895 2031 1958 idem
2058 1913 2104 1958 s.
2133 1894 2507 1975 Alphonsus,
2535 1913 2662 1958 non
2691 1893 2951 1957 suadet:
2985 1892 3170 1959 Croix

707 1995 919 2057 autem
944 1994 1094 2076 (non
1118 2015 1263 2060 vero
1295 1996 1615 2074 Zacharia,
1643 1997 1851 2078 quine
1874 1997 2131 2060 verbum
2157 1997 2406 2077 quidem
2437 1998 2511 2061 de
2543 1998 2658 2061 hac
2688 2016 2753 2060 re
2786 1996 3001 2078 habet)
3026 2016 3168 2061 cum

706 2096 786 2158 ad
816 2097 1275 2177 praeferendam
1307 2117 1419 2163 ceu
1443 2099 1824 2181 probabilem
1859 2098 2016 2163 hanc
2049 2099 2418 2180 opinionem,
2445 2098 2779 2163 inducatur
2811 2099 3029 2163 eadem
3061 2099 3168 2162 illa

707 2197 966 2275 ratione,
1007 2218 1196 2281 quam
1243 2201 1306 2263 in
1354 2198 1558 2265 Collet
1603 2219 1652 2263 S.
1686 2200 1871 2281 Alph.
1920 2201 2139 2276 reiicit,
2188 2200 2519 2266 concludas
2563 2202 2730 2280 licet,
2771 2219 2875 2266 eos
2922 2201 3165 2265 nullum

704 2301 945 2383 pondus
975 2302 1083 2365 isti
1116 2304 1391 2385 opinioni
1424 2303 1663 2367 addere.

791 2404 1125 2469 Adduntur
1156 2406 1305 2470 haec
1338 2406 1462 2469 alia
1488 2425 1535 2469 S.
1576 2405 1881 2488 Alphonsi
1913 2406 2098 2470 verba
2121 2406 2229 2469 lib.
2263 2407 2325 2469 3.
2360 2426 2421 2469 n.
2452 2407 2634 2470 310.:
2669 2404 2997 2471 Sententia
3020 2405 3167 2470 haec

697 2507 1089 2588 affirmativa
1119 2511 1214 2572 est
1236 2508 1414 2571 valde
1428 2507 1784 2587 probabilis
1808 2512 1869 2571 et
1890 2509 1960 2570 in
1979 2509 2182 2587 praxi
2208 2508 2492 2583 tenenda,
2517 2511 2592 2571 ut
2617 2508 2715 2571 ait
2733 2507 2821 2572 P.
2844 2507 3169 2572 Zacharia

699 2610 889 2692 (idest
920 2609 1131 2693 Croix)
1169 2630 1247 2674 ex
1276 2610 1414 2674 alia
1441 2611 1709 2684 ratione,
1756 2610 1994 2675 scilicet
2037 2612 2190 2691 quia
2210 2610 2430 2674 audiri
2447 2614 2658 2690 potest
2677 2630 2838 2690 pars
2866 2610 3166 2674 notabilis

696 2715 1077 2777 ceremoniae
1112 2713 1192 2777 ab
1240 2712 1562 2778 Ecclesiae
1596 2717 1988 2793 praeceptae.
2039 2715 2222 2796 Resp.
2279 2714 2343 2777 1⁰
2389 2713 2701 2796 Praecipit
2748 2713 3041 2788 Ecclesia,
3093 2716 3164 2778 ut

698 2815 908 2880 fideles
940 2817 1229 2881 intersint
1254 2817 1552 2882 sacrificio
1601 2818 1664 2882 et
1709 2818 2072 2882 ceremoniis
2120 2818 2308 2881 simul
2339 2837 2482 2881 cum
2521 2816 2821 2882 sacrificio
2854 2818 3160 2895 connexiS,

699 2918 961 2982 concedo
981 2943 996 2995 ς
1018 2920 1334 3002 praecipit,
1353 2922 1427 2983 ut
1459 2919 1750 2984 intersint
1771 2920 1921 2984 solis
1939 2920 2068 2983 sine
2089 2918 2388 2983 sacrificio
2415 2919 2796 2993 ceremoniis,
2818 2919 2945 2984 imo
2971 2920 3163 2984 etiam

700 3020 888 3084 alicui
916 3022 1169 3085 tantum
1201 3021 1687 3086 ceremoniarum
1719 3022 1904 3103 parti,
1940 3040 2118 3105 nego.
2163 3021 2344 3103 Resp.
2381 3024 2450 3084 2⁰
2475 3019 2794 3085 Sententia
2827 3022 2976 3087 haec
3002 3022 3164 3086 affir-

697 3124 936 3187 mativa
961 3126 1056 3188 est
1085 3124 1263 3188 valde
1288 3124 1648 3207 probabiliS,
1676 3125 1987 3199 transeat3
2023 3143 2170 3207 ergo
2202 3125 2266 3187 in
2299 3124 2472 3205 praxi
2496 3123 2778 3199 tenenda,
2806 3122 3160 3208 distinguo:

698 3227 891 3289 utres
915 3225 1062 3289 boni
1085 3226 1345 3302 consilii,
1372 3226 1665 3291 concedo:
1694 3228 1768 3289 ut
1799 3245 1894 3289 res
1929 3226 2256 3308 praecepti,
2286 3244 2462 3309 nego.
2499 3224 2559 3288 S.
2586 3224 2943 3307 Alphonsus
2966 3226 3075 3288 lib.
3098 3226 3160 3289 3.

696 3346 756 3390 n.
813 3327 958 3390 132.
1007 3327 1071 3392 in
1115 3328 1399 3411 Epistola
1447 3328 1524 3392 ad
1572 3329 1647 3391 R.
1691 3328 1808 3392 Ab.
1843 3328 2232 3393 Bartholom.
2281 3327 2358 3392 de
2403 3327 2636 3404 Marco,
2686 3327 2960 3392 inculcat
3006 3328 3162 3392 illud

695 3427 858 3511 (cap.
903 3427 1061 3492 Cum
1105 3432 1242 3494 iure
1289 3432 1395 3495 32.
1428 3427 1531 3494 De
1578 3428 1757 3509 Offic.
1808 3436 1869 3494 et
1897 3428 2140 3494 Potest.
2173 3429 2363 3493 indic.
2405 3428 2666 3512 deley.):
2700 3429 2858 3492 Nisi
2885 3430 2961 3493 de
2991 3450 3164 3493 man-

693 3531 840 3596 dato
884 3536 1090 3596 certus
1120 3533 1458 3607 exstiteris,
1492 3534 1748 3614 ezcsequi
1791 3552 1919 3597 non
1965 3533 2222 3615 coyeris,
2272 3532 2437 3611 quod
2463 3529 2824 3595 mndatur.
2857 3530 2943 3595 Et
2973 3531 3161 3614 paulo

694 3637 838 3720 post
869 3637 1032 3701 idem
1063 3655 1112 3701 s.
1152 3637 1539 3719 Alphonsus:
1572 3636 1750 3701 Hinc
1781 3637 2241 3716 sapientissime
2279 3633 2666 3698 Benedictus
2706 3633 2908 3698 XIV.
2942 3634 3017 3698 in
3050 3653 3161 3698 suo

702 3737 896 3815 Opere
943 3738 1017 3801 de
1065 3736 1315 3819 Synodo
1361 3739 1431 3801 in
1467 3738 1788 3820 plerisque
1834 3738 2145 3817 capitibus
2178 3733 2345 3799 nihil
2374 3734 2558 3799 aliud
2587 3737 2901 3815 episcopos
2935 3741 3159 3811 monet,

690 3861 879 3920 quam
910 3861 989 3904 ne
1020 3861 1300 3920 unquam
1318 3843 1563 3920 peccati
1596 3842 1813 3923 pravis
1849 3859 1956 3904 eas
1987 3839 2288 3903 damnent
2321 3837 2662 3916 opiniones,
2694 3856 2853 3919 quae
2897 3839 2999 3901 uti
3017 3857 3162 3918 pro-

694 3940 928 4005 babiles
950 3940 1254 4006 Doctores
1284 3945 1609 4024 utriusque
1630 3944 1845 4022 partis
1874 3939 2237 4021 defendunt.

778 4042 1066 4110 Ceterum
1101 4045 1329 4128 opinio,
1364 4046 1529 4127 quod
1561 4044 1828 4110 essentia
1861 4042 2148 4108 sacrificii
2193 4044 2316 4108 sita
2347 4043 2433 4108 sit
2469 4043 2533 4107 in
2565 4041 2935 4126 sumptione,
2986 4043 3158 4109 nulla

688 4149 887 4213 solida
918 4149 1153 4233 gaudet
1182 4148 1516 4213 intrinseca
1547 4145 2008 4230 probabilitate.
2043 4144 2330 4228 Sumptio
2381 4146 2566 4223 enim,
2606 4164 2749 4210 cum
2796 4145 2882 4209 sit
2914 4144 3159 4228 partici-

685 4251 856 4332 patio
904 4251 993 4315 rei
1040 4249 1442 4325 sacrificatae,
1492 4246 2016 4331 quemadmodum
2063 4249 2126 4312 et
2180 4248 2245 4312 in
2294 4247 2575 4331 pluribus
2622 4247 2700 4311 V.
2734 4246 2805 4310 L.
2840 4246 3156 4311 sacrificiis

683 4351 818 4416 fieri
851 4353 1111 4430 solebat,
1147 4351 1443 4434 supponit
1476 4349 1847 4415 sacrificium
1881 4352 2219 4432 peractum.

782 4449 957 4523 783.
991 4453 1053 4519 S.
1094 4456 1279 4537 Alph.
1314 4474 1373 4517 n.
1408 4454 1558 4518 310.
1592 4474 1651 4535 q.
1686 4454 1747 4517 3.
1782 4456 2005 4533 censet,
2041 4474 2203 4532 eum,
2237 4454 2347 4537 qui
2385 4456 2626 4537 partem
2657 4471 2781 4519 non
2813 4453 3152 4519 notabilem

685 4556 917 4634 omisit,
939 4556 1339 4637 probabilius
1362 4557 1557 4622 teneri
1581 4557 1658 4622 ad
1692 4558 2098 4641 supplendam
2123 4559 2299 4622 illam
2331 4559 2591 4640 partem,
2627 4557 2682 4621 si
2705 4558 2947 4640 potest:
2975 4575 3024 4620 s.
3052 4555 3154 4620 Al·
