3497 5147
328 406 467 474 [3351
1397 421 1720 463 mvmxrio
2675 411 2782 464 245

324 517 521 581 multo
570 517 777 580 minus
824 518 1016 600 patet,
1056 537 1166 581 cur
1213 518 1310 582 hic
1358 520 1533 583 aetus
1581 517 1666 582 sit
1710 518 2093 600 superstitiO,
2142 538 2285 582 cum
2331 520 2541 585 nullus
2586 522 2784 585 honor

325 618 564 683 divinus
615 618 902 683 daemoni
950 619 1283 684 tribuatur.

409 721 841 804 Respondetur
869 723 934 785 1Ο
959 722 1120 803 quod
1147 740 1289 787 cum
1311 723 1573 787 daemon
1596 724 1682 788 sit
1710 723 1912 788 hostis
1935 723 2052 787 Dei
2076 726 2138 788 et
2169 725 2477 790 humanae
2501 728 2781 802 naturae,

325 824 733 907 perniciosum
782 825 878 887 est
923 825 1110 906 atque
1155 824 1448 889 illicitum
1493 825 1815 907 quodlibet
1859 844 2001 889 cum
2048 844 2118 890 eo
2167 828 2624 905 commercium,
2659 848 2782 911 quo

326 927 687 1010 praesertim
734 930 796 990 te
842 927 937 991 illi
991 928 1281 992 subiicias
1336 931 1636 1010 tanquam
1683 929 1988 1012 magistro
2033 929 2219 1010 idque
2273 930 2643 995 iniuriosum
2690 934 2787 996 est

330 1029 475 1106 Deo,
511 1029 620 1111 qui
666 1029 804 1094 ideo
853 1030 1039 1107 venit,
1075 1034 1147 1094 ut
1194 1030 1511 1095 diabolum
1556 1030 1724 1095 foras
1772 1030 2034 1096 eiiceret.
2072 1029 2139 1095 Si
2184 1051 2307 1114 qua
2355 1035 2451 1097 est
2496 1052 2642 1117 ergo
2681 1053 2786 1099 no-

330 1131 488 1208 titia,
528 1150 719 1214 quam
767 1133 1041 1197 naturali
1087 1134 1149 1197 vi
1198 1134 1443 1216 assequi
1475 1134 1822 1215 nequimus,
1856 1153 2134 1214 quaeque
2164 1134 2342 1198 nobis
2392 1135 2565 1199 utilis
2598 1136 2681 1200 sit
2714 1155 2785 1200 ac

330 1236 686 1311 necessaria,
736 1255 807 1299 ea
855 1238 948 1300 est
996 1255 1031 1299 a
1078 1237 1209 1300 Deo
1273 1236 1554 1318 petenda,
1603 1237 1710 1317 qui
1759 1236 2144 1318 providentia
2192 1256 2304 1301 sua
2352 1240 2610 1320 paterna
2671 1258 2783 1305 nos

330 1336 487 1419 regit
533 1339 597 1400 et
642 1337 960 1401 illuminat
1006 1356 1249 1402 omnem
1295 1338 1628 1402 hominem.
1676 1336 1769 1401 Of.
1820 1339 2005 1402 verba
2052 1358 2100 1402 s.
2142 1338 2417 1402 Thomae
2464 1340 2659 1404 allata
2708 1342 2783 1404 ad

328 1438 508 1523 Resp.
544 1440 605 1503 3.
640 1460 701 1503 n.
737 1440 842 1504 59.

411 1542 597 1625 Resp.
635 1544 705 1605 2⁰
743 1540 902 1607 Cum
948 1542 1108 1626 petit
1152 1543 1292 1625 quis
1325 1562 1361 1606 a
1399 1542 1694 1607 daemone
1739 1543 1804 1605 id
1842 1541 2007 1625 quod
2044 1543 2173 1624 ipse
2219 1544 2479 1607 naturae
2529 1563 2676 1607 suae
2723 1544 2785 1608 vi

323 1664 503 1710 nosse
534 1645 632 1709 vel
664 1644 863 1709 facere
907 1648 1141 1728 potest;
1176 1646 1381 1710 minus
1428 1646 1646 1728 utique
1680 1650 1910 1728 peccat,
1945 1664 2134 1726 quam
2181 1664 2319 1709 cum
2362 1646 2438 1707 ab
2486 1664 2556 1711 eo
2605 1646 2782 1727 petit,

324 1767 484 1830 quae
530 1749 646 1812 Dei
692 1750 842 1813 sunt
877 1750 1160 1831 propria:
1199 1749 1603 1812 nihilominus
1653 1748 1853 1811 adhuc
1890 1748 2348 1830 superstitionis
2396 1748 2564 1811 labes
2610 1749 2674 1811 in
2713 1767 2784 1813 eo

328 1850 477 1913 actu
520 1851 840 1933 reperitur.
876 1850 1058 1928 Nam,
1092 1852 1167 1914 ut
1199 1849 1474 1914 declarat
1518 1850 1665 1914 ibid.
1700 1869 1774 1913 ex
1820 1848 2116 1914 Caietano
2166 1848 2411 1927 Suarez,
2461 1874 2493 1907 «
2527 1870 2635 1932 per
2671 1849 2787 1915 hoc

328 1953 762 2016 commercium
795 1952 1063 2017 hominis
1095 1972 1237 2016 cum
1277 1951 1591 2027 daemone,
1626 1952 1726 2016 hic
1772 1950 2038 2017 intendit
2085 1972 2382 2034 usurpare
2431 1951 2666 2034 aliquid
2713 1951 2785 2017 de

320 2053 684 2117 excellentia
728 2055 845 2118 Dei
906 2057 970 2119 et
1015 2055 1087 2119 de
1135 2055 1366 2118 honore
1412 2055 1507 2118 illi
1553 2054 1631 2118 ab
1692 2054 1941 2118 homine
1987 2054 2214 2131 debito,
2265 2055 2328 2117 in
2374 2054 2491 2118 hoc
2539 2054 2783 2131 saltem,

316 2156 487 2237 quod
536 2156 742 2234 homo,
789 2157 1005 2221 relicto
1053 2158 1205 2233 Deo,
1241 2156 1318 2220 ad
1362 2157 1567 2238 ipsum
1616 2158 1894 2221 recurrat
1938 2158 2003 2219 et
2048 2157 2167 2239 ipsi
2212 2176 2276 2220 se
2324 2156 2617 2220 subiiciat
2654 2158 2788 2220 tan·

314 2272 514 2341 quam
557 2259 840 2343 indigens
888 2259 1118 2323 auxilio
1166 2260 1298 2323 eius
1347 2259 1410 2321 et
1446 2260 1507 2322 in
1555 2278 1627 2323 eo
1674 2259 2002 2335 confidens,
2039 2259 2228 2322 etiam
2273 2258 2472 2322 invito
2521 2260 2672 2337 Deo,
2713 2261 2787 2323 ut

312 2361 402 2425 sic
450 2361 680 2425 dicam.
745 2360 888 2425 Ideo
936 2362 1121 2426 homo
1187 2362 1510 2426 consulens
1565 2360 1925 2426 daemonem
1974 2359 2287 2443 praedicto
2348 2361 2554 2440 modo,
2605 2361 2786 2443 plane

313 2464 635 2529 consentit
681 2465 745 2528 et
790 2466 1157 2547 cooperatur
1202 2464 1486 2529 daemoni
1534 2483 1833 2547 usurpare
1881 2465 2131 2529 conanti
2177 2463 2452 2527 divinam
2499 2464 2788 2527 excellen-

310 2567 472 2632 tiam
506 2569 573 2632 et
612 2567 751 2633 ideo
798 2569 1014 2633 contra
1044 2568 1405 2654 religionem
1452 2568 1584 2633 Deo
1621 2567 1896 2632 debitam
1944 2566 2374 2650 superstitiose
2407 2568 2700 2649 operatur
2722 2592 2783 2631 ι».

400 2666 587 2740 335.
622 2670 911 2754 Alterum
950 2670 1391 2735 advertendum
1423 2673 1519 2734 est
1555 2669 1720 2751 quod
1769 2671 1859 2734 ait
1903 2691 1952 2734 s.
1995 2669 2288 2745 Thomna,
2328 2667 2685 2732 daemonem
2721 2689 2785 2732 se

300 2771 605 2855 inyerere
650 2775 835 2836 vanis
878 2772 1395 2854 inquisitionibus
1438 2771 1814 2851 fiaturorum.
1848 2770 2006 2836 Cum
2052 2772 2216 2835 enim
2262 2771 2402 2853 quis
2447 2771 2651 2836 medio
2683 2791 2787 2835 na-

304 2877 616 2941 turaliter
645 2877 856 2959 inepto
903 2876 1151 2957 quaerit
1183 2874 1418 2956 aliquid
1462 2893 1642 2938 nosse
1678 2875 1778 2938 vel
1814 2874 2033 2946 facere,
2066 2873 2306 2958 indiget
2351 2875 2514 2938 certe
2554 2874 2784 2939 auxilio

300 2980 582 3044 alicuius
618 2978 878 3042 alterius
911 2978 1172 3061 agentiS,
1206 2978 1315 3058 qui
1361 2978 1423 3040 vi
1469 2977 1781 3059 superiore
1813 2977 2064 3059 polleat,
2105 2979 2178 3040 ut
2213 2976 2370 3041 illud
2410 2977 2783 3040 obtineatur.

299 3085 393 3149 At
438 3085 621 3148 certe
668 3101 863 3163 neque
910 3083 1078 3145 Deus
1138 3099 1334 3162 neque
1381 3080 1657 3163 Angelus
1704 3080 1922 3156 bonus,
1973 3079 2082 3160 qui
2126 3080 2238 3142 has
2294 3098 2487 3144 vanas
2533 3079 2787 3160 inquisi-

293 3189 509 3252 tiones
562 3188 887 3267 nequeunt
946 3185 1225 3267 probare,
1273 3202 1338 3247 se
1383 3183 1735 3247 immiscent
1778 3183 1905 3246 illis
1952 3185 2016 3246 et
2072 3182 2375 3246 auxilium
2421 3183 2782 3265 praestant:

293 3290 347 3354 si
380 3308 544 3376 ergo
581 3286 739 3372 quid
786 3288 1122 3363 obtinetur,
1153 3286 1218 3349 id
1264 3285 1550 3350 daemoni
1581 3285 1858 3362 debetur,
1893 3285 1999 3366 qui
2033 3304 2194 3348 vana
2242 3285 2450 3348 omnia
2488 3286 2551 3348 et
2585 3303 2620 3347 a
2654 3284 2784 3349 Deo

294 3393 510 3457 aliena
550 3389 791 3474 probat
835 3390 899 3453 et
929 3388 1283 3453 hominibus
1327 3388 1587 3452 illudere
1631 3387 1862 3450 studet.
1911 3388 2070 3469 Ipse,
2103 3388 2209 3468 qui
2258 3387 2477 3468 utpote
2510 3387 2787 3450 tentator

287 3493 319 3555 ὀ
362 3489 766 3568 πειραστῆς,
830 3491 980 3555 haec
1026 3491 1104 3555 ab
1149 3510 1215 3555 se
1261 3507 1554 3572 quaerere
1599 3488 1955 3554 hominibus
2003 3489 2224 3564 suasit,
2271 3488 2626 3551 interventu
2671 3505 2784 3551 suo

287 3619 394 3665 eas
444 3596 904 3681 inquisitiones
951 3594 1121 3659 fovet
1166 3595 1231 3658 et
1274 3594 1582 3675 responsis
1628 3593 1759 3656 suis
1805 3592 2086 3657 homines
2132 3591 2252 3655 sibi
2298 3590 2584 3654 devincit.

380 3699 767 3783 Distinguit
804 3717 951 3782 ergo
989 3716 1039 3761 s.
1079 3697 1351 3761 Thomas
1390 3695 1697 3778 duplicem
1743 3694 1999 3758 modum
2046 3693 2466 3769 divinationiS,
2518 3694 2786 3757 alterum

286 3826 397 3891 per
430 3820 811 3890 expressam
842 3801 1295 3867 invocationem
1328 3798 1645 3863 daemonis
1676 3817 1786 3861 seu
1824 3816 1930 3879 per
1960 3796 2317 3879 explicitum
2351 3797 2605 3879 pactum
2643 3815 2786 3860 cum

282 3915 447 3996 ipso,
479 3912 775 3975 alterum
808 3925 916 3989 per
944 3905 1314 3988 implicitam
1336 3903 1812 3977 invocationem,
1839 3921 1981 3966 cum
2011 3919 2229 3983 nempe
2259 3900 2462 3965 media
2488 3901 2544 3965 ei
2574 3902 2785 3985 inepta

288 4014 717 4086 adhibentur,
756 4008 982 4091 quibus
1032 4006 1266 4089 aliquid
1305 4005 1570 4070 obtineri
1615 4004 1851 4086 nequit,
1882 4004 2002 4067 nisi
2049 4005 2356 4085 quatenus
2403 4002 2689 4068 diabolus
2720 4023 2786 4069 se

279 4117 412 4181 illis
466 4111 745 4198 ingerit.

369 4216 574 4299 Quod
641 4214 887 4295 spectat
940 4210 1018 4274 ad
1065 4210 1511 4274 divinationem
1557 4210 1746 4291 (idem
1795 4209 1891 4272 dic
1936 4199 2010 4272 de
2072 4227 2234 4273 vana
2282 4209 2678 4272 observantia
2725 4211 2788 4272 et

282 4323 543 4407 magia)
579 4334 754 4399 quae
784 4334 892 4398 per
914 4313 1285 4396 implicitam
1309 4313 1624 4377 daemonis
1648 4312 2105 4376 invocationem
2129 4310 2265 4374 fieri
2299 4310 2547 4387 dicitur,
2573 4311 2789 4391 quaeri

279 4425 504 4510 potest
557 4416 728 4503 quid
773 4416 848 4482 de
893 4417 1019 4480 illis
1066 4417 1151 4480 sit
1199 4415 1542 4492 dicendum,
1577 4415 1684 4497 qui
1716 4413 2075 4480 huiusmodi
2120 4413 2279 4476 mira
2327 4413 2627 4489 obtinent,
2678 4413 2786 4493 qui

284 4530 507 4592 tamen
544 4526 622 4588 in
669 4539 744 4585 ea
778 4519 1062 4603 opinione
1094 4519 1211 4582 sibi
1245 4518 1380 4601 (per
1409 4536 1677 4583 errorem
1716 4517 1962 4598 utique)
1994 4515 2160 4579 certa
2197 4516 2545 4591 versantur,
2578 4513 2787 4577 diabo-
2890 4559 2901 4571 .

277 4632 419 4698 lum
475 4627 755 4695 nullum
808 4639 959 4699 esse,
1008 4623 1116 4704 qui
1162 4621 1387 4685 ideirco
1433 4622 1585 4683 haec
1630 4636 2054 4700 quaecumque
2100 4617 2228 4679 sint
2272 4617 2451 4694 mira,
2500 4615 2788 4679 censeant
