<?xml version="1.0" encoding="UTF-8"?>
<!DOCTYPE html PUBLIC "-//W3C//DTD XHTML 1.0 Transitional//EN"
    "http://www.w3.org/TR/xhtml1/DTD/xhtml1-transitional.dtd">
<html xmlns="http://www.w3.org/1999/xhtml" xml:lang="en" lang="en">
 <head>
  <title>
</title>
<meta http-equiv="Content-Type" content="text/html;charset=utf-8" />
  <meta name='ocr-system' content='tesseract 3.04.00' />
  <meta name='ocr-capabilities' content='ocr_page ocr_carea ocr_par ocr_line ocrx_word'/>
</head>
<body>
  <div class='ocr_page' id='page_1' title='image "./opustheologicum00ballgoog/opustheologicum00ballgoog_0878.png"; bbox 0 0 3497 5147; ppageno 0'>
   <div class='ocr_carea' id='block_1_1' title="bbox 385 345 2847 422">
    <p class='ocr_par' dir='ltr' id='par_1_1' title="bbox 385 345 2847 422">
     <span class='ocr_line' id='line_1_1' title="bbox 385 345 2847 422; baseline -0.001 -20"><span class='ocrx_word' id='word_1_1' title='bbox 385 345 565 422; x_wconf 78' lang='lat'><strong>[1163]</strong></span> <span class='ocrx_word' id='word_1_2' title='bbox 1107 359 1229 408; x_wconf 80' lang='lat' dir='ltr'>Quo</span> <span class='ocrx_word' id='word_1_3' title='bbox 1267 361 1419 402; x_wconf 76' lang='lat' dir='ltr'>man</span> <span class='ocrx_word' id='word_1_4' title='bbox 1456 361 1816 403; x_wconf 65' lang='lat' dir='ltr'>anamma</span> <span class='ocrx_word' id='word_1_5' title='bbox 1855 361 2135 403; x_wconf 56' lang='lat' dir='ltr'>naaman</span> <span class='ocrx_word' id='word_1_6' title='bbox 2740 347 2847 403; x_wconf 79' lang='lat'>871</span> 
     </span>
    </p>
   </div>
   <div class='ocr_carea' id='block_1_2' title="bbox 385 456 2854 3711">
    <p class='ocr_par' dir='ltr' id='par_1_2' title="bbox 385 456 2854 1854">
     <span class='ocr_line' id='line_1_2' title="bbox 387 456 2848 553; baseline 0 -31"><span class='ocrx_word' id='word_1_7' title='bbox 387 457 640 523; x_wconf 89' lang='lat' dir='ltr'>clericos</span> <span class='ocrx_word' id='word_1_8' title='bbox 687 476 919 530; x_wconf 91' lang='lat' dir='ltr'>omnes,</span> <span class='ocrx_word' id='word_1_9' title='bbox 969 456 1162 553; x_wconf 77' lang='lat' dir='ltr'>etiam</span> <span class='ocrx_word' id='word_1_10' title='bbox 1205 457 1541 540; x_wconf 88' lang='lat' dir='ltr'>Episcopos</span> <span class='ocrx_word' id='word_1_11' title='bbox 1588 459 1783 524; x_wconf 87' lang='lat' dir='ltr'>teneri</span> <span class='ocrx_word' id='word_1_12' title='bbox 1829 459 2067 524; x_wconf 83' lang='lat' dir='ltr'>solvere</span> <span class='ocrx_word' id='word_1_13' title='bbox 2125 458 2393 523; x_wconf 87' lang='lat' dir='ltr'>decimas</span> <span class='ocrx_word' id='word_1_14' title='bbox 2439 457 2513 521; x_wconf 94' lang='lat' dir='ltr'>de</span> <span class='ocrx_word' id='word_1_15' title='bbox 2562 458 2848 523; x_wconf 89' lang='lat' dir='ltr'>omnibus</span> 
     </span>
     <span class='ocr_line' id='line_1_3' title="bbox 385 559 2846 646; baseline 0 -22"><span class='ocrx_word' id='word_1_16' title='bbox 385 560 538 625; x_wconf 87' lang='lat' dir='ltr'>locis</span> <span class='ocrx_word' id='word_1_17' title='bbox 571 559 1001 625; x_wconf 89' lang='lat' dir='ltr'>ecclesiasticis</span> <span class='ocrx_word' id='word_1_18' title='bbox 1034 559 1315 624; x_wconf 89' lang='lat' dir='ltr'>Romano</span> <span class='ocrx_word' id='word_1_19' title='bbox 1347 559 1655 638; x_wconf 86' lang='lat' dir='ltr'>Pontifici,</span> <span class='ocrx_word' id='word_1_20' title='bbox 1682 561 1736 626; x_wconf 91' lang='lat' dir='ltr'>si</span> <span class='ocrx_word' id='word_1_21' title='bbox 1774 581 1877 625; x_wconf 88' lang='lat' dir='ltr'>eas</span> <span class='ocrx_word' id='word_1_22' title='bbox 1902 562 2130 646; x_wconf 85' lang='lat' dir='ltr'>exigat.</span> <span class='ocrx_word' id='word_1_23' title='bbox 2157 561 2258 624; x_wconf 97' lang='lat' dir='ltr'>Ita</span> <span class='ocrx_word' id='word_1_24' title='bbox 2282 579 2331 624; x_wconf 81' lang='lat' dir='ltr'>e.</span> <span class='ocrx_word' id='word_1_25' title='bbox 2359 559 2632 624; x_wconf 83' lang='lat' dir='ltr'>Thomas</span> <span class='ocrx_word' id='word_1_26' title='bbox 2655 580 2714 642; x_wconf 92' lang='lat' dir='ltr'>q.</span> <span class='ocrx_word' id='word_1_27' title='bbox 2741 562 2846 626; x_wconf 88' lang='lat' dir='ltr'>cit.</span> 
     </span>
     <span class='ocr_line' id='line_1_4' title="bbox 387 661 2850 747; baseline 0 -20"><span class='ocrx_word' id='word_1_28' title='bbox 387 665 505 727; x_wconf 89' lang='lat' dir='ltr'>art.</span> <span class='ocrx_word' id='word_1_29' title='bbox 541 663 602 726; x_wconf 89' lang='lat'>4.</span> <span class='ocrx_word' id='word_1_30' title='bbox 639 662 716 726; x_wconf 92' lang='lat' dir='ltr'>ad</span> <span class='ocrx_word' id='word_1_31' title='bbox 748 662 810 726; x_wconf 86' lang='lat'>3.</span> <span class='ocrx_word' id='word_1_32' title='bbox 843 661 971 743; x_wconf 88' lang='lat' dir='ltr'>qui,</span> <span class='ocrx_word' id='word_1_33' title='bbox 1006 661 1549 743; x_wconf 82' lang='lat' dir='ltr'>quemadmodum,</span> <span class='ocrx_word' id='word_1_34' title='bbox 1584 662 1694 739; x_wconf 88' lang='lat' dir='ltr'>ait,</span> <span class='ocrx_word' id='word_1_35' title='bbox 1729 663 1986 728; x_wconf 75' lang='lat' dir='ltr'>Levitae</span> <span class='ocrx_word' id='word_1_36' title='bbox 2032 664 2097 727; x_wconf 91' lang='lat' dir='ltr'>in</span> <span class='ocrx_word' id='word_1_37' title='bbox 2142 663 2279 747; x_wconf 90' lang='lat' dir='ltr'>lege</span> <span class='ocrx_word' id='word_1_38' title='bbox 2325 662 2538 739; x_wconf 81' lang='lat' dir='ltr'>veteri,</span> <span class='ocrx_word' id='word_1_39' title='bbox 2573 661 2720 727; x_wconf 89' lang='lat' dir='ltr'>dare</span> <span class='ocrx_word' id='word_1_40' title='bbox 2752 663 2850 727; x_wconf 91' lang='lat' dir='ltr'>de-</span> 
     </span>
     <span class='ocr_line' id='line_1_5' title="bbox 386 763 2850 849; baseline -0 -19"><span class='ocrx_word' id='word_1_41' title='bbox 386 767 579 830; x_wconf 90' lang='lat' dir='ltr'>cimas</span> <span class='ocrx_word' id='word_1_42' title='bbox 627 765 932 829; x_wconf 78' lang='lat' dir='ltr'>debebant</span> <span class='ocrx_word' id='word_1_43' title='bbox 977 782 1222 828; x_wconf 88' lang='lat' dir='ltr'>summo</span> <span class='ocrx_word' id='word_1_44' title='bbox 1270 763 1576 829; x_wconf 87' lang='lat' dir='ltr'>sacerdoti</span> <span class='ocrx_word' id='word_1_45' title='bbox 1623 765 1727 847; x_wconf 88' lang='lat' dir='ltr'>(cf.</span> <span class='ocrx_word' id='word_1_46' title='bbox 1763 765 1950 830; x_wconf 91' lang='lat' dir='ltr'>Num.</span> <span class='ocrx_word' id='word_1_47' title='bbox 1985 766 2223 830; x_wconf 88' lang='lat' dir='ltr'>XVHI.</span> <span class='ocrx_word' id='word_1_48' title='bbox 2265 766 2554 849; x_wconf 84' lang='lat'>26.-28.)‚</span> <span class='ocrx_word' id='word_1_49' title='bbox 2603 765 2850 849; x_wconf 85' lang='lat' dir='ltr'>colligit</span> 
     </span>
     <span class='ocr_line' id='line_1_6' title="bbox 387 865 2852 951; baseline -0.001 -17"><span class='ocrx_word' id='word_1_50' title='bbox 387 869 552 951; x_wconf 92' lang='lat' dir='ltr'>quod</span> <span class='ocrx_word' id='word_1_51' title='bbox 591 894 626 924; x_wconf 86' lang='lat'><strong>«</strong></span> <span class='ocrx_word' id='word_1_52' title='bbox 658 886 824 932; x_wconf 92' lang='lat' dir='ltr'>nunc</span> <span class='ocrx_word' id='word_1_53' title='bbox 854 865 1067 931; x_wconf 90' lang='lat' dir='ltr'>eadem</span> <span class='ocrx_word' id='word_1_54' title='bbox 1097 867 1338 931; x_wconf 91' lang='lat' dir='ltr'>ratione</span> <span class='ocrx_word' id='word_1_55' title='bbox 1377 869 1667 931; x_wconf 88' lang='lat' dir='ltr'>tenentur</span> <span class='ocrx_word' id='word_1_56' title='bbox 1697 867 1903 932; x_wconf 88' lang='lat' dir='ltr'>clerici</span> <span class='ocrx_word' id='word_1_57' title='bbox 1934 887 2181 933; x_wconf 89' lang='lat' dir='ltr'>summo</span> <span class='ocrx_word' id='word_1_58' title='bbox 2227 867 2518 933; x_wconf 87' lang='lat' dir='ltr'>Pontifici</span> <span class='ocrx_word' id='word_1_59' title='bbox 2549 866 2852 933; x_wconf 81' lang='lat' dir='ltr'>decimam</span> 
     </span>
     <span class='ocr_line' id='line_1_7' title="bbox 386 967 2851 1054; baseline 0 -19"><span class='ocrx_word' id='word_1_60' title='bbox 386 971 551 1048; x_wconf 89' lang='lat' dir='ltr'>dare,</span> <span class='ocrx_word' id='word_1_61' title='bbox 601 971 654 1033; x_wconf 92' lang='lat' dir='ltr'>si</span> <span class='ocrx_word' id='word_1_62' title='bbox 702 969 931 1054; x_wconf 86' lang='lat' dir='ltr'>exigat.</span> <span class='ocrx_word' id='word_1_63' title='bbox 979 967 1304 1033; x_wconf 89' lang='lat' dir='ltr'>Naturalis</span> <span class='ocrx_word' id='word_1_64' title='bbox 1351 969 1514 1032; x_wconf 91' lang='lat' dir='ltr'>enim</span> <span class='ocrx_word' id='word_1_65' title='bbox 1561 969 1725 1035; x_wconf 88' lang='lat' dir='ltr'>ratio</span> <span class='ocrx_word' id='word_1_66' title='bbox 1774 970 1990 1048; x_wconf 87' lang='lat' dir='ltr'>dictat,</span> <span class='ocrx_word' id='word_1_67' title='bbox 2041 971 2206 1053; x_wconf 92' lang='lat' dir='ltr'>quod</span> <span class='ocrx_word' id='word_1_68' title='bbox 2267 970 2413 1046; x_wconf 86' lang='lat' dir='ltr'>illis,</span> <span class='ocrx_word' id='word_1_69' title='bbox 2464 970 2572 1051; x_wconf 91' lang='lat' dir='ltr'>qui</span> <span class='ocrx_word' id='word_1_70' title='bbox 2619 970 2851 1036; x_wconf 87' lang='lat' dir='ltr'>habent</span> 
     </span>
     <span class='ocr_line' id='line_1_8' title="bbox 388 1071 2849 1155; baseline -0 -16"><span class='ocrx_word' id='word_1_71' title='bbox 388 1093 600 1139; x_wconf 90' lang='lat' dir='ltr'>curam</span> <span class='ocrx_word' id='word_1_72' title='bbox 647 1072 1018 1148; x_wconf 87' lang='lat' dir='ltr'>animarum,</span> <span class='ocrx_word' id='word_1_73' title='bbox 1059 1071 1133 1135; x_wconf 90' lang='lat' dir='ltr'>de</span> <span class='ocrx_word' id='word_1_74' title='bbox 1170 1073 1516 1136; x_wconf 90' lang='lat' dir='ltr'>communis</span> <span class='ocrx_word' id='word_1_75' title='bbox 1564 1073 1988 1137; x_wconf 78' lang='lat' dir='ltr'>multitudinis</span> <span class='ocrx_word' id='word_1_76' title='bbox 2021 1075 2198 1138; x_wconf 89' lang='lat' dir='ltr'>statu</span> <span class='ocrx_word' id='word_1_77' title='bbox 2235 1072 2654 1155; x_wconf 80' lang='lat' dir='ltr'>provideatur,</span> <span class='ocrx_word' id='word_1_78' title='bbox 2690 1074 2849 1138; x_wconf 88' lang='lat' dir='ltr'>unde</span> 
     </span>
     <span class='ocr_line' id='line_1_9' title="bbox 388 1174 2854 1260; baseline 0 -19"><span class='ocrx_word' id='word_1_79' title='bbox 388 1177 629 1260; x_wconf 78' lang='lat' dir='ltr'>possint</span> <span class='ocrx_word' id='word_1_80' title='bbox 674 1174 921 1256; x_wconf 83' lang='lat' dir='ltr'>exsequi</span> <span class='ocrx_word' id='word_1_81' title='bbox 967 1193 1058 1251; x_wconf 89' lang='lat' dir='ltr'>ea,</span> <span class='ocrx_word' id='word_1_82' title='bbox 1098 1192 1257 1256; x_wconf 86' lang='lat' dir='ltr'>quae</span> <span class='ocrx_word' id='word_1_83' title='bbox 1305 1174 1615 1256; x_wconf 79' lang='lat' dir='ltr'>pertinent</span> <span class='ocrx_word' id='word_1_84' title='bbox 1661 1176 1738 1239; x_wconf 90' lang='lat' dir='ltr'>ad</span> <span class='ocrx_word' id='word_1_85' title='bbox 1786 1194 2176 1240; x_wconf 91' lang='lat' dir='ltr'>communem</span> <span class='ocrx_word' id='word_1_86' title='bbox 2224 1175 2494 1241; x_wconf 87' lang='lat' dir='ltr'>salutem</span> <span class='ocrx_word' id='word_1_87' title='bbox 2526 1200 2588 1237; x_wconf 85' lang='lat'>».</span> <span class='ocrx_word' id='word_1_88' title='bbox 2636 1175 2854 1241; x_wconf 87' lang='lat' dir='ltr'>Monet</span> 
     </span>
     <span class='ocr_line' id='line_1_10' title="bbox 389 1275 2853 1350; baseline -0 -8"><span class='ocrx_word' id='word_1_89' title='bbox 389 1280 597 1342; x_wconf 88' lang='lat' dir='ltr'>tamen</span> <span class='ocrx_word' id='word_1_90' title='bbox 643 1277 806 1341; x_wconf 91' lang='lat' dir='ltr'>idem</span> <span class='ocrx_word' id='word_1_91' title='bbox 842 1275 1113 1350; x_wconf 78' lang='lat' dir='ltr'>LessiuS‚</span> <span class='ocrx_word' id='word_1_92' title='bbox 1164 1294 1285 1339; x_wconf 92' lang='lat' dir='ltr'>non</span> <span class='ocrx_word' id='word_1_93' title='bbox 1335 1276 1531 1340; x_wconf 88' lang='lat' dir='ltr'>solere</span> <span class='ocrx_word' id='word_1_94' title='bbox 1578 1277 1761 1341; x_wconf 86' lang='lat' dir='ltr'>Rom.</span> <span class='ocrx_word' id='word_1_95' title='bbox 1804 1277 2170 1342; x_wconf 87' lang='lat' dir='ltr'>Pontificem</span> <span class='ocrx_word' id='word_1_96' title='bbox 2218 1279 2376 1342; x_wconf 90' lang='lat' dir='ltr'>hanc</span> <span class='ocrx_word' id='word_1_97' title='bbox 2421 1277 2727 1341; x_wconf 90' lang='lat' dir='ltr'>decimam</span> <span class='ocrx_word' id='word_1_98' title='bbox 2775 1278 2853 1341; x_wconf 93' lang='lat' dir='ltr'>ab</span> 
     </span>
     <span class='ocr_line' id='line_1_11' title="bbox 388 1377 2852 1463; baseline -0.001 -17"><span class='ocrx_word' id='word_1_99' title='bbox 388 1378 817 1446; x_wconf 76' lang='lat' dir='ltr'>ecclesiasticIS</span> <span class='ocrx_word' id='word_1_100' title='bbox 864 1378 1122 1462; x_wconf 83' lang='lat' dir='ltr'>exigere,</span> <span class='ocrx_word' id='word_1_101' title='bbox 1171 1377 1293 1441; x_wconf 89' lang='lat' dir='ltr'>nisi</span> <span class='ocrx_word' id='word_1_102' title='bbox 1340 1378 1672 1443; x_wconf 82' lang='lat' dir='ltr'>necessitas</span> <span class='ocrx_word' id='word_1_103' title='bbox 1718 1379 2029 1444; x_wconf 81' lang='lat' dir='ltr'>Ecclesiae</span> <span class='ocrx_word' id='word_1_104' title='bbox 2073 1380 2138 1443; x_wconf 91' lang='lat' dir='ltr'>id</span> <span class='ocrx_word' id='word_1_105' title='bbox 2184 1379 2489 1463; x_wconf 86' lang='lat' dir='ltr'>postulet:</span> <span class='ocrx_word' id='word_1_106' title='bbox 2540 1379 2666 1453; x_wconf 87' lang='lat' dir='ltr'>sed,</span> <span class='ocrx_word' id='word_1_107' title='bbox 2715 1380 2852 1444; x_wconf 91' lang='lat' dir='ltr'>loco</span> 
     </span>
     <span class='ocr_line' id='line_1_12' title="bbox 389 1479 2845 1565; baseline -0.001 -17"><span class='ocrx_word' id='word_1_108' title='bbox 389 1483 658 1548; x_wconf 75' lang='lat' dir='ltr'>decimae</span> <span class='ocrx_word' id='word_1_109' title='bbox 705 1480 1037 1563; x_wconf 87' lang='lat' dir='ltr'>quotannis</span> <span class='ocrx_word' id='word_1_110' title='bbox 1084 1479 1456 1563; x_wconf 85' lang='lat' dir='ltr'>pendendae,</span> <span class='ocrx_word' id='word_1_111' title='bbox 1505 1481 1700 1545; x_wconf 89' lang='lat' dir='ltr'>solere</span> <span class='ocrx_word' id='word_1_112' title='bbox 1745 1481 1808 1545; x_wconf 84' lang='lat' dir='ltr'>in</span> <span class='ocrx_word' id='word_1_113' title='bbox 1859 1481 2168 1546; x_wconf 88' lang='lat' dir='ltr'>beneficiis</span> <span class='ocrx_word' id='word_1_114' title='bbox 2213 1481 2556 1545; x_wconf 90' lang='lat' dir='ltr'>maioribus</span> <span class='ocrx_word' id='word_1_115' title='bbox 2604 1481 2845 1565; x_wconf 83' lang='lat' dir='ltr'>exigere</span> 
     </span>
     <span class='ocr_line' id='line_1_13' title="bbox 387 1583 2853 1665; baseline -0.001 -15"><span class='ocrx_word' id='word_1_116' title='bbox 387 1586 627 1650; x_wconf 86' lang='lat' dir='ltr'>fructus</span> <span class='ocrx_word' id='word_1_117' title='bbox 659 1584 843 1647; x_wconf 90' lang='lat' dir='ltr'>unius</span> <span class='ocrx_word' id='word_1_118' title='bbox 881 1583 1024 1645; x_wconf 88' lang='lat' dir='ltr'>anni</span> <span class='ocrx_word' id='word_1_119' title='bbox 1057 1601 1167 1665; x_wconf 90' lang='lat' dir='ltr'>pro</span> <span class='ocrx_word' id='word_1_120' title='bbox 1200 1584 1338 1646; x_wconf 89' lang='lat' dir='ltr'>toto</span> <span class='ocrx_word' id='word_1_121' title='bbox 1387 1584 1664 1665; x_wconf 89' lang='lat' dir='ltr'>tempore</span> <span class='ocrx_word' id='word_1_122' title='bbox 1695 1583 1883 1660; x_wconf 86' lang='lat' dir='ltr'>vitae,</span> <span class='ocrx_word' id='word_1_123' title='bbox 1918 1602 2078 1664; x_wconf 88' lang='lat' dir='ltr'>quae</span> <span class='ocrx_word' id='word_1_124' title='bbox 2107 1588 2383 1647; x_wconf 67' lang='lat' dir='ltr'>armatas</span> <span class='ocrx_word' id='word_1_125' title='bbox 2412 1584 2657 1648; x_wconf 87' lang='lat' dir='ltr'>vocant.</span> <span class='ocrx_word' id='word_1_126' title='bbox 2687 1583 2853 1647; x_wconf 89' lang='lat' dir='ltr'>Hinc</span> 
     </span>
     <span class='ocr_line' id='line_1_14' title="bbox 386 1683 2841 1768; baseline -0 -17"><span class='ocrx_word' id='word_1_127' title='bbox 386 1688 576 1751; x_wconf 89' lang='lat' dir='ltr'>habes</span> <span class='ocrx_word' id='word_1_128' title='bbox 606 1686 798 1749; x_wconf 88' lang='lat' dir='ltr'>etiam</span> <span class='ocrx_word' id='word_1_129' title='bbox 835 1684 1140 1748; x_wconf 89' lang='lat' dir='ltr'>rationem</span> <span class='ocrx_word' id='word_1_130' title='bbox 1175 1684 1342 1748; x_wconf 91' lang='lat' dir='ltr'>oboli</span> <span class='ocrx_word' id='word_1_131' title='bbox 1377 1703 1426 1747; x_wconf 81' lang='lat' dir='ltr'>e.</span> <span class='ocrx_word' id='word_1_132' title='bbox 1461 1683 1651 1748; x_wconf 90' lang='lat' dir='ltr'>Petri.</span> <span class='ocrx_word' id='word_1_133' title='bbox 1686 1684 1830 1748; x_wconf 90' lang='lat' dir='ltr'>Huc</span> <span class='ocrx_word' id='word_1_134' title='bbox 1875 1686 2116 1768; x_wconf 88' lang='lat' dir='ltr'>spectat</span> <span class='ocrx_word' id='word_1_135' title='bbox 2153 1685 2435 1768; x_wconf 89' lang='lat' dir='ltr'>specialis</span> <span class='ocrx_word' id='word_1_136' title='bbox 2472 1685 2841 1750; x_wconf 89' lang='lat' dir='ltr'>constitutio</span> 
     </span>
     <span class='ocr_line' id='line_1_15' title="bbox 388 1785 1788 1854; baseline -0.004 0"><span class='ocrx_word' id='word_1_137' title='bbox 388 1787 694 1854; x_wconf 84' lang='lat' dir='ltr'>Bonifacii</span> <span class='ocrx_word' id='word_1_138' title='bbox 724 1785 900 1849; x_wconf 89' lang='lat' dir='ltr'><strong>VIII.</strong></span> <span class='ocrx_word' id='word_1_139' title='bbox 934 1785 1097 1850; x_wconf 92' lang='lat' dir='ltr'>inter</span> <span class='ocrx_word' id='word_1_140' title='bbox 1127 1786 1379 1850; x_wconf 84' lang='lat' dir='ltr'>Extrav.</span> <span class='ocrx_word' id='word_1_141' title='bbox 1412 1786 1456 1849; x_wconf 92' lang='lat' dir='ltr'>l.</span> <span class='ocrx_word' id='word_1_142' title='bbox 1493 1787 1553 1849; x_wconf 85' lang='lat'>3.</span> <span class='ocrx_word' id='word_1_143' title='bbox 1588 1786 1690 1850; x_wconf 93' lang='lat' dir='ltr'>tit.</span> <span class='ocrx_word' id='word_1_144' title='bbox 1730 1787 1788 1850; x_wconf 89' lang='lat'>7.</span> 
     </span>
    </p>

    <p class='ocr_par' dir='ltr' id='par_1_3' title="bbox 388 1887 2854 2264">
     <span class='ocr_line' id='line_1_16' title="bbox 481 1887 2849 1974; baseline -0.003 -12"><span class='ocrx_word' id='word_1_145' title='bbox 481 1887 664 1961; x_wconf 77' lang='lat'>1162.</span> <span class='ocrx_word' id='word_1_146' title='bbox 703 1888 822 1952; x_wconf 89' lang='lat' dir='ltr'>His</span> <span class='ocrx_word' id='word_1_147' title='bbox 869 1888 1137 1952; x_wconf 87' lang='lat' dir='ltr'>breviter</span> <span class='ocrx_word' id='word_1_148' title='bbox 1174 1889 1590 1970; x_wconf 83' lang='lat' dir='ltr'>pertractatis,</span> <span class='ocrx_word' id='word_1_149' title='bbox 1625 1890 1699 1952; x_wconf 91' lang='lat' dir='ltr'>ut</span> <span class='ocrx_word' id='word_1_150' title='bbox 1745 1889 1931 1953; x_wconf 91' lang='lat' dir='ltr'>huius</span> <span class='ocrx_word' id='word_1_151' title='bbox 1962 1889 2119 1973; x_wconf 87' lang='lat' dir='ltr'>legis</span> <span class='ocrx_word' id='word_1_152' title='bbox 2149 1890 2386 1954; x_wconf 91' lang='lat' dir='ltr'>indoles</span> <span class='ocrx_word' id='word_1_153' title='bbox 2435 1889 2849 1974; x_wconf 86' lang='lat' dir='ltr'>intelligatur,</span> 
     </span>
     <span class='ocr_line' id='line_1_17' title="bbox 388 1990 2847 2076; baseline -0.002 -16"><span class='ocrx_word' id='word_1_154' title='bbox 388 1993 679 2061; x_wconf 86' lang='lat' dir='ltr'>solvenda</span> <span class='ocrx_word' id='word_1_155' title='bbox 733 1993 830 2055; x_wconf 89' lang='lat' dir='ltr'>est</span> <span class='ocrx_word' id='word_1_156' title='bbox 884 1990 1092 2074; x_wconf 92' lang='lat' dir='ltr'>potior</span> <span class='ocrx_word' id='word_1_157' title='bbox 1151 1991 1435 2072; x_wconf 90' lang='lat' dir='ltr'>quaestio</span> <span class='ocrx_word' id='word_1_158' title='bbox 1494 1991 1752 2074; x_wconf 82' lang='lat' dir='ltr'>triplex:</span> <span class='ocrx_word' id='word_1_159' title='bbox 1802 2010 1925 2072; x_wconf 92' lang='lat' dir='ltr'>quo</span> <span class='ocrx_word' id='word_1_160' title='bbox 1979 1991 2113 2055; x_wconf 89' lang='lat' dir='ltr'>iure</span> <span class='ocrx_word' id='word_1_161' title='bbox 2169 1992 2440 2057; x_wconf 90' lang='lat' dir='ltr'>decimae</span> <span class='ocrx_word' id='word_1_162' title='bbox 2498 1992 2847 2076; x_wconf 83' lang='lat' dir='ltr'>exigantur,</span> 
     </span>
     <span class='ocr_line' id='line_1_18' title="bbox 388 2092 2854 2181; baseline -0.002 -19"><span class='ocrx_word' id='word_1_163' title='bbox 388 2098 570 2181; x_wconf 87' lang='lat' dir='ltr'>quale</span> <span class='ocrx_word' id='word_1_164' title='bbox 616 2096 701 2160; x_wconf 89' lang='lat' dir='ltr'>sit</span> <span class='ocrx_word' id='word_1_165' title='bbox 744 2096 844 2159; x_wconf 89' lang='lat' dir='ltr'>ius</span> <span class='ocrx_word' id='word_1_166' title='bbox 901 2092 1279 2157; x_wconf 88' lang='lat' dir='ltr'>decimarum</span> <span class='ocrx_word' id='word_1_167' title='bbox 1326 2095 1389 2157; x_wconf 92' lang='lat' dir='ltr'>et</span> <span class='ocrx_word' id='word_1_168' title='bbox 1436 2112 1742 2175; x_wconf 88' lang='lat' dir='ltr'>quaenam</span> <span class='ocrx_word' id='word_1_169' title='bbox 1810 2112 2041 2176; x_wconf 90' lang='lat' dir='ltr'>poenae</span> <span class='ocrx_word' id='word_1_170' title='bbox 2097 2093 2225 2158; x_wconf 90' lang='lat' dir='ltr'>sint</span> <span class='ocrx_word' id='word_1_171' title='bbox 2287 2095 2854 2178; x_wconf 84' lang='lat' dir='ltr'>transgressoribus</span> 
     </span>
     <span class='ocr_line' id='line_1_19' title="bbox 388 2199 675 2264; baseline -0.014 0"><span class='ocrx_word' id='word_1_172' title='bbox 388 2199 675 2264; x_wconf 90' lang='lat' dir='ltr'>indictae.</span> 
     </span>
    </p>

    <p class='ocr_par' dir='ltr' id='par_1_4' title="bbox 387 2297 2854 3711">
     <span class='ocr_line' id='line_1_20' title="bbox 478 2297 2850 2383; baseline -0.003 -17"><span class='ocrx_word' id='word_1_173' title='bbox 478 2301 573 2366; x_wconf 91' lang='lat' dir='ltr'>Ad</span> <span class='ocrx_word' id='word_1_174' title='bbox 606 2300 869 2383; x_wconf 87' lang='lat' dir='ltr'>primam</span> <span class='ocrx_word' id='word_1_175' title='bbox 904 2297 1329 2380; x_wconf 88' lang='lat' dir='ltr'>quaestionem</span> <span class='ocrx_word' id='word_1_176' title='bbox 1370 2298 1809 2380; x_wconf 89' lang='lat' dir='ltr'>respondemus</span> <span class='ocrx_word' id='word_1_177' title='bbox 1842 2319 1982 2363; x_wconf 91' lang='lat' dir='ltr'>cum</span> <span class='ocrx_word' id='word_1_178' title='bbox 2014 2318 2064 2363; x_wconf 92' lang='lat' dir='ltr'>s.</span> <span class='ocrx_word' id='word_1_179' title='bbox 2099 2298 2339 2362; x_wconf 90' lang='lat' dir='ltr'>Thoma</span> <span class='ocrx_word' id='word_1_180' title='bbox 2371 2318 2430 2380; x_wconf 91' lang='lat' dir='ltr'>q.</span> <span class='ocrx_word' id='word_1_181' title='bbox 2466 2298 2572 2362; x_wconf 87' lang='lat' dir='ltr'>cit.</span> <span class='ocrx_word' id='word_1_182' title='bbox 2609 2299 2727 2361; x_wconf 88' lang='lat' dir='ltr'>art.</span> <span class='ocrx_word' id='word_1_183' title='bbox 2772 2299 2850 2375; x_wconf 93' lang='grc'>1.,</span> 
     </span>
     <span class='ocr_line' id='line_1_21' title="bbox 389 2399 2852 2487; baseline -0.002 -19"><span class='ocrx_word' id='word_1_184' title='bbox 389 2401 845 2487; x_wconf 91' lang='lat' dir='ltr'>distinguendo.</span> <span class='ocrx_word' id='word_1_185' title='bbox 878 2400 1041 2464; x_wconf 90' lang='lat' dir='ltr'>Nam</span> <span class='ocrx_word' id='word_1_186' title='bbox 1088 2399 1360 2464; x_wconf 87' lang='lat' dir='ltr'>decimae</span> <span class='ocrx_word' id='word_1_187' title='bbox 1407 2399 1737 2465; x_wconf 89' lang='lat' dir='ltr'>solvuntur</span> <span class='ocrx_word' id='word_1_188' title='bbox 1775 2421 1886 2483; x_wconf 89' lang='lat' dir='ltr'>pro</span> <span class='ocrx_word' id='word_1_189' title='bbox 1918 2402 2374 2466; x_wconf 87' lang='lat' dir='ltr'>sustentatione</span> <span class='ocrx_word' id='word_1_190' title='bbox 2419 2400 2852 2465; x_wconf 88' lang='lat' dir='ltr'>ministrorum</span> 
     </span>
     <span class='ocr_line' id='line_1_22' title="bbox 390 2501 2854 2588; baseline -0.002 -16"><span class='ocrx_word' id='word_1_191' title='bbox 390 2506 523 2582; x_wconf 86' lang='lat' dir='ltr'>Dei,</span> <span class='ocrx_word' id='word_1_192' title='bbox 557 2505 666 2588; x_wconf 91' lang='lat' dir='ltr'>qui</span> <span class='ocrx_word' id='word_1_193' title='bbox 708 2503 887 2568; x_wconf 91' lang='lat' dir='ltr'>nobis</span> <span class='ocrx_word' id='word_1_194' title='bbox 933 2502 1288 2587; x_wconf 87' lang='lat' dir='ltr'>spiritualia</span> <span class='ocrx_word' id='word_1_195' title='bbox 1334 2501 1802 2567; x_wconf 88' lang='lat' dir='ltr'>administrant:</span> <span class='ocrx_word' id='word_1_196' title='bbox 1852 2503 2077 2569; x_wconf 85' lang='lat' dir='ltr'>idcirco</span> <span class='ocrx_word' id='word_1_197' title='bbox 2110 2504 2233 2568; x_wconf 92' lang='lat' dir='ltr'>duo</span> <span class='ocrx_word' id='word_1_198' title='bbox 2265 2504 2330 2568; x_wconf 89' lang='lat' dir='ltr'>in</span> <span class='ocrx_word' id='word_1_199' title='bbox 2366 2503 2482 2567; x_wconf 88' lang='lat' dir='ltr'>hac</span> <span class='ocrx_word' id='word_1_200' title='bbox 2529 2522 2594 2567; x_wconf 90' lang='lat' dir='ltr'>re</span> <span class='ocrx_word' id='word_1_201' title='bbox 2642 2522 2854 2567; x_wconf 88' lang='lat' dir='ltr'>occur-</span> 
     </span>
     <span class='ocr_line' id='line_1_23' title="bbox 387 2606 2854 2689; baseline -0.002 -15"><span class='ocrx_word' id='word_1_202' title='bbox 387 2612 555 2684; x_wconf 85' lang='lat' dir='ltr'>runt,</span> <span class='ocrx_word' id='word_1_203' title='bbox 606 2607 769 2689; x_wconf 91' lang='lat' dir='ltr'>quod</span> <span class='ocrx_word' id='word_1_204' title='bbox 817 2625 1032 2688; x_wconf 90' lang='lat' dir='ltr'>nempe</span> <span class='ocrx_word' id='word_1_205' title='bbox 1078 2606 1260 2669; x_wconf 91' lang='lat' dir='ltr'>detur</span> <span class='ocrx_word' id='word_1_206' title='bbox 1307 2624 1343 2670; x_wconf 88' lang='lat' dir='ltr'>a</span> <span class='ocrx_word' id='word_1_207' title='bbox 1390 2606 1673 2670; x_wconf 88' lang='lat' dir='ltr'>fidelibus</span> <span class='ocrx_word' id='word_1_208' title='bbox 1719 2606 1784 2669; x_wconf 92' lang='lat' dir='ltr'>id</span> <span class='ocrx_word' id='word_1_209' title='bbox 1821 2607 1985 2688; x_wconf 91' lang='lat' dir='ltr'>quod</span> <span class='ocrx_word' id='word_1_210' title='bbox 2033 2607 2444 2671; x_wconf 89' lang='lat' dir='ltr'>necessarium</span> <span class='ocrx_word' id='word_1_211' title='bbox 2492 2607 2585 2670; x_wconf 88' lang='lat' dir='ltr'>est</span> <span class='ocrx_word' id='word_1_212' title='bbox 2632 2606 2709 2670; x_wconf 91' lang='lat' dir='ltr'>ad</span> <span class='ocrx_word' id='word_1_213' title='bbox 2746 2606 2854 2670; x_wconf 92' lang='lat' dir='ltr'>ho·</span> 
     </span>
     <span class='ocr_line' id='line_1_24' title="bbox 389 2707 2850 2792; baseline -0.001 -16"><span class='ocrx_word' id='word_1_214' title='bbox 389 2714 630 2776; x_wconf 89' lang='lat' dir='ltr'>nestam</span> <span class='ocrx_word' id='word_1_215' title='bbox 690 2707 1120 2772; x_wconf 85' lang='lat' dir='ltr'>ministrorum</span> <span class='ocrx_word' id='word_1_216' title='bbox 1168 2708 1283 2771; x_wconf 90' lang='lat' dir='ltr'>Dei</span> <span class='ocrx_word' id='word_1_217' title='bbox 1329 2709 1848 2773; x_wconf 87' lang='lat' dir='ltr'>sustentationem</span> <span class='ocrx_word' id='word_1_218' title='bbox 1895 2712 1959 2773; x_wconf 90' lang='lat' dir='ltr'>et</span> <span class='ocrx_word' id='word_1_219' title='bbox 2004 2710 2168 2791; x_wconf 90' lang='lat' dir='ltr'>quod</span> <span class='ocrx_word' id='word_1_220' title='bbox 2214 2710 2278 2773; x_wconf 91' lang='lat' dir='ltr'>id</span> <span class='ocrx_word' id='word_1_221' title='bbox 2325 2709 2588 2792; x_wconf 89' lang='lat' dir='ltr'>speciale</span> <span class='ocrx_word' id='word_1_222' title='bbox 2647 2708 2850 2786; x_wconf 83' lang='lat' dir='ltr'>detur,</span> 
     </span>
     <span class='ocr_line' id='line_1_25' title="bbox 389 2808 2853 2896; baseline -0.001 -18"><span class='ocrx_word' id='word_1_223' title='bbox 389 2832 606 2896; x_wconf 90' lang='lat' dir='ltr'>nempe</span> <span class='ocrx_word' id='word_1_224' title='bbox 631 2811 868 2875; x_wconf 90' lang='lat' dir='ltr'>decima</span> <span class='ocrx_word' id='word_1_225' title='bbox 891 2828 1034 2892; x_wconf 87' lang='lat' dir='ltr'>pars</span> <span class='ocrx_word' id='word_1_226' title='bbox 1058 2808 1395 2873; x_wconf 89' lang='lat' dir='ltr'>fructuum.</span> <span class='ocrx_word' id='word_1_227' title='bbox 1436 2810 1573 2873; x_wconf 87' lang='lat' dir='ltr'>lam</span> <span class='ocrx_word' id='word_1_228' title='bbox 1611 2810 1818 2892; x_wconf 91' lang='lat' dir='ltr'>quoad</span> <span class='ocrx_word' id='word_1_229' title='bbox 1849 2811 2140 2893; x_wconf 85' lang='lat' dir='ltr'>primum,</span> <span class='ocrx_word' id='word_1_230' title='bbox 2175 2811 2576 2876; x_wconf 88' lang='lat' dir='ltr'>manifestum</span> <span class='ocrx_word' id='word_1_231' title='bbox 2609 2812 2703 2875; x_wconf 86' lang='lat' dir='ltr'>est</span> <span class='ocrx_word' id='word_1_232' title='bbox 2733 2811 2853 2876; x_wconf 93' lang='lat' dir='ltr'>hoc</span> 
     </span>
     <span class='ocr_line' id='line_1_26' title="bbox 389 2912 2854 2996; baseline -0.002 -15"><span class='ocrx_word' id='word_1_233' title='bbox 389 2935 519 2980; x_wconf 87' lang='lat' dir='ltr'>esse</span> <span class='ocrx_word' id='word_1_234' title='bbox 556 2935 628 2981; x_wconf 89' lang='lat' dir='ltr'>ex</span> <span class='ocrx_word' id='word_1_235' title='bbox 659 2915 793 2979; x_wconf 91' lang='lat' dir='ltr'>iure</span> <span class='ocrx_word' id='word_1_236' title='bbox 840 2912 1116 2976; x_wconf 88' lang='lat' dir='ltr'>naturali</span> <span class='ocrx_word' id='word_1_237' title='bbox 1162 2913 1239 2975; x_wconf 89' lang='lat' dir='ltr'>ab</span> <span class='ocrx_word' id='word_1_238' title='bbox 1285 2912 1420 2994; x_wconf 89' lang='lat' dir='ltr'>ipso</span> <span class='ocrx_word' id='word_1_239' title='bbox 1470 2913 1599 2976; x_wconf 91' lang='lat' dir='ltr'>Deo</span> <span class='ocrx_word' id='word_1_240' title='bbox 1648 2912 2014 2977; x_wconf 85' lang='lat' dir='ltr'>confirmato</span> <span class='ocrx_word' id='word_1_241' title='bbox 2063 2914 2210 2977; x_wconf 92' lang='lat' dir='ltr'>Luc.</span> <span class='ocrx_word' id='word_1_242' title='bbox 2245 2915 2323 2978; x_wconf 85' lang='lat' dir='ltr'>X.</span> <span class='ocrx_word' id='word_1_243' title='bbox 2363 2916 2421 2978; x_wconf 88' lang='grc'>7.</span> <span class='ocrx_word' id='word_1_244' title='bbox 2455 2913 2716 2996; x_wconf 73' lang='lat' dir='ltr'>Diymcs</span> <span class='ocrx_word' id='word_1_245' title='bbox 2761 2918 2854 2977; x_wconf 80' lang='lat' dir='ltr'>est</span> 
     </span>
     <span class='ocr_line' id='line_1_27' title="bbox 390 3012 2854 3097; baseline -0.001 -16"><span class='ocrx_word' id='word_1_246' title='bbox 390 3019 712 3097; x_wconf 79' lang='lat' dir='ltr'>operarius</span> <span class='ocrx_word' id='word_1_247' title='bbox 740 3015 1014 3079; x_wconf 81' lang='lat' dir='ltr'>mercede</span> <span class='ocrx_word' id='word_1_248' title='bbox 1043 3034 1163 3078; x_wconf 79' lang='lat' dir='ltr'>sua</span> <span class='ocrx_word' id='word_1_249' title='bbox 1191 3014 1256 3078; x_wconf 91' lang='lat' dir='ltr'>et</span> <span class='ocrx_word' id='word_1_250' title='bbox 1290 3016 1346 3078; x_wconf 93' lang='lat' dir='ltr'>l.</span> <span class='ocrx_word' id='word_1_251' title='bbox 1381 3012 1521 3079; x_wconf 88' lang='lat' dir='ltr'>Cor.</span> <span class='ocrx_word' id='word_1_252' title='bbox 1556 3014 1668 3079; x_wconf 92' lang='lat' dir='ltr'>IX.</span> <span class='ocrx_word' id='word_1_253' title='bbox 1700 3016 1803 3079; x_wconf 90' lang='lat'>11.</span> <span class='ocrx_word' id='word_1_254' title='bbox 1835 3014 1909 3078; x_wconf 84' lang='lat' dir='ltr'>Si</span> <span class='ocrx_word' id='word_1_255' title='bbox 1937 3035 2051 3080; x_wconf 78' lang='lat' dir='ltr'>nos</span> <span class='ocrx_word' id='word_1_256' title='bbox 2081 3016 2251 3080; x_wconf 78' lang='lat' dir='ltr'>vobis</span> <span class='ocrx_word' id='word_1_257' title='bbox 2280 3016 2648 3096; x_wconf 71' lang='lat' dir='ltr'>spiritualia</span> <span class='ocrx_word' id='word_1_258' title='bbox 2677 3016 2854 3080; x_wconf 82' lang='lat' dir='ltr'>semi-</span> 
     </span>
     <span class='ocr_line' id='line_1_28' title="bbox 388 3118 2849 3202; baseline -0.001 -18"><span class='ocrx_word' id='word_1_259' title='bbox 388 3141 630 3195; x_wconf 71' lang='lat' dir='ltr'>namuS,</span> <span class='ocrx_word' id='word_1_260' title='bbox 653 3139 951 3202; x_wconf 71' lang='lat' dir='ltr'>maqrmm</span> <span class='ocrx_word' id='word_1_261' title='bbox 978 3123 1087 3194; x_wconf 78' lang='lat' dir='ltr'>est,</span> <span class='ocrx_word' id='word_1_262' title='bbox 1120 3118 1181 3181; x_wconf 78' lang='lat' dir='ltr'>si</span> <span class='ocrx_word' id='word_1_263' title='bbox 1208 3137 1323 3181; x_wconf 82' lang='lat' dir='ltr'>nos</span> <span class='ocrx_word' id='word_1_264' title='bbox 1352 3118 1643 3182; x_wconf 76' lang='lat' dir='ltr'>carnalia</span> <span class='ocrx_word' id='word_1_265' title='bbox 1671 3121 1881 3182; x_wconf 76' lang='lat' dir='ltr'>vestra</span> <span class='ocrx_word' id='word_1_266' title='bbox 1915 3119 2263 3183; x_wconf 73' lang='lat' dir='ltr'>metamus?</span> <span class='ocrx_word' id='word_1_267' title='bbox 2287 3121 2352 3183; x_wconf 93' lang='lat' dir='ltr'>et</span> <span class='ocrx_word' id='word_1_268' title='bbox 2373 3120 2425 3182; x_wconf 95' lang='lat' dir='ltr'>I.</span> <span class='ocrx_word' id='word_1_269' title='bbox 2451 3119 2611 3183; x_wconf 84' lang='lat' dir='ltr'>Tim.</span> <span class='ocrx_word' id='word_1_270' title='bbox 2639 3119 2715 3182; x_wconf 80' lang='lat' dir='ltr'>V.</span> <span class='ocrx_word' id='word_1_271' title='bbox 2747 3120 2849 3182; x_wconf 88' lang='lat'>17.</span> 
     </span>
     <span class='ocr_line' id='line_1_29' title="bbox 397 3219 2847 3304; baseline 0 -19"><span class='ocrx_word' id='word_1_272' title='bbox 397 3223 521 3304; x_wconf 75' lang='lat' dir='ltr'>Qui</span> <span class='ocrx_word' id='word_1_273' title='bbox 551 3223 699 3287; x_wconf 78' lang='lat' dir='ltr'>bene</span> <span class='ocrx_word' id='word_1_274' title='bbox 722 3226 1036 3302; x_wconf 76' lang='lat' dir='ltr'>praesunt</span> <span class='ocrx_word' id='word_1_275' title='bbox 1057 3219 1426 3302; x_wconf 69' lang='lat' dir='ltr'>presbyter-i,</span> <span class='ocrx_word' id='word_1_276' title='bbox 1453 3221 1693 3300; x_wconf 69' lang='lat' dir='ltr'>duplici</span> <span class='ocrx_word' id='word_1_277' title='bbox 1721 3220 1951 3286; x_wconf 78' lang='lat' dir='ltr'>honore</span> <span class='ocrx_word' id='word_1_278' title='bbox 1982 3221 2165 3302; x_wconf 77' lang='lat' dir='ltr'>diyni</span> <span class='ocrx_word' id='word_1_279' title='bbox 2192 3225 2344 3284; x_wconf 80' lang='lat' dir='ltr'>szmt</span> <span class='ocrx_word' id='word_1_280' title='bbox 2371 3220 2646 3302; x_wconf 88' lang='lat' dir='ltr'>(alludit,</span> <span class='ocrx_word' id='word_1_281' title='bbox 2675 3222 2847 3303; x_wconf 80' lang='lat' dir='ltr'>pute,</span> 
     </span>
     <span class='ocr_line' id='line_1_30' title="bbox 391 3323 2852 3407; baseline -0.001 -18"><span class='ocrx_word' id='word_1_282' title='bbox 391 3327 467 3389; x_wconf 86' lang='lat' dir='ltr'>ad</span> <span class='ocrx_word' id='word_1_283' title='bbox 497 3328 597 3390; x_wconf 85' lang='lat' dir='ltr'>ius</span> <span class='ocrx_word' id='word_1_284' title='bbox 628 3324 1183 3407; x_wconf 87' lang='lat' dir='ltr'>primogenitorum</span> <span class='ocrx_word' id='word_1_285' title='bbox 1208 3323 1271 3386; x_wconf 83' lang='lat' dir='ltr'>in.</span> <span class='ocrx_word' id='word_1_286' title='bbox 1294 3323 1431 3406; x_wconf 90' lang='lat' dir='ltr'>lege</span> <span class='ocrx_word' id='word_1_287' title='bbox 1455 3325 1669 3398; x_wconf 84' lang='lat' dir='ltr'>veteri,</span> <span class='ocrx_word' id='word_1_288' title='bbox 1705 3325 1812 3405; x_wconf 89' lang='lat' dir='ltr'>qui</span> <span class='ocrx_word' id='word_1_289' title='bbox 1837 3324 2144 3406; x_wconf 83' lang='lat' dir='ltr'>duplicem</span> <span class='ocrx_word' id='word_1_290' title='bbox 2183 3324 2530 3405; x_wconf 89' lang='lat' dir='ltr'>portionem</span> <span class='ocrx_word' id='word_1_291' title='bbox 2561 3342 2707 3405; x_wconf 88' lang='lat' dir='ltr'>prae</span> <span class='ocrx_word' id='word_1_292' title='bbox 2732 3323 2852 3386; x_wconf 88' lang='lat' dir='ltr'>fra-</span> 
     </span>
     <span class='ocr_line' id='line_1_31' title="bbox 394 3423 2853 3504; baseline 0.001 -17"><span class='ocrx_word' id='word_1_293' title='bbox 394 3425 594 3489; x_wconf 91' lang='lat' dir='ltr'>tribus</span> <span class='ocrx_word' id='word_1_294' title='bbox 613 3423 1021 3504; x_wconf 84' lang='lat' dir='ltr'>obtinebant),</span> <span class='ocrx_word' id='word_1_295' title='bbox 1044 3424 1312 3486; x_wconf 72' lang='lat' dir='ltr'>maccimc</span> <span class='ocrx_word' id='word_1_296' title='bbox 1336 3426 1446 3504; x_wconf 77' lang='lat' dir='ltr'>qui</span> <span class='ocrx_word' id='word_1_297' title='bbox 1469 3424 1766 3488; x_wconf 80' lang='lat' dir='ltr'>laborant</span> <span class='ocrx_word' id='word_1_298' title='bbox 1786 3426 1856 3487; x_wconf 81' lang='lat' dir='ltr'>in</span> <span class='ocrx_word' id='word_1_299' title='bbox 1879 3425 2061 3487; x_wconf 82' lang='lat' dir='ltr'>verbo</span> <span class='ocrx_word' id='word_1_300' title='bbox 2085 3429 2146 3487; x_wconf 81' lang='lat' dir='ltr'>et</span> <span class='ocrx_word' id='word_1_301' title='bbox 2167 3424 2452 3489; x_wconf 81' lang='lat' dir='ltr'>doctrina</span> <span class='ocrx_word' id='word_1_302' title='bbox 2463 3446 2484 3502; x_wconf 90' lang='lat'>‚·</span> <span class='ocrx_word' id='word_1_303' title='bbox 2510 3425 2664 3489; x_wconf 71' lang='lat' dir='ltr'>dicit</span> <span class='ocrx_word' id='word_1_304' title='bbox 2686 3428 2853 3490; x_wconf 79' lang='lat' dir='ltr'>enim</span> 
     </span>
     <span class='ocr_line' id='line_1_32' title="bbox 395 3522 2848 3610; baseline 0.002 -21"><span class='ocrx_word' id='word_1_305' title='bbox 395 3522 725 3604; x_wconf 78' lang='lat' dir='ltr'>Scriptura</span> <span class='ocrx_word' id='word_1_306' title='bbox 735 3544 759 3587; x_wconf 89' lang='lat'>.·</span> <span class='ocrx_word' id='word_1_307' title='bbox 791 3543 916 3587; x_wconf 79' lang='lat' dir='ltr'>non</span> <span class='ocrx_word' id='word_1_308' title='bbox 951 3522 1348 3602; x_wconf 73' lang='lat' dir='ltr'>infraenabis</span> <span class='ocrx_word' id='word_1_309' title='bbox 1392 3545 1460 3588; x_wconf 85' lang='lat' dir='ltr'>os</span> <span class='ocrx_word' id='word_1_310' title='bbox 1492 3525 1630 3588; x_wconf 83' lang='lat' dir='ltr'>bovi</span> <span class='ocrx_word' id='word_1_311' title='bbox 1677 3527 2048 3589; x_wconf 77' lang='lat' dir='ltr'>trituranti:</span> <span class='ocrx_word' id='word_1_312' title='bbox 2081 3546 2152 3590; x_wconf 87' lang='lat' dir='ltr'>ex</span> <span class='ocrx_word' id='word_1_313' title='bbox 2190 3546 2314 3607; x_wconf 90' lang='lat' dir='ltr'>qua</span> <span class='ocrx_word' id='word_1_314' title='bbox 2345 3528 2641 3592; x_wconf 87' lang='lat' dir='ltr'>citatione</span> <span class='ocrx_word' id='word_1_315' title='bbox 2674 3531 2848 3610; x_wconf 90' lang='lat' dir='ltr'>patet</span> 
     </span>
     <span class='ocr_line' id='line_1_33' title="bbox 392 3626 2846 3711; baseline 0.002 -22"><span class='ocrx_word' id='word_1_316' title='bbox 392 3626 565 3708; x_wconf 90' lang='lat' dir='ltr'>loqui</span> <span class='ocrx_word' id='word_1_317' title='bbox 596 3627 968 3709; x_wconf 87' lang='lat' dir='ltr'>Apostolum</span> <span class='ocrx_word' id='word_1_318' title='bbox 1014 3626 1087 3690; x_wconf 91' lang='lat' dir='ltr'>de</span> <span class='ocrx_word' id='word_1_319' title='bbox 1134 3628 1589 3692; x_wconf 87' lang='lat' dir='ltr'>sustentatione</span> <span class='ocrx_word' id='word_1_320' title='bbox 1621 3628 2144 3711; x_wconf 82' lang='lat' dir='ltr'>presbyterorum.</span> <span class='ocrx_word' id='word_1_321' title='bbox 2180 3626 2274 3692; x_wconf 85' lang='lat' dir='ltr'>Cf.</span> <span class='ocrx_word' id='word_1_322' title='bbox 2304 3630 2361 3692; x_wconf 93' lang='lat'>1.</span> <span class='ocrx_word' id='word_1_323' title='bbox 2389 3627 2527 3692; x_wconf 90' lang='lat' dir='ltr'>Cor.</span> <span class='ocrx_word' id='word_1_324' title='bbox 2555 3629 2665 3693; x_wconf 91' lang='lat' dir='ltr'>IX.</span> <span class='ocrx_word' id='word_1_325' title='bbox 2698 3631 2846 3695; x_wconf 86' lang='lat'>7.·9.</span> 
     </span>
    </p>
   </div>
   <div class='ocr_carea' id='block_1_3' title="bbox 400 3727 2970 3811">
    <p class='ocr_par' dir='ltr' id='par_1_5' title="bbox 400 3727 2970 3811">
     <span class='ocr_line' id='line_1_34' title="bbox 400 3727 2970 3811; baseline 0.004 -23"><span class='ocrx_word' id='word_1_326' title='bbox 400 3753 436 3788; x_wconf 62' lang='grc' dir='ltr'><strong>α</strong></span> <span class='ocrx_word' id='word_1_327' title='bbox 467 3729 667 3793; x_wconf 87' lang='lat' dir='ltr'>Radix</span> <span class='ocrx_word' id='word_1_328' title='bbox 697 3729 1027 3794; x_wconf 90' lang='lat' dir='ltr'>solutionis</span> <span class='ocrx_word' id='word_1_329' title='bbox 1059 3727 1456 3806; x_wconf 83' lang='lat' dir='ltr'>decimarum,</span> <span class='ocrx_word' id='word_1_330' title='bbox 1484 3730 1576 3794; x_wconf 89' lang='lat' dir='ltr'>ait</span> <span class='ocrx_word' id='word_1_331' title='bbox 1612 3749 1661 3794; x_wconf 86' lang='lat' dir='ltr'>s.</span> <span class='ocrx_word' id='word_1_332' title='bbox 1694 3731 1970 3794; x_wconf 87' lang='lat' dir='ltr'>Thomas</span> <span class='ocrx_word' id='word_1_333' title='bbox 1994 3750 2053 3811; x_wconf 91' lang='lat' dir='ltr'>q.</span> <span class='ocrx_word' id='word_1_334' title='bbox 2088 3731 2193 3795; x_wconf 90' lang='lat' dir='ltr'>cit.</span> <span class='ocrx_word' id='word_1_335' title='bbox 2221 3749 2277 3793; x_wconf 91' lang='lat' dir='ltr'>a.</span> <span class='ocrx_word' id='word_1_336' title='bbox 2306 3731 2390 3806; x_wconf 85' lang='grc'>2.,</span> <span class='ocrx_word' id='word_1_337' title='bbox 2424 3732 2519 3794; x_wconf 90' lang='lat' dir='ltr'>est</span> <span class='ocrx_word' id='word_1_338' title='bbox 2549 3730 2847 3808; x_wconf 89' lang='lat' dir='ltr'>debitum,</span> <span class='ocrx_word' id='word_1_339' title='bbox 2965 3731 2970 3734; x_wconf 77' lang='grc'>’</span> 
     </span>
    </p>
   </div>
   <div class='ocr_carea' id='block_1_4' title="bbox 390 3830 2852 4633">
    <p class='ocr_par' dir='ltr' id='par_1_6' title="bbox 390 3830 2852 4100">
     <span class='ocr_line' id='line_1_35' title="bbox 390 3830 2850 3914; baseline 0.002 -20"><span class='ocrx_word' id='word_1_340' title='bbox 390 3850 513 3913; x_wconf 90' lang='lat' dir='ltr'>quo</span> <span class='ocrx_word' id='word_1_341' title='bbox 561 3830 1010 3895; x_wconf 89' lang='lat' dir='ltr'>seminantibus</span> <span class='ocrx_word' id='word_1_342' title='bbox 1056 3831 1411 3914; x_wconf 87' lang='lat' dir='ltr'>spiritualia</span> <span class='ocrx_word' id='word_1_343' title='bbox 1456 3832 1757 3896; x_wconf 89' lang='lat' dir='ltr'>debentur</span> <span class='ocrx_word' id='word_1_344' title='bbox 1802 3832 2078 3896; x_wconf 87' lang='lat' dir='ltr'>carnalia</span> <span class='ocrx_word' id='word_1_345' title='bbox 2109 3856 2170 3896; x_wconf 81' lang='lat'>».</span> <span class='ocrx_word' id='word_1_346' title='bbox 2199 3832 2393 3896; x_wconf 90' lang='lat' dir='ltr'>Porro</span> <span class='ocrx_word' id='word_1_347' title='bbox 2447 3857 2482 3889; x_wconf 64' lang='grc' dir='ltr'><em>α</em></span> <span class='ocrx_word' id='word_1_348' title='bbox 2521 3851 2704 3914; x_wconf 88' lang='lat' dir='ltr'>super</span> <span class='ocrx_word' id='word_1_349' title='bbox 2734 3833 2850 3898; x_wconf 87' lang='lat' dir='ltr'>hoc</span> 
     </span>
     <span class='ocr_line' id='line_1_36' title="bbox 391 3931 2852 3999; baseline 0.001 -2"><span class='ocrx_word' id='word_1_350' title='bbox 391 3934 670 3998; x_wconf 90' lang='lat' dir='ltr'>debitum</span> <span class='ocrx_word' id='word_1_351' title='bbox 701 3931 990 3996; x_wconf 83' lang='lat' dir='ltr'>fundavit</span> <span class='ocrx_word' id='word_1_352' title='bbox 1018 3933 1291 3997; x_wconf 86' lang='lat' dir='ltr'>Ecclesia</span> <span class='ocrx_word' id='word_1_353' title='bbox 1316 3933 1897 3998; x_wconf 89' lang='lat' dir='ltr'>determinationem</span> <span class='ocrx_word' id='word_1_354' title='bbox 1928 3934 2260 3999; x_wconf 75' lang='lat' dir='ltr'>solutIOnis</span> <span class='ocrx_word' id='word_1_355' title='bbox 2290 3933 2667 3998; x_wconf 88' lang='lat' dir='ltr'>decimarum</span> <span class='ocrx_word' id='word_1_356' title='bbox 2693 3959 2728 3992; x_wconf 87' lang='lat'><em>»</em></span> <span class='ocrx_word' id='word_1_357' title='bbox 2761 3936 2852 3999; x_wconf 91' lang='lat' dir='ltr'>ait</span> 
     </span>
     <span class='ocr_line' id='line_1_37' title="bbox 390 4034 746 4100; baseline -0.008 0"><span class='ocrx_word' id='word_1_358' title='bbox 390 4037 553 4100; x_wconf 89' lang='lat' dir='ltr'>idem</span> <span class='ocrx_word' id='word_1_359' title='bbox 598 4034 746 4098; x_wconf 92' lang='lat' dir='ltr'>ibid.</span> 
     </span>
    </p>

    <p class='ocr_par' dir='ltr' id='par_1_7' title="bbox 390 4134 2852 4633">
     <span class='ocr_line' id='line_1_38' title="bbox 483 4134 2849 4221; baseline -0.002 -13"><span class='ocrx_word' id='word_1_360' title='bbox 483 4134 668 4208; x_wconf 77' lang='lat'>1163.</span> <span class='ocrx_word' id='word_1_361' title='bbox 702 4134 766 4200; x_wconf 88' lang='lat' dir='ltr'>Si</span> <span class='ocrx_word' id='word_1_362' title='bbox 812 4154 959 4220; x_wconf 88' lang='lat' dir='ltr'>ergo</span> <span class='ocrx_word' id='word_1_363' title='bbox 1010 4137 1276 4201; x_wconf 88' lang='lat' dir='ltr'>alterum</span> <span class='ocrx_word' id='word_1_364' title='bbox 1323 4139 1652 4221; x_wconf 84' lang='lat' dir='ltr'>spectetur,</span> <span class='ocrx_word' id='word_1_365' title='bbox 1687 4141 1928 4203; x_wconf 88' lang='lat' dir='ltr'>certum</span> <span class='ocrx_word' id='word_1_366' title='bbox 1975 4141 2072 4203; x_wconf 87' lang='lat' dir='ltr'>est</span> <span class='ocrx_word' id='word_1_367' title='bbox 2118 4139 2695 4204; x_wconf 80' lang='lat' dir='ltr'>determinationem</span> <span class='ocrx_word' id='word_1_368' title='bbox 2738 4139 2849 4216; x_wconf 90' lang='lat' dir='ltr'>rei,</span> 
     </span>
     <span class='ocr_line' id='line_1_39' title="bbox 390 4239 2851 4325; baseline -0 -19"><span class='ocrx_word' id='word_1_369' title='bbox 390 4260 552 4323; x_wconf 90' lang='lat' dir='ltr'>quae</span> <span class='ocrx_word' id='word_1_370' title='bbox 583 4239 899 4315; x_wconf 89' lang='lat' dir='ltr'>debeatur,</span> <span class='ocrx_word' id='word_1_371' title='bbox 932 4239 994 4302; x_wconf 92' lang='lat' dir='ltr'>h.</span> <span class='ocrx_word' id='word_1_372' title='bbox 1028 4257 1081 4302; x_wconf 94' lang='lat' dir='ltr'>e.</span> <span class='ocrx_word' id='word_1_373' title='bbox 1120 4239 1422 4303; x_wconf 90' lang='lat' dir='ltr'>decimam</span> <span class='ocrx_word' id='word_1_374' title='bbox 1459 4243 1702 4323; x_wconf 88' lang='lat' dir='ltr'>partem</span> <span class='ocrx_word' id='word_1_375' title='bbox 1738 4241 2081 4319; x_wconf 87' lang='lat' dir='ltr'>fructuum,</span> <span class='ocrx_word' id='word_1_376' title='bbox 2116 4261 2246 4306; x_wconf 88' lang='lat' dir='ltr'>esse</span> <span class='ocrx_word' id='word_1_377' title='bbox 2294 4261 2366 4305; x_wconf 89' lang='lat' dir='ltr'>ex</span> <span class='ocrx_word' id='word_1_378' title='bbox 2402 4243 2535 4306; x_wconf 89' lang='lat' dir='ltr'>iure</span> <span class='ocrx_word' id='word_1_379' title='bbox 2582 4242 2851 4325; x_wconf 83' lang='lat' dir='ltr'>positivo</span> 
     </span>
     <span class='ocr_line' id='line_1_40' title="bbox 390 4341 2851 4425; baseline 0 -17"><span class='ocrx_word' id='word_1_380' title='bbox 390 4343 726 4419; x_wconf 79' lang='lat' dir='ltr'>Ecclesiae3</span> <span class='ocrx_word' id='word_1_381' title='bbox 774 4360 921 4406; x_wconf 89' lang='lat' dir='ltr'>nam</span> <span class='ocrx_word' id='word_1_382' title='bbox 984 4341 1159 4405; x_wconf 89' lang='lat' dir='ltr'>nulla</span> <span class='ocrx_word' id='word_1_383' title='bbox 1204 4341 1300 4404; x_wconf 87' lang='lat' dir='ltr'>lex</span> <span class='ocrx_word' id='word_1_384' title='bbox 1347 4341 1555 4406; x_wconf 86' lang='lat' dir='ltr'>divina</span> <span class='ocrx_word' id='word_1_385' title='bbox 1601 4342 1808 4425; x_wconf 90' lang='lat' dir='ltr'>quoad</span> <span class='ocrx_word' id='word_1_386' title='bbox 1855 4343 1972 4408; x_wconf 85' lang='lat' dir='ltr'>hoc</span> <span class='ocrx_word' id='word_1_387' title='bbox 2019 4343 2223 4407; x_wconf 86' lang='lat' dir='ltr'>afferri</span> <span class='ocrx_word' id='word_1_388' title='bbox 2271 4344 2505 4424; x_wconf 86' lang='lat' dir='ltr'>potest:</span> <span class='ocrx_word' id='word_1_389' title='bbox 2553 4344 2649 4408; x_wconf 90' lang='lat' dir='ltr'>lex</span> <span class='ocrx_word' id='word_1_390' title='bbox 2706 4364 2851 4409; x_wconf 90' lang='lat' dir='ltr'>sane</span> 
     </span>
     <span class='ocr_line' id='line_1_41' title="bbox 390 4442 2851 4529; baseline 0 -18"><span class='ocrx_word' id='word_1_391' title='bbox 390 4448 571 4511; x_wconf 83' lang='lat' dir='ltr'>vetus</span> <span class='ocrx_word' id='word_1_392' title='bbox 619 4445 804 4509; x_wconf 87' lang='lat' dir='ltr'>desiit</span> <span class='ocrx_word' id='word_1_393' title='bbox 852 4444 1130 4529; x_wconf 88' lang='lat' dir='ltr'>obligare</span> <span class='ocrx_word' id='word_1_394' title='bbox 1176 4442 1331 4506; x_wconf 89' lang='lat' dir='ltr'>etin</span> <span class='ocrx_word' id='word_1_395' title='bbox 1362 4442 1543 4508; x_wconf 84' lang='lat' dir='ltr'>Novo</span> <span class='ocrx_word' id='word_1_396' title='bbox 1580 4445 1982 4510; x_wconf 78' lang='lat' dir='ltr'>Testamento</span> <span class='ocrx_word' id='word_1_397' title='bbox 2029 4445 2276 4510; x_wconf 91' lang='lat' dir='ltr'>nullum</span> <span class='ocrx_word' id='word_1_398' title='bbox 2322 4446 2419 4510; x_wconf 90' lang='lat' dir='ltr'>est</span> <span class='ocrx_word' id='word_1_399' title='bbox 2456 4448 2851 4529; x_wconf 89' lang='lat' dir='ltr'>praeceptum</span> 
     </span>
     <span class='ocr_line' id='line_1_42' title="bbox 393 4547 2852 4633; baseline 0.001 -21"><span class='ocrx_word' id='word_1_400' title='bbox 393 4547 694 4624; x_wconf 82' lang='lat' dir='ltr'>divinum,</span> <span class='ocrx_word' id='word_1_401' title='bbox 734 4548 980 4630; x_wconf 88' lang='lat' dir='ltr'>praeter</span> <span class='ocrx_word' id='word_1_402' title='bbox 1026 4565 1119 4625; x_wconf 89' lang='lat' dir='ltr'>ea,</span> <span class='ocrx_word' id='word_1_403' title='bbox 1154 4563 1312 4626; x_wconf 89' lang='lat' dir='ltr'>quae</span> <span class='ocrx_word' id='word_1_404' title='bbox 1344 4548 1625 4628; x_wconf 88' lang='lat' dir='ltr'>spectant</span> <span class='ocrx_word' id='word_1_405' title='bbox 1662 4547 1739 4612; x_wconf 89' lang='lat' dir='ltr'>ad</span> <span class='ocrx_word' id='word_1_406' title='bbox 1778 4547 1960 4612; x_wconf 87' lang='lat' dir='ltr'>fidem</span> <span class='ocrx_word' id='word_1_407' title='bbox 1994 4551 2059 4613; x_wconf 91' lang='lat' dir='ltr'>et</span> <span class='ocrx_word' id='word_1_408' title='bbox 2090 4551 2479 4614; x_wconf 83' lang='lat' dir='ltr'>sacramenta</span> <span class='ocrx_word' id='word_1_409' title='bbox 2512 4553 2697 4633; x_wconf 90' lang='lat' dir='ltr'>atque</span> <span class='ocrx_word' id='word_1_410' title='bbox 2728 4552 2852 4615; x_wconf 91' lang='lat' dir='ltr'>hie-</span> 
     </span>
    </p>
   </div>
  </div>
 </body>
</html>
