3497 5147
652 335 759 391 362
849 348 1059 389 TRAGT.
1091 349 1168 391 vr.
1197 349 1356 389 sacr.
1385 349 1424 387 1.
1452 349 1537 388 Dm
1562 350 1753 390 Pmuo
1777 349 1994 390 Panno.
2021 348 2352 390 DmAnoar.
2379 349 2514 390 OAP.
2543 349 2608 389 11.
2635 349 2778 390 Dus.
2807 350 2897 392 111.
2971 334 3118 408 [4751

648 447 879 530 impius
926 447 1156 511 iniuste
1187 446 1466 511 detinens
1500 446 1604 510 SS.
1642 447 1954 529 reliquum,
1989 465 2093 510 eas
2125 448 2288 511 esset
2333 447 2496 510 eerte
2527 446 2973 528 profanaturus
3005 447 3119 511 aut

650 550 1057 632 proiecturus,
1091 549 1212 613 nisi
1258 551 1457 633 pretio
1491 550 1698 615 soluto
1738 550 1892 613 velis
1924 568 2028 613 eas
2067 568 2284 626 emere,
2319 549 2418 613 vel
2452 549 2505 612 si
2534 547 2702 613 idem
2733 568 2957 613 urnam
2989 567 3121 631 pre—

648 653 876 717 tiosam
937 653 1231 734 reliquias
1293 653 1709 717 continentem
1776 671 2000 716 venum
2047 652 2376 733 exponeret
2434 653 2497 715 et
2555 651 2902 734 periculum
2955 651 3122 715 certe

649 755 827 833 foret,
861 775 956 834 ne,
991 776 1147 821 urna
1193 759 1403 838 empta
1442 776 1477 819 a
1518 756 1768 831 Iudaeo,
1808 755 2106 836 reliquiae
2153 753 2625 836 dissiparentur,
2665 754 2786 818 nisi
2815 755 2888 818 tu
2920 754 3120 836 pretio

649 858 857 922 soluto
890 876 1296 940 praeoccupes
1334 858 1450 921 hoc
1496 857 1754 932 facium,
1810 856 2055 921 easdem
2101 855 2493 932 redimend03
2552 855 2800 921 videtur
2846 855 3118 938 profecto

647 959 712 1022 id
743 960 860 1023 tibi
890 960 1090 1036 licere,
1120 978 1238 1022 non
1280 962 1351 1023 ut
1397 978 1566 1023 emas
1614 960 1928 1041 reliquiaS,
1966 959 2070 1022 sed
2103 961 2177 1023 ut
2209 958 2477 1023 redimas
2509 958 2813 1023 iniustam
2851 959 3122 1022 vexatio·

650 1081 789 1125 nem
840 1081 947 1125 seu
980 1062 1429 1126 detentionem:
1466 1062 1517 1124 si
1551 1061 1914 1144 praesertim
1952 1061 2296 1144 periculum
2335 1062 2419 1126 sit
2451 1060 2513 1124 in
2548 1079 2723 1125 mora
2755 1080 2867 1125 nec
2889 1059 3003 1125 tibi
3035 1059 3125 1125 sit

651 1165 969 1246 integrum
1013 1185 1143 1228 rem
1191 1164 1422 1228 deferre
1470 1164 1546 1226 ad
1594 1164 2074 1227 ecelesiasticam
2122 1164 2584 1241 auctoritatem,
2633 1164 2812 1228 cuius
2868 1162 3121 1246 proinde

654 1265 977 1348 negotium
1007 1284 1269 1348 gerereS‚
1305 1266 1656 1329 redimendo
1696 1266 2011 1346 reliquias.

744 1367 979 1432 Verum
1014 1369 1258 1432 obstare
1307 1368 1551 1432 videtur
1598 1368 1913 1432 decretum
1959 1368 2183 1432 Leonis
2232 1368 2409 1432 XIII.
2451 1369 2555 1432 21.
2605 1368 2875 1432 decemb.
2928 1368 3116 1431 1878.

663 1494 697 1527 ‹<
729 1469 970 1534 Abhinc
1017 1470 1330 1535 nonnullis
1377 1471 1573 1547 annis,
1614 1470 2102 1552 suffragantibus
2149 1490 2357 1534 rerum
2406 1489 2475 1534 ac
2511 1472 2867 1553 temporum
2914 1469 3124 1534 adiun-

654 1571 792 1648 ctis,
833 1572 1063 1636 abusus
1110 1573 1377 1655 irrepsit,
1412 1573 1486 1636 ut
1522 1572 1800 1636 homines
1832 1572 2173 1636 catholicae
2220 1572 2361 1636 fidei
2394 1591 2601 1638 osores
2633 1575 2697 1636 et
2732 1573 2937 1655 turpis
2967 1573 3120 1636 lucri

657 1675 823 1740 avidi
870 1695 1076 1740 sacras
1125 1676 1418 1758 reliquias
1466 1676 1873 1757 undequaque
1922 1676 2263 1757 exquisitas
2310 1678 2375 1740 et
2408 1679 2688 1759 arreptas
2720 1679 2783 1741 et
2816 1675 3124 1740 authenti-

653 1779 844 1843 citate
892 1779 1211 1861 pollenteS‚
1249 1778 1484 1842 Romae
1516 1778 1935 1860 potissimum,
1969 1796 2201 1860 magno
2236 1776 2516 1842 fidelium
2548 1779 2612 1842 et
2648 1779 2917 1842 maxime
2950 1776 3125 1840 adve-

655 1904 877 1946 narum
911 1884 1200 1947 scandalo
1233 1883 1490 1947 vendere
1522 1903 1642 1946 non
1677 1884 2041 1946 erubescant
2075 1911 2136 1947 ».

754 2009 788 2041 «
820 1985 892 2046 Id
923 2005 1064 2048 cum
1104 1984 1207 2047 SS.
1238 1986 1311 2048 D.
1341 1984 1416 2047 N.
1446 1985 1635 2047 Leoni
1670 1986 1790 2047 PP.
1819 1985 1996 2048 XIII.
2027 1986 2388 2061 innotuerit,
2424 1985 2640 2049 eadem
2671 1982 2985 2048 Sanctitas
3009 2003 3122 2048 sua

655 2087 868 2150 volens
913 2087 1057 2150 huic
1102 2088 1270 2149 malo
1320 2105 1633 2149 occurrere
1682 2089 1744 2148 et
1794 2087 1980 2150 simul
2030 2107 2110 2151 ss.
2160 2088 2610 2169 Reliquiarum‚
2637 2088 2944 2168 quantum
2988 2085 3120 2150 fieri

654 2190 880 2270 potest,
932 2188 1382 2270 recuperationi
1430 2188 1694 2263 studere,
1746 2207 2065 2251 sacrorum
2115 2208 2421 2252 canonum
2484 2188 2745 2252 statutis
2801 2189 3124 2252 inhaerens

655 2290 932 2354 districte
979 2289 1297 2372 praecipit,
1349 2309 1422 2353 ne
1471 2288 1703 2352 Christi
1751 2290 1978 2366 fideles,
2031 2292 2147 2354 sub
2196 2291 2477 2372 quolibet
2540 2292 2883 2373 praetextU,
2934 2291 3122 2355 etiam

657 2391 994 2457 redImendi
1018 2411 1098 2455 ss,
1126 2392 1419 2472 reliquias
1459 2394 1521 2455 et
1553 2411 1634 2455 ss.
1675 2392 1949 2468 exuvias,
1986 2393 2131 2456 licet
2162 2393 2416 2476 capsula
2449 2393 2798 2458 reconditas
2824 2394 2886 2456 et
2918 2394 3122 2478 sigillo

656 2495 952 2570 munitas,
1004 2498 1135 2558 tam
1184 2494 1248 2556 in
1295 2494 1479 2566 Urbe,
1531 2513 1719 2575 quam
1770 2495 1960 2572 extra,
2006 2515 2204 2559 emere
2254 2498 2368 2560 aut
2411 2496 2672 2560 mercari
2701 2497 3124 2579 praesumant.

657 2600 916 2680 Insuper
966 2597 1304 2671 mandavit,
1342 2599 1413 2660 ut
1460 2597 1834 2678 quicumque
1885 2618 2090 2662 sacras
2138 2599 2452 2682 reliquiaS,
2502 2618 2661 2681 quae
2705 2598 2956 2663 venales
2993 2619 3128 2682 pro-

658 2702 843 2775 stent,
879 2700 1201 2775 invenerit,
1242 2700 1523 2764 locorum
1555 2700 1911 2765 Ordinarios
1959 2703 2368 2780 commoneat,
2404 2721 2672 2784 quorum
2707 2702 2994 2767 intererit
3026 2722 3130 2785 op-

658 2805 923 2885 portune
970 2801 1287 2884 providere
1321 2826 1380 2865 ».

749 2907 933 2989 Resp.
965 2908 1246 2970 nostram
1277 2907 1671 2991 hypothesim
1704 2927 1835 2972 esse
1868 2908 2206 2972 diversam:
2249 2928 2360 2973 nos
2407 2928 2530 2974 non
2576 2909 2894 2991 loquimur
2927 2909 3000 2973 de
3029 2928 3123 2986 eo,

659 3010 765 3092 qui
798 3009 949 3073 emit
980 3027 1061 3073 ss.
1090 3009 1429 3090 Reliquias
1466 3009 1569 3073 sed
1608 3010 1716 3091 qui
1754 3010 1956 3074 solum
1995 3010 2246 3075 redimit
2269 3012 2570 3076 iniustam
2599 3012 2992 3076 vexationem
3016 3031 3124 3075 seu

655 3111 1072 3176 detentionem
1121 3112 1350 3193 absque
1381 3111 1512 3175 ullo
1554 3112 1761 3176 animo
1801 3112 2040 3175 emendi
2072 3132 2180 3175 seu
2217 3113 2618 3196 comparandi
2649 3113 2797 3178 sibi:
2838 3113 3122 3179 Pontifex

656 3215 993 3279 canonibus
1024 3215 1346 3278 inhaerens
1373 3215 1654 3295 loquitur
1687 3215 1760 3277 de
1793 3232 1884 3286 eo,
1920 3215 2030 3295 qui
2062 3215 2228 3291 emit,
2253 3217 2370 3280 sub
2394 3217 2675 3297 quolibet
2704 3217 2926 3299 utique
2959 3235 3126 3300 prae-

655 3318 851 3393 textu,
903 3317 1093 3379 etiam
1150 3317 1524 3380 redimendi:
1578 3317 1932 3399 praetextus
1981 3336 2125 3381 vero
2192 3320 2288 3381 est
2333 3319 2632 3395 velamen,
2683 3338 2806 3401 quo
2856 3320 2999 3400 quis
3045 3318 3122 3383 ad

659 3420 968 3505 agendum
1016 3440 1077 3484 se
1125 3420 1363 3483 moveri
1409 3419 1684 3493 simulat,
1725 3438 1868 3483 cum
1900 3421 2110 3483 tamen
2142 3420 2266 3484 alia
2311 3439 2502 3486 causa
2547 3423 2895 3486 moveatur.
2932 3422 3120 3486 Porro

660 3523 972 3604 quaelibet
1020 3521 1251 3605 emptio
1299 3522 1520 3585 harum
1569 3540 1777 3584 rerum
1814 3522 1989 3586 iuxta
2028 3522 2306 3587 Canones
2346 3525 2440 3587 est
2471 3523 2713 3588 illicita.
2750 3521 2815 3588 Si
2853 3543 2996 3589 vero
3030 3542 3123 3605 pe-

659 3625 925 3689 riculum
973 3645 1094 3689 non
1143 3625 1225 3689 sit
1271 3625 1335 3687 in
1386 3643 1577 3701 mora,
1617 3624 1957 3689 monendus
2005 3626 2124 3688 erit
2168 3624 2549 3703 Ordinariu3‚
2601 3625 3121 3707 quemadmodum

656 3728 941 3791 Pontifex
980 3727 1281 3809 praecipit
1313 3727 1587 3808 nihilque
1623 3727 1865 3809 praeter
1895 3728 2028 3791 eius
2069 3728 2459 3791 voluntatem
2493 3727 2824 3811 agendum.
2860 3730 2895 3766 *

750 3829 869 3892 Pro
907 3829 1181 3909 reliquis,
1232 3849 1389 3911 quae
1437 3834 1719 3912 spectant
1768 3831 1844 3894 ad
1891 3830 2048 3894 hanc
2095 3829 2300 3894 Resol.
2343 3831 2455 3903 3¹¹¹,
2495 3830 2650 3895 satis
2697 3849 2829 3895 esse
2869 3832 3120 3913 queunt,

659 3948 818 4010 quae
865 3930 1028 3993 dicta
1078 3934 1225 3995 sunt
1272 3933 1551 4014 superius
1598 3953 1657 3996 n.
1695 3934 1845 3995 461.
1881 3952 2047 4014 seqq.

766 4074 888 4126 LVl.
920 4073 966 4125 4.
991 4074 1094 4127 Νοη
1134 4081 1208 4127 est
1246 4073 1449 4127 simonia
1490 4076 1697 4126 reddere
1737 4075 1817 4126 vel
1858 4076 2098 4127 redimere
2139 4073 2417 4141 pensionem
2456 4089 2589 4128 mere
2630 4077 2978 4141 temporalem
3008 4072 3116 4139 quia

659 4172 750 4208 non
792 4159 1016 4210 fundatur
1054 4158 1100 4210 in
1139 4158 1280 4211 titulo
1320 4158 1558 4224 spirituali
1598 4171 1685 4209 nec
1725 4161 1937 4211 refertur
1977 4162 2038 4211 ad
2079 4157 2372 4214 inunctionem
2412 4157 2733 4225 spiritualem.
2770 4158 2888 4211 Dixi
2924 4163 3113 4226 tempo·

658 4240 861 4303 ralem,·
888 4241 1000 4306 quia
1039 4242 1323 4308 spiritualis,
1355 4256 1480 4307 quae
1506 4244 1649 4294 datur
1690 4256 1737 4292 v.
1765 4256 1833 4304 gr.
1865 4243 2200 4296 concionatori
2240 4247 2319 4296 vel
2347 4242 2624 4297 coadiutori
2660 4242 2889 4310 Episcopi
2927 4249 3115 4309 propter

652 4324 865 4378 officium
892 4326 1286 4380 Ecclesiasticum
1314 4325 1361 4378 in
1390 4340 1545 4389 eoque
1585 4328 1819 4379 tundatur
1859 4342 1947 4379 nec
1986 4327 2148 4380 differt
2176 4342 2200 4380 a
2231 4327 2486 4394 beneficio,
2515 4327 2611 4382 nisi
2640 4330 2768 4394 quod
2796 4342 2893 4381 non
2919 4327 2981 4380 sit
3015 4338 3114 4392 per·

657 4417 819 4475 petua,
847 4410 992 4462 vendi
1018 4410 1211 4476 nequit:
1241 4408 1391 4462 mixta
1422 4424 1556 4470 vere,
1588 4418 1639 4463 ut
1668 4424 1712 4461 v.
1744 4425 1817 4475 gr.
1844 4426 1967 4476 quac
1994 4414 2139 4465 datur
2178 4415 2398 4466 parocho
2437 4412 2542 4465 seni
2583 4415 2658 4466 vel
2697 4410 2894 4468 Clerico
2921 4408 3114 4479 pauperi

657 4497 717 4545 ad
744 4493 1166 4553 sustentationem,
1197 4508 1290 4545 non
1324 4492 1521 4557 quidem
1556 4493 1700 4546 vendi
1740 4504 1878 4561 potes
1884 4503 1916 4557 t,
1943 4495 2116 4548 redimi
2157 4504 2317 4549 tamen
2353 4503 2527 4563 potest,
2555 4498 2702 4549 morlo
2742 4490 3112 4560 obligatior-eci·

663 4576 796 4629 tandi
823 4576 1045 4628 Osslcinm
1075 4577 1128 4627 B.
1160 4578 1219 4629 V.
1251 4576 1476 4641 imposita
1505 4593 1599 4630 non
1627 4579 1954 4643 extinguatur.
1980 4582 2123 4647 Quod
2150 4579 2382 4645 intellige,
2404 4580 2445 4633 si
2472 4580 2520 4633 in
2548 4585 2671 4641 loce,
2705 4577 2786 4632 ubi
2812 4582 2865 4633 ut
2894 4575 3113 4637 venditio,
