3497 5147
685 383 794 438 688
1032 396 1246 438 ‘rme-r.
1268 397 1347 438 νῐ.
1368 395 1531 438 sacr.
1554 396 1610 437 v.
1630 396 1715 436 nn
1739 394 1968 444 Qnmro
1989 396 2202 437 rme.
2225 395 2554 439 nncAmm.
2574 398 2707 438 cu».
2722 399 2786 440 11.
3004 386 3147 463 [9271

776 494 1116 578 Responsio
1149 513 1256 577 per
1292 512 1357 558 se
1389 512 1512 558 non
1544 493 1792 559 videtur
1822 493 2119 558 difficilis:
2160 494 2307 558 ficta
2339 496 2699 577 provocatio
2731 516 2853 561 non
2888 500 2984 562 est
3013 517 3150 581 pro·

683 597 951 675 vocati0,
992 595 1514 679 quemadmodum
1560 597 1777 662 fictum
1822 598 2295 662 matrimonium
2340 616 2463 663 non
2511 600 2607 663 est
2650 601 3141 667 matrimonium.

682 700 982 781 Quocirca
1030 701 1084 765 si
1130 719 1360 784 poenae
1409 700 1821 765 decernuntur
1865 702 1929 765 in
1963 704 2369 784 provocantes
2402 703 2515 766 aut
2544 705 2937 787 acceptantes
2973 705 3147 770 duel-

683 807 835 883 lum,
861 825 984 871 non
1010 807 1106 870 est
1135 824 1245 869 cur
1275 804 1554 868 dicamus
1592 822 1696 868 eas
1732 803 1964 868 incurri
2003 805 2080 868 ab
2113 805 2209 881 iis,
2236 804 2346 886 qui
2375 803 2589 869 fictam
2619 804 2825 869 solum
2858 824 3147 889 provoca-

682 909 918 974 tionem
952 908 1065 973 aut
1096 908 1583 990 acceptationem
1608 906 1827 982 edunt3
1854 906 2141 988 quamvis
2166 925 2238 970 ex
2263 906 2388 970 alia
2412 924 2621 986 causa,
2647 908 2823 989 puta,
2849 907 3142 986 scandali,

683 1030 932 1095 peccare
968 1011 1230 1094 possint.

863 1112 934 1178 9⁰
966 1114 1138 1178 Idem
1185 1112 1528 1188 dicendum,
1563 1111 1617 1176 si
1647 1110 1927 1175 duellum
1956 1111 2162 1193 ipsum
2209 1111 2368 1187 ficte,
2405 1110 2482 1175 ad
2514 1110 2726 1175 fucum
2772 1112 3024 1176 tantum
3058 1113 3146 1177 fa-

681 1216 985 1291 ciendum,
1002 1216 1269 1292 ineatur,
1290 1216 1499 1278 amoto
1524 1213 1796 1297 periculo
1821 1213 2262 1295 cuiuscumque
2286 1213 2516 1278 damni.
2542 1212 2657 1277 Est
2680 1213 2843 1277 enim
2868 1213 3142 1280 duellum

680 1321 886 1385 solum
923 1318 1121 1403 specie
1151 1320 1353 1393 tenuS,
1387 1335 1509 1381 non
1547 1335 1784 1393 verum,
1821 1316 1898 1379 ad
1928 1316 2092 1397 quod
2123 1316 2463 1397 requiritur
2492 1319 2567 1380 ut
2612 1315 2752 1398 quis
2784 1335 2848 1380 se
2880 1320 3145 1401 exponat

677 1421 953 1507 periculo
995 1419 1316 1485 occisionis
1349 1467 1365 1493 ,
1400 1418 1820 1483 mutilationis
1853 1419 1966 1482 aut
2003 1418 2310 1482 vulneris:
2346 1418 2480 1482 heic
2528 1404 2741 1483 autem
2771 1419 3017 1484 nullum
3046 1421 3142 1485 est

677 1522 1039 1590 huiusmodi
1061 1522 1424 1605 periculum.
1451 1523 1552 1587 Ita
1584 1521 1790 1604 quoad
1815 1521 2150 1602 utrumque
2182 1539 2396 1584 casum
2420 1519 2787 1585 d’Annibale
2811 1521 2876 1585 in
2910 1520 3138 1586 Comm.

677 1626 864 1692 Reat.
901 1627 976 1691 ad
1010 1626 1708 1690 excommunicationem
1756 1624 1972 1687 contra
2020 1622 2365 1687 duellantes
2414 1625 2476 1687 et
2521 1622 2867 1688 Pennacchi
2900 1622 3137 1689 Comm.

674 1730 739 1794 in
769 1728 984 1794 Const.
1020 1726 1244 1808 Apost.
1274 1726 1471 1792 Sedis,
1508 1728 1665 1811 App.
1705 1727 1806 1790 18.
1844 1744 1986 1810 pag.
2022 1726 2172 1789 364.
2208 1744 2373 1807 seqq.
2416 1724 2493 1789 ad
2527 1727 2587 1788 2.

766 1831 883 1897 Sed
929 1851 1128 1897 nonne
1193 1832 1404 1896 obstat
1465 1829 1808 1913 propositio
1857 1831 1929 1891 2⁸
1974 1848 2046 1893 ex
2092 1828 2403 1892 damnatis
2451 1847 2487 1891 a
2533 1827 2871 1894 Benedicto
2915 1829 3085 1895 XIV.
3111 1834 3144 1893 Ρ

675 1955 866 2018 quam
905 1935 1041 2000 vide
1075 1936 1262 2019 paulo
1293 1934 1569 1998 inferiuS.
1604 1930 1764 1997 Cum
1797 1951 1904 2015 per
1941 1950 2005 1995 se
2036 1931 2284 1995 evidens
2323 1931 2426 2008 sit,
2461 1930 2774 1996 fictionem
2808 1933 2986 1997 actus
3018 1951 3140 1998 non

674 2057 806 2104 esse
854 2038 1061 2120 ipsum
1108 2040 1338 2114 actum,
1378 2034 1840 2119 respondemus,
1890 2032 2054 2115 quod
2103 2052 2183 2097 ss.
2235 2032 2520 2097 Pontifex
2567 2034 2666 2098 vel
2711 2035 2903 2118 negat
2950 2036 3139 2100 talem

673 2141 880 2205 virum
912 2140 1189 2204 excusari
1222 2159 1258 2203 a
1291 2139 1493 2222 culpa,
1528 2137 1754 2202 saltem
1785 2136 2025 2201 ratione
2064 2134 2357 2211 scandali,
2393 2136 2490 2198 vel
2527 2154 2760 2220 negans
2792 2136 3072 2201 excusari
3104 2155 3142 2201 a

672 2244 854 2327 culpa
886 2241 1098 2319 duelli,
1134 2241 1427 2325 supponit
1459 2240 1522 2304 in
1571 2242 1946 2323 provocante
1979 2239 2076 2302 vel
2109 2238 2467 2320 acceptante
2499 2257 2710 2302 veram
2756 2239 3141 2321 provocatio-

669 2366 812 2412 nem
851 2348 963 2410 aut
1012 2345 1518 2428 acceptationem,
1553 2361 1713 2424 quae
1761 2360 1891 2406 esse
1938 2342 2164 2424 potest,
2201 2340 2318 2404 etsi
2366 2341 2533 2405 certo
2582 2340 2818 2405 sciatur
2864 2340 3140 2406 duellum

670 2449 1041 2532 impeditum
1088 2448 1186 2523 iri,
1222 2449 1529 2529 quatenus
1575 2446 1667 2508 ita
1715 2445 1843 2507 sint
1890 2444 2279 2525 acceptantes
2329 2445 2440 2507 aut
2477 2443 2884 2526 provocantes
2929 2444 3135 2508 animo

670 2552 895 2637 parati,
931 2551 1023 2629 ut,
1075 2549 1127 2614 si
1160 2551 1376 2614 contra
1423 2566 1593 2630 spem
1631 2544 2144 2629 impedimentum
2182 2545 2268 2610 sit
2313 2546 2720 2627 cessaturum,
2755 2547 2882 2612 sint
2922 2564 3136 2630 reapse

671 2655 949 2720 duellum
982 2652 1221 2717 inituri.
1256 2651 1357 2714 Ita
1394 2650 1464 2714 P.
1500 2649 1753 2713 Villada
1782 2649 1825 2712 1.
1861 2668 1911 2712 c.
1947 2669 2006 2732 p.
2043 2649 2193 2712 355.

762 2753 937 2826 927.
970 2758 1082 2820 10ο
1106 2754 1306 2819 Certis
1335 2753 1400 2818 in
1427 2753 1580 2818 locis
1611 2752 1703 2817 ita
1735 2751 1944 2816 duella
1981 2770 2104 2817 non
2134 2750 2356 2816 fatalia
2387 2752 2828 2830 instituuntur,
2859 2755 2935 2818 ut
2959 2771 3138 2819 omne

669 2859 1015 2942 periculum
1064 2859 1177 2922 aut
1220 2855 1443 2922 mortis
1498 2857 1611 2920 aut
1657 2855 1869 2940 gravis
1915 2854 2190 2920 vulneris
2251 2857 2634 2919 amoveatur.
2683 2855 2848 2919 Nam
2895 2859 3136 2939 praeter

667 2962 860 3026 testes
894 2979 1002 3023 seu
1036 2959 1334 3043 patrinOS,
1370 2957 1597 3023 adsunt
1634 2957 1776 3022 hinc
1821 2957 1961 3021 inde
1999 2957 2122 3022 duo
2172 2976 2489 3022 armorum
2526 2957 2818 3042 magistri
2853 2957 3133 3039 (maestri

667 3062 732 3127 di
781 3062 1090 3145 scherma)
1135 3061 1444 3144 iidemque
1491 3060 1677 3125 huius
1726 3060 1880 3124 artis
1920 3060 2298 3143 peritissimi,
2338 3061 2447 3143 qui
2493 3079 2616 3143 quo
2665 3060 2928 3143 quilibet
2973 3062 3136 3126 ictus

667 3165 904 3241 tendat,
955 3165 1105 3229 bene
1160 3164 1408 3241 callent,
1457 3163 1661 3246 parati
1718 3162 1938 3227 statim
1994 3181 2134 3226 ense
2180 3181 2294 3227 suo
2361 3163 2608 3227 amoliri
2653 3163 2753 3228 vel
2810 3164 3133 3229 retundere

666 3286 1118 3350 quemcumque
1150 3268 1348 3332 ictum
1386 3266 1671 3331 noverint
1704 3266 2115 3349 perniciosum
2163 3265 2312 3331 fore.
2347 3264 2526 3346 Quod
2576 3266 2650 3331 de
2698 3267 2815 3332 hoc
2843 3267 3133 3333 conflictu

665 3370 1039 3435 dicendum?

757 3471 823 3537 Si
857 3473 1060 3537 solum
1094 3473 1349 3538 vulnera
1382 3472 1601 3556 gravia
1624 3470 2014 3552 impedienda
2046 3470 2173 3534 sint
2203 3472 2268 3534 et
2297 3470 2460 3534 levia
2493 3470 2925 3553 permittenda,
2952 3471 3131 3536 habe-

664 3576 771 3640 tur
808 3575 1009 3639 adhuc
1041 3575 1337 3652 duellum,
1373 3574 1539 3656 quod
1570 3573 1668 3638 vel
1702 3573 1779 3637 ad
1819 3573 2089 3656 primum
2122 3573 2506 3656 sanguinem,
2536 3574 2608 3636 ut
2641 3573 2763 3637 dici
2800 3574 2960 3637 solet
2990 3574 3133 3638 iniri

663 3678 891 3761 potest.
932 3678 1355 3742 Veruntamen
1389 3677 1444 3741 si
1489 3695 1613 3741 non
1645 3676 1730 3740 sit
1763 3676 2106 3759 periculum
2149 3675 2270 3740 nisi
2315 3674 2469 3739 levis
2517 3674 2809 3750 vulneris,
2843 3693 2965 3739 non
3012 3677 3131 3741 erit

663 3780 1033 3843 censendum
1066 3778 1422 3843 huiusmodi
1455 3778 1732 3843 duellum
1758 3779 2044 3860 (veniale,
2073 3779 2380 3859 quatenus
2413 3777 2719 3862 duellum)
2743 3778 3127 3861 prohibitum

663 3879 779 3945 sub
827 3881 1479 3956 excommunicatione,
1515 3900 1673 3962 quae
1719 3881 1983 3963 requirit
2029 3881 2278 3964 culpam
2325 3899 2601 3965 gravem.
2635 3881 2737 3945 Ita
2773 3881 2843 3944 P.
2877 3880 3130 3945 Villada

662 3983 704 4047 l.
741 4003 791 4047 c.
828 4003 969 4066 pag.
1007 3984 1155 4047 251.
1188 3983 1252 4047 in
1300 3985 1470 4060 nota,
1512 3984 1770 4067 loquens
1818 3985 1891 4049 de
1938 3984 2180 4061 duelliS,
2217 3983 2322 4049 ubi
2372 3984 2714 4067 periculum
2762 3984 2847 4049 sit
2879 3985 3124 4050 tantum

662 4086 936 4151 vulneris
982 4085 1156 4164 leviS,
1191 4087 1244 4150 si
1292 4086 1441 4150 haec
1487 4087 1850 4170 hypothesis
1896 4105 2110 4168 reapse
2157 4086 2529 4151 verificatur.
2565 4088 2790 4169 Atque,
2827 4090 2900 4151 ut
2932 4089 3123 4171 patet,

658 4189 975 4273 responsio
1008 4191 1223 4254 nostra
1255 4189 1656 4273 hypothetica
1689 4191 1804 4265 est,
1831 4190 1883 4253 si
1916 4209 2132 4273 nempe
2165 4193 2332 4255 certa
2365 4190 2447 4255 sit
2480 4189 2877 4272 (certitudine
2909 4191 3124 4273 utique

659 4291 911 4374 morali)
938 4291 1172 4355 amotio
1207 4291 1462 4374 periculi
1493 4293 1704 4376 gravis
1737 4292 2043 4369 vulneris;
2073 4312 2260 4376 quam
2294 4293 2543 4376 quidem
2574 4294 2971 4378 hypothesim
3004 4312 3124 4358 non

658 4410 977 4457 censemus
1023 4393 1475 4476 impossibilem
1523 4394 1584 4457 in
1632 4394 1826 4476 praxi.
1869 4396 1968 4460 Ita
2008 4399 2070 4461 et
2109 4396 2424 4461 Bonacina
2471 4397 2646 4462 Tom.
2684 4397 2744 4460 3.
2780 4398 2854 4461 cle
2892 4394 3124 4462 Duello

658 4512 718 4556 n.
760 4494 862 4557 15.
904 4514 974 4557 ex
1014 4495 1334 4561 Filliuccio
1373 4496 1453 4559 tr.
1497 4497 1601 4560 29.
1643 4517 1693 4561 c.
1729 4498 1791 4563 8.
1827 4519 1885 4563 n.
1929 4499 2074 4563 113.
2100 4501 2136 4538 '⁸‘
