3497 5147
669 342 779 397 810
956 357 1165 398 τηΑοτ.
1193 357 1275 398 vr.
1302 356 1465 398 sacr.
1493 355 1597 397 vu.
1625 357 1710 396 nn
1735 355 1973 398 oc'rAvo
1997 357 2216 399 ranno.
2244 354 2574 398 nnoAnom.
2601 356 2744 399 nun.
2772 357 2837 397 11.
2954 341 3133 415 [1091]

672 453 991 518 emendam
1039 453 1303 535 proximi
1350 452 1587 518 videret
1633 453 1932 536 expedire,
1982 472 2104 517 non
2167 456 2398 537 peccat.
2449 452 2515 518 Si
2571 454 2785 517 autem
2845 453 2962 518 hoc
3008 453 3134 517 sive

671 557 948 640 praelato
997 557 1126 620 sive
1160 556 1346 619 alicui
1386 556 1584 621 amico
1622 574 1737 620 suo
1771 576 1843 621 ex
1879 556 2125 621 malitia
2157 556 2404 634 referat,
2446 558 2595 620 tunc
2641 558 2857 639 peccat
2901 560 3137 621 morta-

669 659 831 724 liter.
865 657 1043 739 Quod
1075 659 1129 724 si
1161 678 1232 723 ex
1261 659 1575 724 incautela
1616 659 1803 724 alicui
1839 659 2064 725 dixerit
2092 661 2229 737 hoc,
2269 660 2362 724 ita
2394 662 2603 724 tamen
2645 659 2810 741 quod
2848 678 2973 724 non
3004 678 3137 742 pro·

670 761 879 826 veniat
921 762 1061 827 inde
1110 761 1299 837 aliud,
1350 762 1447 826 vel
1493 761 1754 826 infamia
1808 762 1907 827 vel
1960 762 2344 846 vituperium
2391 762 2670 846 proximo
2727 762 3126 844 delinquenti,

670 868 819 929 tunc
871 882 995 930 non
1042 866 1256 948 peccat
1300 865 1672 942 mortaliter,
1722 864 1870 929 licet
1913 866 2161 930 incaute
2210 868 2361 950 agat
2393 891 2455 929 ».
2505 864 2744 945 Quibus
2807 866 3136 948 postremis

671 968 871 1032 verbis
904 986 953 1031 s.
986 968 1343 1050 Alphonsus
1375 968 1493 1032 hoc
1524 967 1777 1032 subiicit
1822 968 2376 1032 commentarium:
2432 992 2467 1025 ⁴<
2497 966 2626 1031 Nec
2657 966 2845 1043 dicas,
2880 968 3135 1031 verbum

671 1070 846 1147 illud,
881 1090 959 1133 ex
999 1068 1328 1143 incautela,
1362 1070 1629 1155 intelligi
1678 1088 1788 1153 pro
1835 1069 2325 1146 inadvertentia3
2361 1089 2433 1134 ex
2465 1070 2581 1134 hac
2617 1069 2780 1133 enim
2818 1088 3132 1151 nunquam

670 1174 957 1255 peccatur
1002 1173 1381 1237 mortaliter:
1416 1173 1521 1237 sed
1556 1173 1806 1238 omnino
1843 1172 2220 1257 intelligitur
2265 1173 2685 1255 imprudentia
2730 1173 2863 1237 sive
2908 1172 3131 1237 levitas

674 1274 885 1349 animi,
920 1292 1078 1354 quae
1124 1276 1375 1338 tantum
1421 1278 1516 1338 est
1561 1275 1821 1339 venialis
1869 1276 1935 1338 et
1979 1277 2130 1340 tunc
2175 1277 2428 1340 tantum
2474 1275 2595 1339 erit
2637 1275 2948 1352 mortaIiS,
2997 1294 3138 1339 cum

673 1396 745 1440 ex
776 1394 849 1439 ea
880 1375 1021 1440 inde
1051 1378 1336 1458 provenit
1366 1377 1745 1458 delinquenti
1777 1376 2035 1441 infamia
2061 1380 2174 1442 aut
2203 1377 2584 1460 vituperium
2619 1402 2682 1440 ».
2709 1377 2945 1441 Verum
2976 1378 3139 1441 eius-

673 1477 842 1542 modi
889 1479 1407 1543 commentarium
1453 1481 1549 1543 est
1593 1479 1783 1561 paulo
1833 1478 2182 1543 obscurum.

763 1580 1047 1646 Profecto
1095 1583 1167 1645 ut
1214 1600 1364 1646 suus
1411 1581 1613 1645 verbis
1662 1601 1710 1645 s.
1746 1581 2023 1646 Thomae
2055 1600 2270 1646 sensus
2313 1581 2651 1657 tribuatur,
2686 1580 2910 1664 duplex
2943 1582 3138 1645 statui

676 1685 883 1764 potest
914 1683 1310 1767 hypothesis:
1352 1683 1552 1767 prima
1584 1687 1699 1762 est,
1733 1683 1900 1766 quod
1930 1683 2038 1766 qui
2071 1685 2296 1749 crimen
2334 1684 2588 1760 revelat,
2623 1685 2860 1759 noscat,
2894 1682 3138 1747 nullum

677 1785 847 1849 aliud
871 1785 1170 1850 damnum
1194 1786 1333 1851 inde
1351 1789 1747 1859 eventurumz
1775 1788 1986 1850 tamen
2009 1785 2447 1850 rationabilem
2470 1804 2726 1850 causam
2756 1804 2880 1849 non
2914 1785 3140 1848 habeat

674 1888 986 1951 revelandi
1033 1888 1261 1952 crimen
1301 1889 1366 1952 et
1395 1889 1545 1952 tunc
1590 1887 1798 1953 locum
1846 1888 2052 1965 habet,
2088 1888 2250 1969 quod
2301 1906 2350 1951 s.
2385 1887 2744 1969 Alphonsus
2781 1885 2952 1963 dicit,
3002 1904 3141 1968 pec—

677 1989 805 2051 cari
858 1988 1182 2053 venialiter
1226 1989 1483 2053 levitate
1532 1990 1743 2062 animi,
1792 1988 1955 2053 unde
1999 1987 2344 2052 diffamatio
2408 1988 2693 2070 sequitur
2738 1986 3143 2071 probabiliter

677 2089 849 2153 levis,
883 2090 1027 2153 Alia
1075 2090 1435 2174 hypothesis
1483 2094 1597 2173 est,
1631 2092 1797 2174 quod
1845 2092 1952 2173 qui
1999 2091 2228 2155 crimen
2275 2091 2530 2169 revelat,
2573 2110 2694 2155 non
2732 2090 2964 2154 habeat
2995 2108 3140 2173 prae

678 2192 873 2257 oculis
922 2193 1217 2256 damnum
1251 2193 1533 2276 proximi,
1568 2193 1733 2276 quod
1767 2194 1942 2275 sequi
1989 2192 2129 2258 inde
2177 2194 2417 2276 potest3
2453 2194 2517 2258 et
2549 2195 2699 2258 tunc
2731 2192 2879 2274 quid
2914 2212 2951 2256 a
2981 2210 3143 2257 mor-

678 2295 793 2359 tali
837 2296 1021 2378 culpa
1067 2298 1274 2379 potest
1319 2295 1501 2361 illum
1548 2315 1856 2373 excusare,
1905 2297 2024 2360 nisi
2071 2296 2577 2361 inadvertentia?
2622 2296 2870 2360 Etenim
2930 2295 3142 2378 palam

676 2400 791 2475 est,
823 2417 946 2463 non
993 2417 1171 2481 posse
1218 2417 1330 2463 uos
1370 2418 1418 2463 s.
1455 2398 1731 2463 Thomae
1781 2398 2083 2463 eiusmodi
2116 2416 2363 2463 sensum
2413 2398 2727 2482 affingere,
2762 2399 2837 2462 ut
2882 2395 3141 2461 venialis

677 2502 776 2565 vel
819 2502 1106 2566 mortalis
1154 2502 1527 2567 diiudicetur
1572 2502 1874 2566 detractio
1925 2503 2174 2566 tantum
2208 2521 2278 2565 ex
2311 2503 2555 2580 eventu,
2597 2501 2670 2566 de
2708 2519 2832 2585 quo
2865 2500 3136 2565 revelans

677 2604 907 2668 crimen
937 2605 1094 2668 nihil
1126 2605 1516 2688 cogitaverit.
1544 2602 1643 2668 Sic
1674 2605 1889 2686 itaque
1923 2605 2328 2689 intelligenda
2359 2608 2508 2670 'sunt
2539 2605 2730 2670 etiam
2763 2624 2812 2669 a.
2839 2604 3139 2688 Alphonsi

678 2707 885 2771 verba.

766 2814 984 2898 Pergit
1029 2834 1081 2878 s.
1118 2815 1332 2897 Alph.:
1384 2833 1492 2878 nec
1541 2815 1753 2879 obstat
1800 2815 2040 2898 paritas
2085 2814 2298 2878 iudicii
2347 2815 2694 2891 temerarii;
2730 2815 2878 2897 quia
2924 2814 2989 2878 in
3026 2814 3144 2878 hoc

681 2917 947 2980 occurrit
994 2917 1275 2998 specialis
1314 2917 1561 2995 iniuria,
1595 2918 1934 3001 imputatio
1981 2938 2199 3002 nempe
2244 2917 2390 2983 falsi
2434 2918 2728 2982 criminis

769 3017 1211 3096 NihilominuS,
1246 3021 1539 3102 quoniam
1574 3022 1887 3085 calumnia
1924 3023 1987 3085 et
2018 3021 2319 3085 detractio
2360 3021 2617 3104 simplex
2650 3021 2848 3104 specie
2879 3039 3001 3085 non
3034 3020 3147 3084 dif-

678 3122 887 3187 ferunt
934 3143 993 3186 n.
1038 3123 1229 3187 1073.
1265 3125 1328 3187 et
1373 3126 1696 3207 peccatum
1735 3124 2060 3205 utriusque
2109 3123 2169 3187 in
2209 3142 2279 3188 eo
2313 3125 2408 3188 est
2454 3122 2620 3205 quod
2668 3124 2837 3187 fama
2884 3122 3143 3187 alterius

677 3229 996 3302 laedatur3
1049 3247 1228 3313 aegre
1273 3229 1669 3311 intelligitur,
1702 3229 2003 3293 iudicium
2051 3228 2450 3293 temerarium
2488 3231 2695 3294 mente
2725 3230 3038 3292 retentum
3077 3227 3139 3290 in

677 3350 743 3395 re
780 3331 959 3415 gravi
997 3350 1127 3395 esse
1151 3350 1341 3416 grave
1388 3334 1709 3413 peccatum
1758 3331 1822 3394 et
1865 3330 2306 3395 revelationem
2355 3331 2582 3396 occulti
2618 3331 2829 3416 gravis
2866 3331 3143 3395 criminis

678 3433 783 3497 uni
834 3435 948 3497 aut
995 3432 1173 3496 alteri
1220 3431 1453 3495 factam
1501 3450 1630 3496 esse
1675 3432 1811 3496 leve
1857 3434 2198 3516 peccatum.

771 3532 958 3606 1⁰91.
994 3536 1028 3572 *
1062 3534 1261 3619 Lug0,
1311 3535 1383 3596 ut
1429 3534 1555 3598 iam
1600 3528 1918 3599 innuimus
1963 3556 2023 3599 n.
2063 3536 2255 3600 1060.
2302 3539 2527 3613 censet,
2575 3534 3144 3600 manifestationem

678 3638 890 3724 gravis
936 3635 1172 3719 peccati
1206 3636 1429 3700 occulti
1477 3635 1711 3700 factam
1744 3638 1843 3702 vel
1876 3638 1986 3701 uni
2024 3638 2142 3702 soli
2188 3657 2378 3723 grave
2412 3657 2543 3702 esse
2574 3639 2917 3722 peccatum,
2951 3656 3144 3718 quam

678 3741 1050 3807 sententiam
1097 3742 1282 3804 vocat
1328 3759 1717 3804 communem
1750 3740 1898 3822 (etsi
1944 3760 2054 3824 pro
2088 3741 2397 3805 contraria
2428 3741 2579 3805 citet
2610 3738 3002 3818 Caletanum,
3037 3740 3149 3804 Pe·

678 3845 849 3906 trum
882 3841 1185 3918 Navarra,
1226 3840 1532 3920 Corduba,
1567 3841 1668 3920 Sa,
1709 3842 1942 3908 Graffis
1975 3845 2039 3907 et
2077 3844 2278 3906 Diana
2325 3842 2630 3907 dicentem
2678 3861 2816 3907 eam
2864 3842 3149 3926 probabi·

680 3945 833 4027 lem)
872 3945 935 4008 et
965 3962 1175 4007 veram
1209 3963 1315 4027 per
1346 3965 1409 4009 se
1440 3944 1768 4027 loquendo.
1801 3946 1990 4010 Ratio
2039 3948 2166 4020 est3
2202 3946 2350 4027 quia
2396 3948 2839 4011 nocumentum
2872 3947 2990 4011 hoc
3019 3964 3148 4010 non

683 4048 777 4110 est
800 4046 952 4110 leve.
978 4044 1117 4110 Hoc
1148 4049 1358 4111 autem
1390 4047 1874 4125 demonstratur,
1902 4048 2050 4130 quia
2075 4048 2453 4112 contumelia
2487 4048 2699 4133 gravis
2731 4047 2920 4112 alicui
2951 4047 3144 4113 etiam

683 4149 939 4214 remotis
971 4148 1223 4214 arbitris
1256 4152 1350 4213 est
1386 4169 1575 4234 grave
1607 4152 1948 4233 peccatum,
1984 4150 2129 4214 licet
2160 4150 2291 4214 eius
2322 4150 2620 4215 honorem
2650 4149 2860 4214 laedas
2893 4151 3148 4215 tantum

685 4253 849 4337 apud
896 4255 986 4316 te:
1038 4253 1216 4334 atqui
1259 4271 1381 4317 non
1430 4253 1631 4317 minor
1678 4254 1773 4317 est
1820 4252 2121 4337 obligatio
2170 4253 2505 4318 servandae
2551 4253 2774 4332 famae,
2809 4271 3000 4335 quam
3040 4254 3150 4318 ho-

684 4356 880 4426 noris;
916 4374 1062 4437 ergo
1094 4354 1334 4419 laedere
1365 4354 1555 4419 etiam
1587 4353 1821 4418 famam
1854 4355 2013 4436 apud
2048 4375 2243 4419 unum
2275 4355 2478 4420 solum
2527 4357 2736 4438 potest
2783 4373 2915 4420 esse
2948 4354 3155 4420 detra·

685 4457 809 4520 ctio
848 4457 1077 4539 gravia.

775 4557 1034 4633 Rursus,
1074 4558 1292 4622 mallet
1337 4577 1518 4642 saepe
1566 4559 1793 4642 aliquis
1839 4579 2023 4625 suum
2056 4560 2348 4625 delictum
2396 4562 2657 4626 revelari
2694 4561 2902 4626 decem
2951 4561 3160 4627 homi-
