3497 5147
734 405 841 464 740
911 420 1122 462 ruer.
1150 421 1230 463 vr.
1257 421 1418 463 sacr.
1440 421 1520 463 vr.
1549 421 1632 460 ma
1656 418 1848 461 sax-ro
1872 417 1949 457 m
1974 416 2135 458 >toxo
2161 416 2376 457 Parim.
2402 416 2737 458 mmmmm.
2761 417 2904 460 nun.
2930 421 2972 460 1.
3009 403 3199 478 [1003]

820 518 1277 603 Argumentum
1326 519 1541 583 autem
1587 519 1714 581 iam
1759 515 1900 580 inde
1935 535 1968 578 a
2017 513 2273 578 Rebello
2322 514 2695 597 productum
2737 518 2800 580 et
2832 515 2970 579 dein
3019 535 3055 579 a
3101 536 3194 580 ce-

733 620 880 684 teris
928 621 1119 684 etiam
1165 640 1417 703 prorsus
1466 621 1573 685 abs
1610 640 1675 684 re
1721 619 2075 700 repetitum,
2139 617 2434 680 nimirum
2482 616 2646 698 quod
2708 618 3020 700 sponsalia
3067 638 3188 682 non

730 724 877 790 dent
906 726 1005 789 ius
1042 726 1104 788 in
1152 744 1374 809 corpus
1422 726 1698 802 alterius,
1728 721 1954 788 additis
2002 720 2215 784 deinde
2250 721 2325 784 ad
2357 739 2487 785 rem
2523 720 2962 786 illustrandam
2998 742 3191 786 exem-

729 827 848 911 plis
886 831 1023 892 tum
1071 828 1329 892 ementis
1378 827 1642 902 vineam,
1676 825 1784 908 qui
1816 824 2090 889 nondum
2138 825 2239 886 ius
2283 825 2354 886 ‘in
2399 833 2467 886 re
2504 823 2732 889 habeat
2766 827 2828 890 et
2860 826 2979 890 viri
3010 825 3191 890 desti-

730 931 863 994 nati
911 931 989 994 ad
1034 930 1253 994 iudicis
1304 930 1596 1005 officium,
1632 927 1796 1011 quod
1842 931 2053 991 tamen
2099 927 2374 991 nondum
2406 928 2726 1010 acceperit,
2763 928 2898 1008 hoc,
2933 929 3186 1011 inquam

730 1034 1169 1117 argumentum
1214 1031 1369 1095 nihil
1416 1034 1510 1096 est
1555 1030 1672 1095 nisi
1718 1032 1946 1112 putum
1993 1029 2326 1111 sophisma.
2363 1029 2443 1092 Et
2473 1048 2620 1095 sane
2643 1049 2795 1094 num
2831 1031 2931 1095 ius
2966 1031 3030 1094 in
3061 1050 3190 1095 cor-

728 1153 843 1218 pus
877 1136 1133 1198 alterius
1158 1134 1511 1211 tribuimuS,
1548 1153 1687 1197 cum
1715 1131 1976 1195 dicimus
2009 1131 2350 1195 amicitiam
2373 1131 2471 1195 ius
2497 1133 2767 1198 tribuere
2796 1133 3181 1217 amplexandi

729 1241 841 1300 aut
874 1237 1189 1300 osculandi
1224 1236 1513 1310 amicum,
1556 1238 1665 1299 aut
1711 1233 1874 1298 idem
1907 1235 2002 1298 ius
2033 1234 2232 1297 inesse
2263 1235 2624 1317 parentibus
2658 1254 2805 1320 erga
2838 1235 3001 1302 filios
3034 1240 3182 1300 etc?

722 1337 1132 1422 Significatur
1180 1336 1483 1414 videlicet,
1532 1357 1666 1402 eam
1716 1354 1846 1400 esse
1873 1336 2289 1400 conditionem
2323 1337 2505 1400 amici
2532 1337 2607 1401 ad
2648 1338 2938 1414 amicum,
2972 1358 3181 1421 paren-

727 1443 866 1505 tum
914 1440 989 1504 ad
1036 1441 1199 1504 filios
1248 1442 1362 1504 etc.
1432 1443 1619 1522 atque
1675 1440 1865 1504 etiam
1922 1456 2287 1521 sponsorum
2355 1439 2636 1517 invicem,
2693 1442 2768 1504 ut
2831 1441 3178 1506 istiusmodi

729 1541 982 1608 affectus
1022 1544 1085 1607 et
1129 1542 1589 1608 benevolentiae
1638 1542 2016 1606 ostensiones
2064 1540 2344 1605 damnari
2381 1561 2499 1606 non
2542 1544 2784 1625 possint
2829 1564 2942 1609 ceu
2990 1545 3180 1609 statui

726 1664 939 1710 eorum
990 1646 1380 1729 incongruae.
1421 1644 1659 1728 Quippe
1705 1663 1847 1707 cum
1896 1662 2071 1707 amor
2114 1643 2233 1706 iste
2280 1643 2599 1727 legitimus
2632 1645 2714 1708 sit
2763 1647 2950 1728 atque
2995 1647 3182 1711 hone—

725 1749 860 1812 stus
908 1748 1079 1824 ade0,
1121 1751 1193 1812 ut
1225 1767 1273 1812 s.
1309 1747 1581 1811 Thomas
1624 1749 1690 1810 in
1737 1766 1788 1810 c.
1831 1746 1945 1809 ΙΙΙ.
1986 1745 2187 1809 Isaiae
2235 1765 2387 1810 vers.
2415 1747 2519 1810 fin.
2555 1765 2665 1812 ceu
2696 1752 2903 1812 actum
2933 1751 3181 1814 virtutis

726 1867 799 1912 ae
846 1851 1008 1912 vilae
1056 1853 1343 1913 aeternae
1380 1849 1766 1912 meritorium.
1811 1849 2058 1922 habeat,
2093 1847 2256 1930 quod
2289 1848 2515 1912 nmlier
2557 1850 2844 1913 decenter
2871 1870 2936 1914 se
2982 1855 3176 1927 ornet,

724 1957 796 2013 ut
824 1951 1079 2031 placeat
1110 1952 1260 2027 viro,
1295 1969 1473 2032 quem
1502 1952 1778 2030 accipe-re
1808 1949 1999 2022 debet,
2037 1951 2366 2014 honestum
2397 1949 2612 2016 itidem
2645 1954 2739 2016 est
2771 1954 3074 2019 eiusmodi
3106 1956 3181 2019 si-

723 2055 862 2140 gnis
893 2056 1086 2120 istum
1135 2069 1407 2119 amorem
1451 2055 1658 2119 fovere
1687 2080 1748 2118 ».

813 2154 1028 2229 1003.
1073 2185 1106 2216 «
1133 2157 1250 2222 Sed
1297 2178 1406 2223 nec
1453 2158 1866 2223 omittendum
1899 2158 2032 2222 heic
2064 2158 2233 2222 aliud
2265 2160 2600 2242 sophisma,
2641 2180 2676 2223 a
2711 2180 2833 2242 quo
2859 2180 2982 2226 non
3024 2163 3177 2227 satis

719 2260 974 2344 quidam
1022 2261 1085 2324 in
1133 2262 1249 2324 hac
1296 2262 1655 2343 quaestione
1701 2260 2026 2325 tractanda
2075 2263 2312 2324 cavent.
2348 2261 2448 2324 Ita
2482 2261 2776 2326 nimirum
2823 2262 3178 2329 delectatio-

720 2384 858 2428 nem
906 2383 1069 2428 mere
1116 2363 1470 2428 sensibilem·
1539 2381 1696 2445 quae
1742 2383 1802 2426 V.
1842 2382 1935 2446 gr.
1977 2383 2046 2426 ex
2083 2364 2258 2426 tactu
2292 2364 2479 2445 panni
2525 2364 2702 2428 serici
2749 2365 3056 2444 hauritur,
3093 2366 3174 2430 di·

719 2466 1051 2550 stinguunt
1101 2485 1135 2529 a
1169 2483 1443 2540 venerea,
1474 2467 1552 2528 ut
1584 2464 1636 2527 si
1673 2463 1921 2545 quidem
1954 2463 2282 2528 delectatio
2317 2485 2388 2528 ex
2426 2466 2712 2548 amplexu
2744 2471 3029 2551 percepto
3053 2487 3174 2534 non

719 2569 803 2633 sit
833 2568 943 2633 illa
980 2588 1144 2632 mere
1171 2566 1495 2642 sensibilis,
1522 2565 1649 2629 iam
1681 2565 1960 2629 habenda
1987 2566 2069 2630 sit
2093 2568 2165 2631 ut
2195 2586 2452 2632 venerea
2485 2568 2761 2653 graviter
2783 2569 3172 2650 damnabilis),

717 2674 965 2757 perinde
1016 2675 1249 2739 scilicet
1282 2693 1350 2737 ac
1382 2674 1435 2738 si
1467 2672 1540 2737 de
1575 2673 1948 2737 animalibus
1985 2675 2184 2738 brutis
2233 2678 2539 2760 ageretur.
2589 2676 2785 2759 Atqui
2829 2678 2894 2742 in
2927 2680 3173 2745 homine

716 2775 1008 2838 rationali
1026 2794 1144 2839 non
1163 2774 1599 2859 negligendum
1627 2776 1721 2840 est
1747 2775 1916 2839 aliud
1942 2777 2506 2854 elementum,unde
2531 2777 2995 2861 delectatio‘est,
3015 2803 3171 2866 quae

716 2894 911 2955 neque
958 2876 1033 2939 ad
1080 2895 1244 2940 mere
1290 2878 1639 2942 sensibilem
1685 2879 1863 2943 illam
1920 2879 2190 2943 revocari
2261 2881 2478 2963 possit,
2544 2900 2739 2963 neque
2784 2884 3012 2949 iterum
3060 2906 3170 2952 ceu

705 2976 971 3040 'venerea
1020 2977 1103 3040 sit
1148 2978 1512 3043 damnanda.
1579 2980 1658 3044 Et
1704 3000 1768 3045 re
1814 2980 2060 3062 quidem
2111 3000 2252 3045 vera
2300 3000 2449 3046 num
2497 2983 2731 3065 aliquid
2791 3005 2931 3050 cum
2996 2989 3171 3053 tactu

715 3076 881 3142 floris
930 3097 1254 3144 commune
1302 3079 1487 3145 habet
1533 3081 1883 3160 delectatiO,
1919 3098 2106 3164 quam
2162 3086 2361 3148 mater
2414 3086 2724 3168 experitur
2769 3086 2834 3151 in
2885 3090 3168 3172 amplexu

712 3179 825 3243 filii
873 3200 905 3244 e
958 3181 1119 3245 bello
1170 3183 1435 3246 reversi?
1467 3203 1624 3265 quae
1656 3184 1906 3266 quidem
1953 3185 2044 3248 ita
2090 3185 2152 3247 in
2202 3186 2504 3251 eiusmodi
2534 3188 2748 3252 haeret
2783 3191 3067 3273 amplexu
3093 3196 3172 3258 ut

711 3283 939 3347 centies
972 3283 1170 3347 filium
1199 3284 1511 3349 osculetur
1536 3304 1644 3349 nec
1677 3286 1783 3350 diu
1817 3287 1977 3350 sinet
2003 3305 2038 3349 a
2071 3288 2199 3351 suis
2246 3287 2410 3352 ulnis
2435 3289 2615 3354 illum
2650 3292 2874 3356 avelli?
2904 3294 3170 3381 Ergone,

711 3385 763 3449 si
810 3404 929 3450 non
980 3388 1306 3463 sensibilis,
1370 3387 1494 3453 ista
1543 3388 1660 3452 erit
1707 3388 2035 3453 delectatio
2096 3394 2406 3455 venerea?
2460 3390 2585 3457 Sua
2630 3393 2926 3461 nimirum
2978 3399 3165 3481 atque

707 3488 931 3554 indolis
981 3490 1227 3555 omnino
1276 3490 1551 3555 diversae
1597 3490 1890 3573 voluptas
1939 3510 2008 3556 ac
2053 3490 2380 3557 delectatio
2427 3494 2607 3571 inest,
2647 3496 2904 3577 ‘quando
2949 3499 3174 3565 ardens

708 3591 907 3655 cordis
958 3592 1211 3656 affectus
1285 3612 1391 3674 per
1437 3592 1739 3657 eiusmodi
1781 3594 1965 3677 ‘signa
2035 3613 2142 3659 seu
2213 3597 2592 3661 ostensiones
2637 3600 2835 3663 semet
2905 3601 3166 3667 effundit

707 3694 888 3776 inque
935 3693 1152 3757 iisdem
1201 3693 1554 3758 satisfacere
1602 3695 1719 3759 sibi
1769 3714 1839 3758 ac
1885 3696 2078 3760 veluti
2119 3698 2426 3779 quiescere
2461 3699 2724 3764 videtur.
2753 3700 3014 3781 Quoties
3051 3722 3162 3769 au-

706 3799 831 3860 tem
865 3796 963 3859 hic
1014 3796 1268 3859 affectus
1314 3795 1632 3880 legitimus
1680 3798 1763 3861 sit
1810 3799 1871 3862 et
1919 3799 2234 3876 honestus,
2267 3800 2331 3863 in
2377 3818 2509 3865 sese
2556 3801 2915 3870 effundendo
2951 3810 3162 3872 autem

702 3899 933 3962 limites
972 3899 1317 3962 honestatis
1367 3919 1437 3963 ac
1483 3899 1794 3965 decentiae
1825 3904 2045 3978 servet,
2081 3902 2229 3984 quid
2268 3905 2382 3977 est,
2415 3903 2478 3968 in
2517 3923 2639 3988 quo
2673 3905 3020 3987 damnetur,
3049 3915 3160 3974 aut

702 4020 1000 4085 quorsum
1026 3992 1167 4065 'huc
1213 4003 1545 4067 arcessitur
1588 4005 1829 4068 theoria
1861 4005 1971 4068 illa
2011 4005 2083 4069 de
2115 4004 2522 4071 delectatione
2569 4027 2734 4072 mere
2769 4010 3043 4075 sensibili
3081 4032 3150 4076 ac

701 4104 950 4188 propria
999 4105 1321 4169 contactus
1355 4105 1541 4188 panni
1589 4107 1806 4170 serici?
1843 4106 2072 4172 Exinde
2103 4127 2247 4173 vero
2279 4108 2673 4195 intelligitur,
2708 4130 2818 4175 cur
2854 4112 3155 4179 Auctores

702 4207 778 4272 ad
812 4207 1130 4290 amplexus
1179 4208 1243 4271 et
1291 4208 1499 4271 oscula
1546 4208 1902 4272 huiusmodi
1949 4209 2422 4288 cohonestanda,
2467 4213 2879 4279 ostensionem
2927 4216 3159 4281 amdris

702 4328 773 4372 ac
817 4309 1278 4373 benevolentiae
1312 4309 1703 4389 eiusdemque
1736 4308 2080 4375 fomentum
2112 4332 2222 4376 ceu
2253 4313 2438 4378 finem
2463 4314 2920 4396 quodammodo
2959 4320 3157 4402 operis

699 4408 1097 4473 intrinsecum
1150 4410 1490 4493 proferant;
1542 4411 1967 4492 quaestionem
2015 4417 2224 4478 autem
2272 4416 2343 4480 de
2390 4415 2815 4496 delectatione,
2851 4439 3009 4502 quae
3057 4423 3153 4486 vel

700 4511 910 4573 actum
957 4512 1307 4587 comitetur,
1359 4512 1455 4576 vel
1503 4513 1689 4577 etiam
1739 4533 1897 4596 quae
1944 4515 2102 4581 forte
2147 4518 2526 4597 intendatur,
2572 4520 2804 4585 addant
2853 4524 3031 4605 quasi
3082 4524 3154 4589 de

697 4631 781 4687 re,
817 4628 972 4693 quae
997 4633 1102 4694 per
1134 4613 1409 4678 accidens
1446 4615 1613 4679 actui
1647 4616 1882 4681 accedit
1922 4644 1982 4681 ».
