3497 5147
696 342 810 397 318
880 358 1093 399 macr.
1123 358 1200 398 vx.
1226 357 1387 400 siser.
1415 358 1456 398 1.
1487 358 1573 397 mr.
1597 357 1789 398 Panno
1813 357 2032 399 emm.
2056 357 2403 400 nnosmm..
2428 358 2563 400 car.
2590 359 2658 400 11.
2677 358 2822 402 nun.
2851 360 2944 400 111.
3015 345 3158 421 [4³0]

708 456 935 516 mortale,
961 453 1005 506 si
1043 468 1196 507 vacua
1222 453 1318 507 sint
1343 461 1393 507 et
1419 452 1460 506 si
1485 468 1632 507 causa
1660 453 1834 516 subsit,
1861 468 1951 507 nec
1977 453 2166 507 veniale
2189 457 2335 509 Suar.
2357 456 2530 509 Tamb.
2556 457 2588 508 l.
2617 471 2661 510 c.
2687 457 2739 524 S.
2767 459 2846 509 t.:
2876 456 2982 511 sine
3009 472 3156 512 causa

704 544 867 591 autem
907 537 1098 590 veniale
1135 552 1261 604 csse,
1288 540 1433 592 docet
1457 541 1599 591 Suar.
1622 538 1744 591 Con.
1774 546 1822 591 et
1858 537 1940 591 alii
1979 553 2221 594 commun.
2258 538 2371 593 licet
2406 542 2580 593 Tamb.
2609 544 2638 593 l.
2666 555 2710 592 c.
2735 555 2797 594 ex
2822 542 2887 594 sa
2924 549 3018 596 etc.
3047 557 3160 597 cou-

703 621 910 675 trarium
950 631 1147 676 censeat
1183 623 1473 689 probabile:
1516 622 1585 676 uti
1624 630 1672 676 et
1715 622 1758 676 si
1795 622 2070 690 corporalia
2112 625 2190 678 vel
2236 623 2566 689 purificatoria
2606 628 2831 678 laventur
2868 628 2930 677 ab
2969 625 3158 680 iisdem.

706 709 770 760 V.
790 711 962 762 Tamb.
982 711 1030 778 S.
1053 714 1102 763 2.
1128 710 1303 764 Cetera
1326 716 1504 774 autem,
1529 724 1652 775 quae
1674 708 2029 762 Eucharistiam
2049 709 2328 763 immediate
2349 725 2445 764 non
2471 715 2757 774 contingunt
2781 725 2871 765 nec
2898 711 3160 766 chrismate

700 799 967 858 unguntur,
984 800 1038 846 ut
1059 808 1276 860 mappaS,
1302 800 1467 847 vestes
1488 795 1836 856 sacerdotales,
1848 793 2125 848 immediate
2145 794 2427 860 contingere
2443 795 2671 849 omnibus
2689 796 2819 849 licet.
2833 798 2975 849 Suar.
2990 798 3157 861 Laym.

700 879 936 931 Tambur.
965 882 995 930 l.
1022 895 1064 932 c.
1093 878 1176 931 nbi
1199 893 1261 932 ex
1294 880 1439 931 Palae
1465 884 1558 932 etc.
1586 877 1717 932 idem
1742 878 1967 932 concedit
1990 881 2052 932 dc
2074 879 2322 945 reliquiis:
2349 879 2475 933 sicut
2510 879 2675 946 etiam,
2700 888 2756 934 ut
2780 884 2976 935 easdem
3004 881 3159 936 tbecis

698 961 915 1017 inclusas
952 979 1102 1031 penes
1141 979 1195 1018 se
1233 967 1443 1017 babeant
1482 966 1562 1018 vel
1587 963 1699 1018 laici
1721 964 1771 1017 in
1800 963 2011 1031 publicis
2044 964 2442 1031 processionibus
2475 972 2684 1030 gestent.
2709 968 2841 1020 idem
2879 969 3020 1021 docet
3042 982 3154 1021 cum

708 1050 876 1112 Laym.
903 1050 965 1103 de
992 1048 1172 1115 pyxide
1197 1048 1303 1102 sive
1328 1048 1517 1102 ciborio
1545 1056 1593 1103 et
1621 1051 1785 1102 lunula
1813 1049 2099 1108 benedictis,
2123 1052 2318 1116 quando
2342 1065 2532 1105 sacram
2557 1050 2913 1105 Eucharistiam
2939 1053 3153 1105 nondum

698 1132 1057 1187 continuerunt.
1081 1136 1197 1187 ltem
1225 1135 1285 1186 de
1311 1133 1664 1201 corporalibus
1690 1133 1836 1200 pallis
1858 1140 1908 1186 et
1933 1133 2292 1200 purificatoriis,
2315 1136 2507 1201 quando
2533 1143 2643 1203 post
2669 1150 2863 1189 sacrum
2891 1151 3031 1189 usum
3056 1139 3152 1188 lota

700 1223 833 1280 sunt,
861 1231 922 1270 ex
963 1220 1131 1282 Laym.
1159 1224 1208 1270 et
1246 1220 1453 1271 Bonae:
1479 1217 1579 1271 imo
1618 1218 1763 1271 etiam
1802 1224 1914 1272 ante
1952 1218 2200 1272 lotionem.
2229 1220 2398 1284 Laym.
2422 1221 2594 1274 Tamb.
2620 1221 2653 1274 l.
2679 1235 2722 1272 c.

786 1329 940 1392 Post
987 1349 1079 1403 ea,
1129 1349 1286 1410 quae
1332 1329 1630 1393 hactenus
1676 1327 1844 1392 dicta
1891 1330 2056 1403 sunt,
2097 1328 2415 1392 sufficiunt,
2461 1347 2618 1410 quae
2661 1329 2853 1393 habet
2897 1329 3152 1394 Auctor.

693 1428 792 1494 Cf.
824 1451 875 1494 r.
914 1433 1016 1495 10.
1051 1432 1125 1494 de
1156 1429 1435 1495 Euchar.
1471 1429 1538 1494 C.
1572 1431 1689 1496 III.
1724 1431 1802 1494 D.
1838 1433 1898 1495 5.

1766 1612 1927 1675 DUB.
1964 1611 2079 1674 III.

1700 1735 1803 1800 De
1852 1734 2153 1800 Simom‘a.

1611 1899 2141 1962 Alamannus
2187 1898 2239 1962 Ι.

802 2054 879 2104 Ll.
908 2054 1057 2116 Resp.
1078 2050 1293 2104 simonia
1321 2057 1394 2103 est
1422 2049 1642 2103 studiosa
1664 2051 1896 2102 voluntas
1921 2048 2114 2102 emendi
2139 2054 2221 2101 aut
2246 2047 2488 2102 vendendi
2505 2047 2665 2114 pretio
2692 2048 2943 2114 temporali
2968 2049 3153 2115 aliquid

698 2135 956 2203 spirituale
978 2137 1056 2188 vel
1076 2134 1318 2201 spirituali
1337 2149 1597 2187 annexum.
1618 2137 1668 2186 S.
1682 2135 1776 2188 Tb.
1800 2136 1847 2187 2.
1870 2137 1920 2186 2.
1934 2150 1980 2199 q.
2004 2136 2120 2186 too.
2138 2148 2183 2186 a.
2205 2135 2485 2198 t.1.aym.1.
2507 2133 2555 2186 t.
2576 2139 2720 2187 tract.
2741 2136 2823 2186 to.
2839 2149 2881 2187 c.
2896 2135 3051 2187 8.etc.
3070 2133 3155 2188 Di·

694 2221 827 2275 citur
856 2223 901 2274 l.
924 2219 1184 2275 voluntas
1210 2218 1428 2274 eruendi
1451 2226 1559 2283 etc.,
1582 2218 1764 2284 quibus
1781 2217 1950 2272 verbis
1975 2217 2261 2282 intelligitur
2285 2215 2449 2283 quivis
2471 2223 2752 2271 contractus
2770 2231 3028 2283 onerosus,
3046 2218 3154 2272 sive

706 2304 1003 2359 venditionis
1041 2304 1146 2359 sive
1173 2304 1429 2359 locationis
1459 2304 1565 2358 sive
1592 2302 1966 2370 permutationis
1990 2310 2075 2357 aut
2098 2303 2473 2357 renuntiationis
2484 2318 2500 2369 ;
2525 2302 2639 2369 quia
2668 2303 2875 2357 simonia
2909 2319 3007 2358 non
3043 2319 3155 2358 con·

699 2390 829 2444 sistit
866 2390 972 2444 sine
1010 2390 1234 2456 pactione
1273 2389 1431 2457 aliqua
1458 2389 1602 2443 tacita
1629 2391 1708 2443 vel
1736 2403 1969 2456 expressa
1995 2395 2044 2443 et
2078 2387 2373 2453 obligatione
2395 2402 2457 2442 ex
2495 2395 2655 2454 pacto.
2683 2390 2827 2456 Quod
2865 2390 3013 2454 addo,
3040 2389 3151 2455 quia

705 2475 941 2541 obligatio
969 2476 1203 2530 naturalis
1227 2489 1575 2541 quaecumque,
1600 2483 1651 2528 ut
1675 2472 1985 2538 gratitudinis
2016 2473 2122 2527 sive
2147 2472 2434 2526 antidoralis
2456 2488 2553 2526 non
2579 2472 2774 2534 sufficit,
2793 2487 2845 2525 v.
2863 2487 2938 2537 gr.
2959 2476 3151 2539 quando

699 2560 810 2627 quis
847 2568 1010 2629 sperat
1050 2564 1128 2614 vel
1159 2559 1366 2613 intendit
1390 2565 1591 2621 tantum,
1617 2575 1714 2613 non
1741 2565 1900 2613 tamen
1926 2556 2127 2623 obligat.
2151 2558 2233 2624 Se,
2260 2573 2310 2613 v.
2330 2557 2601 2614 simnia.
2621 2557 2764 2613 Ratio
2788 2564 2882 2625 est,
2913 2558 3028 2626 quia
3053 2575 3149 2613 non

695 2646 811 2700 tacit
836 2653 1164 2699 contractum.
1195 2647 1255 2698 V.
1285 2648 1404 2698 Bon.
1430 2644 1495 2698 de
1518 2644 1728 2700 Simon.
1747 2647 1795 2698 d.
1825 2648 1872 2697 l.
1898 2660 1944 2709 q.
1972 2646 2021 2697 6.
2049 2660 2096 2711 p.
2121 2647 2166 2697 l.
2187 2647 2323 2698 Less.
2351 2647 2382 2697 l.
2411 2647 2459 2697 2.
2486 2660 2530 2699 e.
2557 2646 2644 2699 35.
2663 2646 2713 2699 (1.
2734 2647 2822 2699 20.
2846 2643 2983 2698 *Hac
3008 2647 3072 2700 de
3096 2661 3150 2700 re

700 2731 815 2783 vide
838 2734 1047 2796 propos,
1076 2731 1159 2782 45.
1181 2729 1308 2782 inter
1337 2729 1635 2796 proscriptas
1661 2745 1686 2782 a
1716 2733 1851 2783 Sum.
1879 2732 2017 2783 Pont.
2039 2732 2202 2782 lnnoc.
2223 2730 2309 2782 Xl.
2332 2727 2523 2781 Dicitur
2549 2731 2597 2781 2.
2616 2728 2800 2798 pretio
2826 2728 3147 2799 temporali:

704 2814 810 2867 sive
836 2813 956 2866 illud
983 2812 1046 2867 sit
1072 2812 1303 2877 muneris,
1330 2811 1437 2867 sive
1462 2813 1670 2877 linguae,
1702 2819 1757 2865 ut
1781 2821 1854 2867 est
1881 2817 2003 2876 lauS,
2027 2811 2341 2879 vituperium,
2363 2811 2700 2878 patrocinium,
2718 2810 2827 2865 sive
2851 2813 3079 2880 obsequii
3103 2821 3148 2867 et

696 2901 975 2952 famulatus,
1005 2897 1213 2951 Dicitur.
1241 2900 1290 2950 3.
1325 2897 1650 2967 spirituale:
1676 2912 1774 2963 quo
1799 2897 1995 2951 nomine
2018 2896 2303 2962 intelligitur
2326 2911 2408 2950 res
2442 2896 2832 2963 supernaturalis
2856 2899 2918 2951 ad
2944 2900 3149 2952 salutem

696 2984 939 3049 ordinata,
965 2986 1071 3039 sive
1109 2985 1174 3040 sit
1211 2986 1478 3040 formaliter
1514 2986 1642 3047 talis,
1672 2994 1723 3039 ut
1753 2985 1908 3050 gratia
1945 2994 1995 3040 et
2033 2988 2158 3039 dona
2198 2984 2406 3052 Spiritus
2440 2984 2624 3039 sancti:
2649 2984 2758 3039 sive
2795 2986 3076 3053 causaliter,
3099 2995 3149 3040 ut

692 3079 805 3125 sunt
843 3074 1173 3136 Sacramenta,
1212 3070 1398 3133 conci0‚
1429 3085 1601 3137 preces
1639 3079 1688 3124 et
1727 3070 2127 3124 sacramentalia:
2167 3070 2274 3123 sive
2309 3070 2373 3123 sit
2410 3073 2611 3124 effectus
2647 3076 2695 3122 et
2734 3085 2854 3124 usus
2895 3071 3148 3137 potestatis

696 3158 1103 3225 supernaturalis
1127 3164 1180 3210 ut
1198 3156 1519 3217 consecratio,
1539 3156 1803 3221 absolutio,
1824 3155 2140 3221 dispensatio,
2163 3155 2453 3220 benedictio,
2475 3155 2933 3221 excommunicatiO,
2955 3156 3145 3221 electio,

693 3243 1039 3308 praesentatio,
1062 3242 1377 3305 conssrmati0,
1401 3240 1597 3295 collatio
1623 3239 1844 3293 beneficii
1868 3240 2045 3306 aliique
2069 3247 2204 3293 actus
2226 3239 2578 3294 iurisdictionis
2595 3239 2989 3295 Ecclesiasticae.
3019 3240 3138 3294 Dici·

686 3334 768 3379 tur
810 3328 858 3379 t.
889 3325 1177 3396 spirituali
1198 3340 1502 3391 annexum,
1529 3328 1588 3379 ad
1616 3328 2125 3392 comprehendendum
2150 3340 2224 3393 ea,
2243 3339 2370 3391 quae
2393 3339 2489 3379 non
2518 3332 2629 3378 sunt
2653 3339 2743 3391 per
2774 3341 2829 3380 se
2853 3325 3141 3393 spiritualia,

685 3413 773 3466 sed
801 3413 861 3465 ad
891 3426 947 3466 ea
974 3412 1259 3466 ordinantur
1295 3412 1453 3477 iisque
1490 3417 1603 3464 sunt
1639 3424 1843 3474 annexa,
1871 3410 1979 3465 sive
2017 3412 2375 3473 antecedenter,
2402 3417 2455 3464 ut
2489 3410 2569 3465 ius
2605 3415 2894 3476 patronatus
2918 3417 3140 3478 respectu

690 3498 929 3559 beneficii,
956 3513 1073 3551 vasa
1112 3504 1159 3551 et
1199 3505 1365 3551 vestes
1403 3511 1570 3551 sacrae
1610 3504 1836 3563 respectu
1868 3499 2319 3550 sacramentorum:
2353 3495 2460 3550 sive
2496 3496 2899 3563 concomitanter‚
2922 3504 2975 3550 ut
3008 3499 3143 3550 labor

682 3583 734 3637 in
773 3582 1195 3637 administratione
1234 3585 1680 3649 sacramentorum,
1704 3581 1842 3635 iuxta
1882 3596 2077 3636 sensum
2103 3580 2225 3634 intra
2252 3579 2534 3635 dicendum:
2561 3580 2670 3634 sive
2692 3589 3067 3647 consequenter,
3092 3588 3140 3633 ut

689 3668 875 3722 reditus
913 3666 1274 3729 beneficiorum,
1295 3666 1379 3733 qui
1398 3668 1575 3719 dantur
1593 3675 1796 3733 propter
1815 3665 2026 3719 officium
2049 3664 2317 3732 spirituale.
2331 3666 2471 3719 Unde
2491 3670 2638 3732 patet,
2656 3665 2890 3719 malitiam
2910 3665 3141 3720 simoniae

704 3753 971 3805 consistere
990 3751 1038 3805 in
1059 3750 1389 3813 irreverentia,
1410 3766 1534 3817 quae
1551 3750 1884 3813 committitur,
1905 3754 2018 3804 dum
2046 3765 2125 3803 res
2150 3749 2429 3817 spirituales
2451 3749 2604 3803 instar
2624 3750 2966 3816 temporalium
2989 3749 3140 3817 pretio

701 3835 1020 3888 aestimantur
1056 3842 1103 3888 et
1144 3836 1478 3889 contractibus
1512 3836 1838 3889 subiiciuntur
1873 3842 2018 3901 atque
2054 3849 2162 3888 esse
2199 3839 2454 3900 peccatum
2491 3836 2697 3887 mortale
2736 3848 2798 3888 ex
2834 3848 3019 3899 genere
3052 3848 3138 3887 suo

693 3932 783 3972 nec
824 3919 1013 3973 veniale
1050 3920 1156 3973 fleri
1194 3935 1341 3986 posse
1378 3935 1438 3975 ex
1478 3921 1708 3975 materiae
1746 3919 1975 3987 levitate3
1997 3918 2109 3986 quia
2136 3922 2319 3973 nullum
2346 3920 2525 3972 donum
2552 3916 2756 3982 gratiae,
2773 3918 2890 3973 licet
2916 3932 3136 3985 parvum,

692 4010 856 4069 potest
895 4004 1039 4056 vendi
1077 4004 1179 4058 sine
1217 4005 1357 4069 gravi
1394 4005 1712 4058 irreverentia
1752 4012 1852 4058 tum
1891 4004 2149 4071 ipsiusmet
2182 4002 2315 4067 doni,
2341 4008 2444 4056 tum
2479 4001 2628 4056 etiam
2653 4001 2763 4055 Dei.
2787 4003 3139 4056 Potesttamen

682 4104 795 4144 esse
835 4089 1023 4143 veniale
1054 4093 1116 4142 ob
1155 4097 1293 4144 actus
1319 4089 1734 4156 imperfectionem
1764 4097 1813 4142 et
1853 4087 2191 4152 ignorantiam.
2230 4092 2370 4141 Suar.
2399 4094 2434 4140 t.
2477 4089 2527 4140 3.
2554 4085 2621 4141 de
2647 4085 2756 4140 Bel.
2784 4089 2814 4139 l.
2844 4087 2893 4140 t.
2921 4102 3028 4154 cap.
3057 4087 3138 4139 36.

681 4179 828 4238 Azor,
856 4176 964 4230 Fill.
993 4178 1160 4240 Laym.
1190 4179 1221 4228 l.
1248 4192 1290 4229 c.
1318 4179 1452 4229 Less.
1478 4176 1511 4229 1.
1539 4178 1587 4227 2.
1614 4189 1657 4227 c.
1685 4176 1769 4227 35.
1798 4176 1845 4225 d.
1880 4175 1925 4227 t.

771 4280 953 4355 43⁰.
982 4285 1268 4349 Tenenda
1315 4285 1411 4348 est
1442 4284 1785 4348 communis
1811 4286 2025 4349 eontra
2057 4303 2283 4367 paucos
2309 4282 2606 4359 doctrina,
2633 4282 2965 4347 simoniam
3011 4302 3140 4348 esse

687 4388 953 4471 speeiem
991 4387 1320 4470 sacrilegii,
1358 4385 1669 4467 sacrilegii
1715 4406 1932 4469 nempe
1967 4386 2179 4459 realis,
2213 4405 2334 4468 quo
2381 4386 2784 4450 irreverenter
2828 4405 2926 4450 res
2964 4406 3138 4451 sacra

674 4492 1116 4573 pertractatur.
1152 4488 1291 4553 Vid.
1328 4486 1504 4552 Suar.
1544 4487 1619 4551 de
1667 4487 1902 4553 Simon.
1950 4508 2084 4572 cap.
2122 4490 2180 4553 1.
2213 4510 2273 4553 n.
2313 4489 2370 4552 7.
2404 4490 2468 4554 et
2512 4488 2892 4573 Sehmalzgr.
2930 4490 3037 4555 lib.
3073 4492 3134 4555 5.

676 4594 781 4656 tit.
818 4595 878 4655 3.
920 4612 977 4654 n.
1010 4593 1110 4654 12.
1139 4591 1327 4656 Ratio
1362 4593 1473 4669 est,
1508 4592 1654 4674 quia
1686 4592 1961 4657 definitio
1995 4591 2303 4676 sacrilegii
2335 4592 2428 4655 est
2465 4590 2718 4654 violatio
2747 4591 2844 4654 rei
2872 4610 3090 4656 sacrae
3110 4613 3137 4667 ,·
