3497 5147
730 335 838 392 742
908 346 1119 389 maer.
1141 347 1221 388 vn
1242 345 1407 387 sacr.
1435 345 1515 387 vr.
1531 345 1616 385 11111
1637 344 1827 386 31111το
1854 347 1930 385 m
1956 344 2117 386 nouo
2136 344 2356 386 Panno.
2377 343 2709 386 Dnonnoar.
2735 345 2879 386 nun.
2903 345 2969 385 11.
3009 331 3186 407 [1004]

731 444 1029 529 Apposite
1072 442 1432 506 Filliuccius
1491 444 1570 506 tr.
1625 443 1726 505 10.
1778 462 1829 506 c.
1866 443 1926 506 9.
1967 462 2026 505 n.
2070 442 2219 506 357.
2270 460 2518 506 sensum
2572 441 2797 506 horum
2843 442 3189 508 Auctorum

728 545 1001 623 reddenS,
1034 546 1120 609 sic
1165 544 1378 608 habet:
1421 542 1494 608 Si
1530 565 1657 609 non
1686 546 1821 609 sint
1849 543 2169 625 impudici,
2203 543 2313 608 hoc
2361 549 2473 622 est,
2509 546 2643 609 sint
2662 546 2734 610 in
2756 546 3055 628 partibus
3091 545 3189 610 ho-

728 648 941 722 uestis,
990 650 1064 708 ut
1105 644 1334 722 oscula,
1372 646 1718 727 amplexus,
1755 651 1954 710 tactus
1984 667 2283 710 manuum
2319 652 2381 710 et
2420 647 2678 722 similes,
2705 646 2913 725 licent,
2946 649 3190 713 eti'amsi

728 748 1063 814 intendant
1109 748 1381 831 (sponsi)
1432 747 1507 812 de
1552 749 1635 812 iis
1680 753 1932 828 captare
1980 747 2442 814 delectationem
2474 750 2857 830 sensitivam,
2905 770 3034 814 non
3076 771 3189 814 azi-

733 859 851 918 tem
895 871 1232 915 veneream.
1282 850 1478 914 Ratio
1525 856 1635 928 est,
1683 851 1836 933 quia
1880 854 1954 915 ut
1980 851 2449 915 matrimonium
2480 850 2554 915 de
2587 852 2921 932 praesenti
2950 850 3193 916 cohone—

731 959 861 1021 stat
916 954 1218 1034 copulam,
1267 954 1356 1019 sic
1423 953 1765 1034 sponsalia,
1817 974 1974 1035 qua-e
2019 958 2170 1018 sunt
2214 953 2527 1019 inchoatio
2589 953 2894 1035 quaedam
2962 960 3196 1018 remota

729 1060 1136 1135 matrimonii,
1183 1057 1584 1123 cohonestavit
1627 1062 1828 1123 taetus
1875 1058 2038 1135 illos,
2102 1060 2211 1140 qui
2275 1063 2428 1123 sunt
2469 1058 2782 1123 inchoatio
2828 1061 3065 1121 remota
3109 1055 3195 1120 ad

734 1161 1032 1244 copulam.
1074 1161 1268 1226 Caiet.
1302 1161 1565 1226 Navarr.
1601 1161 1800 1244 Lopez
1841 1161 2041 1224 etalii
2064 1182 2202 1225 cum
2233 1159 2522 1227 Sanchez.
2556 1162 2647 1226 Ex
2679 1162 2906 1244 quibus
2940 1162 3194 1244 apparet

731 1266 1189 1331 inchoationem
1236 1264 1451 1345 utique
1499 1264 1818 1348 appellari,
1851 1265 1944 1328 ita
1975 1266 2186 1329 tamen
2221 1267 2295 1328 ut
2326 1265 2527 1347 ipsam
2565 1283 2889 1329 veneream
2937 1262 3195 1327 delecta-

737 1368 971 1432 tionem
1018 1366 1302 1431 excludat
1342 1392 1402 1430 ».

830 1463 1041 1539 1004.
1085 1493 1119 1527 «
1152 1469 1317 1533 1113(1
1348 1469 1539 1534 etiam
1570 1469 1704 1533 heic
1737 1470 2152 1535 omittendum
2184 1489 2305 1534 non
2332 1470 2445 1547 est,
2472 1489 2522 1534 3.
2556 1469 2951 1553 Alphonsum
2980 1469 3044 1533 in
3077 1470 3193 1535 hac

737 1574 1096 1658 quaestione
1111 1573 1468 1638 nullatenus
1489 1573 1974 1657 propositionem
1994 1575 2098 1637 40.
2120 1593 2190 1638 ex
2209 1573 2569 1657 proscriptis
2589 1573 2667 1636 ab
2681 1571 3031 1637 Alexandro
3048 1572 3192 1637 VII.

737 1678 1047 1753 obiecisse,
1075 1696 1233 1758 quae
1266 1677 1353 1740 sic
1385 1678 1595 1741 sonat:
1627 1675 1755 1741 Est
1772 1675 2123 1756 probabilis
2155 1676 2386 1757 opinio,
2414 1695 2572 1757 quae
2604 1675 2759 1739 dicit
2791 1694 2922 1739 esse
2956 1679 3196 1738 tantum

736 1779 975 1844 veniale
1000 1778 1275 1842 osculum
1298 1778 1578 1842 habitum
1608 1779 1681 1843 ob
1707 1778 2173 1843 delectationem
2196 1777 2515 1843 carnalem
2548 1781 2610 1841 et
2636 1776 3015 1854 sensibilem,
3041 1796 3197 1858 quae

741 1902 818 1946 ea:
852 1880 1056 1945 osculo
1102 1882 1325 1956 oritur,
1371 1880 1608 1946 secluso
1634 1880 1917 1962 periculo
1963 1900 2296 1946 consensus
2341 1879 2666 1944 ulterioris
2702 1884 2765 1943 et
2799 1877 3196 1959 pollutionis.

740 1984 989 2066 Duplici
1022 1986 1233 2047 autem
1264 2002 1335 2047 ex
1367 2003 1554 2048 causa
1586 1983 1986 2067 repetendum
2017 1984 2080 2048 id
2114 1983 2375 2048 videtur.
2410 1983 2575 2047 Nam
2611 1982 2810 2066 primo
2844 1981 3094 2064 quidem
3127 2001 3197 2046 ea

737 2085 1079 2170 propositio
1117 2085 1398 2168 loquitur
1422 2086 1495 2151 de
1526 2087 1934 2152 delectatione
1972 2085 2223 2150 carnali
2259 2087 2319 2150 h.
2356 2106 2406 2150 e.
2441 2105 2720 2162 venerea,
2748 2084 2821 2148 de
2854 2103 2978 2167 qua
3011 2104 3201 2168 quae-

742 2188 862 2253 stio
910 2206 1032 2252 non
1079 2191 1200 2252 est:
1236 2186 1358 2252 vid.
1393 2189 1631 2254 Duarte
1664 2190 1743 2252 ad
1774 2190 1930 2253 hanc
1964 2208 2207 2273 propos.
2242 2210 2302 2253 n.
2345 2190 2495 2253 489.
2533 2189 2596 2252 et
2626 2187 2789 2251 Viva
2838 2187 2915 2251 ad
2948 2188 3203 2252 eandem

742 2309 913 2374 prop.
956 2311 1012 2354 n.
1050 2291 1141 2355 3.:
1174 2291 1317 2355 hinc
1348 2311 1396 2356 3.
1431 2291 1788 2375 Alphonsus
1820 2293 1927 2357 lib.
1964 2293 2024 2356 3.
2059 2313 2119 2355 n.
2155 2293 2304 2355 4152
2339 2291 2464 2356 ista
2504 2290 2925 2374 propositione
2971 2290 3197 2363 utitur,

740 2397 815 2458 ut
860 2394 1235 2476 parvitatem
1284 2394 1580 2458 materiae
1627 2394 1690 2458 in
1737 2413 1801 2457 re
1840 2413 2096 2458 venerea
2129 2413 2251 2458 1103
2292 2393 2426 2457 dari
2458 2392 2720 2457 evincat.
2769 2391 3005 2456 Deinde
3058 2411 3200 2457 vero

742 2497 961 2582 (etiam
1000 2498 1411 2562 abstrahendo
1451 2518 1487 2561 3
1536 2497 1963 2563 delectationis
2012 2499 2236 2583 specie)
2269 2498 2612 2583 propositio
2653 2498 2777 2563 ista
2815 2499 3198 2582 exceptiones

741 2601 1039 2676 admittit,
1075 2601 1170 2665 uti
1202 2602 1377 2683 patet
1408 2620 1479 2664 ex
1525 2600 1897 2685 coniugatis.
1946 2601 2348 2684 Exceptiones
2381 2603 2593 2666 autem
2638 2620 2761 2666 non
2794 2620 2867 2665 ex
2897 2601 3034 2685 ipsa
3066 2620 3200 2684 pro-

741 2703 1045 2787 positione
1098 2701 1479 2783 quaerendae
1510 2705 1676 2781 sunt,
1725 2723 1869 2767 cum
1915 2704 2119 2767 nullas
2166 2703 2491 2787 praeferat,
2543 2702 2649 2768 sed
2701 2723 2772 2768 ex
2818 2721 3003 2767 sensu
3036 2702 3204 2767 scho-

738 2806 943 2869 larum
991 2802 1456 2870 catholicarum.
1513 2807 1710 2888 Atqui
1757 2807 2098 2872 catholicae
2156 2806 2402 2871 scholae
2458 2807 2907 2888 quaestionem,
2958 2807 3032 2870 de
3077 2824 3201 2888 qua

743 2906 988 2991 agimus
1025 2905 1185 2970 circa
1218 2925 1493 2989 sponsos,
1528 2927 1599 2973 ea
1645 2911 2066 2993 propositione
2114 2909 2413 2973 contineri
2445 2929 2520 2973 ne
2568 2909 2918 2991 suspicatae
2950 2907 3198 2990 quidem

743 3009 894 3073 sunt
918 3033 977 3071 ».

838 3136 872 3170 «
904 3111 1000 3176 Ad
1048 3131 1205 3194 quae
1253 3113 1367 3178 hoc
1414 3114 1615 3180 solum
1665 3115 1969 3180 addidisse
2001 3114 2248 3191 iuverit,
2297 3114 2360 3178 in
2393 3112 2697 3179 eiusmodi
2730 3112 3198 3195 quaestionibus

741 3215 1079 3299 plurimum
1126 3216 1409 3299 prodesse
1457 3218 1938 3295 distinctionem,
1995 3237 2118 3301 qua
2166 3219 2228 3281 et
2275 3237 2322 3282 3.
2372 3217 2729 3301 Alphonsus
2781 3215 2932 3280 alibi
2975 3215 3086 3280 lib.
3135 3215 3196 3278 3.

738 3337 798 3382 n.
832 3318 982 3382 416.
1025 3319 1245 3395 utitur,
1278 3321 1572 3385 nimirum
1605 3321 1775 3385 aliud
1815 3340 1944 3385 esse
1984 3340 2163 3405 agere
2195 3322 2445 3404 propter
2475 3319 2967 3397 delectationem,
3018 3315 3187 3381 aliud

741 3439 923 3506 agere
954 3440 1096 3486 cum
1135 3422 1541 3487 delectatione
1567 3449 1627 3487 ».
1663 3424 1981 3488 Hactenus
2019 3423 2092 3487 B.

1831 3618 1994 3681 DUB.
2031 3618 2112 3680 II.

1077 3755 1246 3836 Quae
1282 3756 1417 3821 sint
1442 3757 1673 3837 species
1711 3755 2003 3820 luxuriae
2035 3760 2490 3820 consummatae
2522 3753 2871 3819 naturales

851 3929 965 3981 XV.
994 3930 1140 3996 Resp.
1179 3933 1277 3983 Eae
1314 3929 1558 3993 dicuntur,
1585 3929 1632 3983 in
1672 3930 1852 3995 quibus
1892 3932 1946 3983 nt
1983 3928 2268 3983 commixtio
2306 3942 2365 3981 eo
2405 3929 2569 3991 mode,
2609 3943 2706 3994 quo
2747 3935 2919 3980 natura
2960 3925 3204 3980 instituit:

743 4025 792 4066 v.
820 4028 891 4077 gr.
917 4015 1111 4080 quando
1149 4022 1411 4068 servantur
1449 4030 1595 4069 sexus
1633 4015 1877 4076 diversus,
1904 4014 2095 4081 species
2132 4016 2317 4076 eadem,
2348 4027 2434 4066 vas
2458 4020 2510 4066 et
2545 4014 2720 4067 modus
2758 4011 2995 4066 naturalis
3019 4019 3112 4065 etc.
3140 4012 3206 4066 Ut

746 4098 858 4152 vide
894 4099 943 4151 in
983 4099 1137 4167 princ.
1162 4101 1308 4154 huius
1343 4116 1449 4168 cap.

833 4236 1043 4310 1005.
1079 4240 1339 4305 Peccata
1372 4241 1803 4305 consummata
1828 4238 1949 4303 sita
1983 4241 2129 4303 sunt
2159 4239 2222 4303 in
2247 4258 2366 4304 usu
2390 4238 2742 4303 inordinato
2776 4255 3196 4312 venereorum,

741 4345 805 4408 in
838 4364 960 4427 quo
993 4343 1325 4408 intervenit
1355 4341 1579 4407 decisio
1619 4340 1889 4405 seminis.
1931 4340 2012 4405 Et
2058 4341 2349 4405 dicuntur
2380 4340 2715 4405 secundum
2765 4342 3078 4415 naturam,
3115 4358 3206 4403 ra-

746 4448 913 4512 tione
960 4446 1175 4511 habita
1224 4447 1420 4521 30133,
1472 4463 1591 4508 303
1645 4443 1922 4522 31013113,
1988 4444 2090 4508 sed
2138 4444 2395 4529 physici,
2446 4445 2752 4526 quatenus
2799 4442 2865 4506 in
2926 4442 3044 4506 hoc
3088 4459 3207 4506 usu

739 4551 1025 4612 servatur
1055 4548 1117 4610 id
1166 4546 1331 4630 quod
1371 4566 1407 4610 a
1440 4548 1667 4611 natura
1700 4546 1778 4610 ad
1811 4547 2020 4611 actum
2059 4547 2509 4632 praestitutum
2552 4547 2668 4611 est.
