3497 5147
398 320 588 396 [1060]
853 335 1005 383 Qum
1043 335 1139 377 sn·
1179 335 1467 391 susmcro,
1507 337 1798 379 nmmum
1833 338 2247 381 marmanum
2284 340 2414 381 mc.
2758 328 2864 385 787

407 432 858 497 demnabimur.
891 431 1064 496 Haec
1100 432 1310 497 tamen
1342 432 1793 512 condemnatiO,
1825 436 2131 516 quatenus
2164 437 2260 500 est
2281 456 2352 501 ex
2384 439 2559 520 parte
2581 439 2716 516 Dei,
2742 459 2863 505 non

398 536 501 601 est
521 533 865 600 necessario
898 533 1331 599 condemnatio
1365 534 1441 599 ad
1475 554 1735 618 poenam
1768 538 2104 617 aeternam,
2133 539 2238 603 sed
2269 541 2632 625 simpliciter
2654 543 2863 625 aliqua

406 639 841 707 condemnatio
888 637 1019 703 sive
1064 638 1225 704 bono
1273 638 1521 720 privans
1563 640 1692 703 sive
1722 640 1963 705 malum
1992 641 2275 720 inferens,
2309 644 2672 726 praesertim
2703 645 2863 710 circa

402 743 658 808 famam.
693 741 1028 807 Rationem
1051 740 1471 824 theologicam
1492 740 1581 804 sic
1613 741 1794 806 affert
1816 742 1992 826 Lugo
2018 742 2164 807 ibid.
2205 769 2239 802 «
2264 742 2425 824 Quia
2445 747 2866 830 unusquisque

402 847 500 910 ius
545 844 737 908 habet
782 843 861 908 ad
907 843 1222 926 propriam
1266 841 1502 907 famam
1546 843 1930 908 retinendam
1977 844 2142 926 apud
2188 846 2378 912 alios:
2435 873 2470 906 «
2510 867 2656 932 ergo
2704 849 2867 914 sicut

404 964 729 1032 peccamus
761 947 980 1011 contra
1009 945 1341 1023 iustitiam,
1374 945 1553 1009 illam
1583 945 1747 1028 apud
1767 946 1924 1011 alios
1955 947 2229 1013 tollendo
2262 968 2370 1031 per
2398 949 2864 1029 detractionem,

401 1050 490 1115 sic
541 1050 734 1114 etiam
779 1047 944 1131 apud
989 1047 1402 1130 nosmetipsos
1447 1067 1554 1130 per
1583 1047 1884 1112 iudicium
1921 1049 2338 1115 temerarium.
2389 1050 2687 1131 SecundO,
2720 1055 2867 1135 quia

406 1152 557 1216 haec
579 1150 809 1215 iudicia
832 1150 1087 1233 pariunt
1110 1168 1181 1213 ex
1204 1168 1269 1213 se
1292 1149 1557 1233 proximi
1580 1150 2027 1232 contemptum,
2045 1151 2392 1233 impediunt
2423 1153 2554 1218 eius
2571 1155 2866 1219 honorem

407 1255 730 1318 externum
761 1254 826 1316 et
855 1253 1035 1335 plura
1068 1252 1192 1316 alia
1216 1252 1558 1317 commoda.
1585 1251 1677 1315 Ex
1707 1271 1830 1334 quo
1861 1252 1954 1330 fit,
1994 1253 2273 1318 homines
2298 1255 2665 1338 gravissime
2687 1256 2863 1333 ferre,

404 1355 650 1438 quando
684 1355 889 1419 sciunt
934 1373 999 1419 se
1031 1354 1109 1418 ab
1142 1354 1279 1418 aliis
1328 1355 1557 1419 temere
1586 1353 1851 1418 iudicari
1881 1357 1944 1419 et
1980 1355 2392 1435 condemnari,
2428 1357 2675 1421 etiamsi
2703 1357 2866 1421 iudi-

405 1460 572 1523 cium
617 1478 741 1524 non
788 1457 1127 1542 prodiverit
1169 1458 1235 1522 in
1279 1456 1726 1522 detractionem
1774 1460 2089 1522 externam
2136 1483 2196 1522 ».
2248 1458 2435 1523 Ratio
2484 1477 2630 1544 ergo
2677 1459 2865 1524 huius

404 1562 642 1645 peccati
678 1561 801 1625 sita
849 1563 944 1626 est
987 1561 1053 1624 in
1099 1559 1326 1624 iniuria
1371 1559 1549 1645 gravi
1597 1561 1814 1623 contra
1860 1559 2192 1637 iustitiam,
2242 1579 2400 1642 quae
2444 1560 2673 1624 iniuria
2719 1580 2864 1626 vera

403 1664 518 1741 est,
567 1665 687 1729 etsi
732 1664 978 1728 nullum
1024 1663 1320 1726 damnum
1358 1660 1732 1725 extrinsecus
1772 1663 2088 1743 sequatur.
2122 1658 2214 1725 Cf.
2249 1681 2308 1725 n.
2352 1663 2458 1726 21.
2492 1664 2527 1700 *

496 1767 591 1831 Ad
644 1767 1018 1832 noscendam
1070 1765 1401 1829 materiam
1453 1782 1708 1848 gravem
1755 1764 1818 1827 in
1855 1763 2082 1828 iudicio
2122 1764 2470 1843 temerario,
2519 1766 2692 1829 nulla
2739 1767 2864 1831 alia

406 1870 623 1953 regula
649 1868 955 1954 assignari
978 1869 1202 1952 potest,
1222 1867 1340 1931 nisi
1362 1885 1453 1943 ea,
1473 1885 1631 1948 quae
1664 1865 1851 1930 datur
1875 1865 1952 1929 ad
1975 1866 2461 1950 cognoscendam
2485 1868 2863 1951 gravitatem

405 1973 825 2050 detractionis,
874 1971 948 2035 de
994 1989 1118 2053 qua
1163 1969 1357 2035 infra:
1407 1989 1550 2034 cum
1596 1970 1712 2034 hoc
1744 1971 1952 2034 tamen
1984 1969 2352 2046 discrimine,
2402 1970 2567 2052 quod
2613 1971 2864 2055 gravior

402 2074 688 2139 fortassis
725 2074 989 2138 materia
1020 2072 1358 2156 requiritur
1406 2071 1483 2136 ad
1514 2071 1894 2156 gravitatem
1925 2071 2156 2136 iudicii.
2195 2071 2496 2137 Homines
2529 2073 2692 2138 enim
2737 2094 2867 2139 mo·

403 2177 622 2241 lestius
676 2176 883 2241 ferunt
931 2175 1159 2240 auferri
1205 2174 1323 2238 sibi
1354 2174 1580 2239 bonam
1627 2174 2094 2239 extimationem
2143 2193 2249 2256 per
2294 2175 2738 2241 detractionem
2770 2196 2864 2241 ex-

403 2283 666 2356 ternam,
705 2299 894 2362 quam
932 2297 1040 2362 per
1070 2278 1274 2343 solum
1305 2277 1566 2341 interius
1596 2275 1916 2342 iudicium.
1950 2276 2110 2360 Lug.
2145 2277 2300 2360 disp.
2340 2278 2445 2342 cit.
2486 2299 2544 2342 n.
2582 2280 2685 2342 23.

498 2378 703 2452 1⁰59.
731 2379 1191 2447 Advertendum
1216 2398 1381 2456 vero,
1409 2378 1592 2460 quod,
1621 2379 1908 2461 quamvis
1928 2379 2209 2460 superius
2243 2378 2518 2462 exempla
2545 2380 2864 2445 afferentes

408 2485 623 2550 iudicii
654 2483 987 2561 temerarii,
1021 2483 1215 2548 locuti
1246 2483 1441 2546 simus
1466 2481 1538 2544 de
1564 2481 1808 2545 iudiciis
1840 2481 2001 2545 circa
2032 2480 2408 2565 probitatem
2436 2484 2547 2546 aut
2576 2484 2865 2566 improbi-

404 2589 601 2653 tatem
627 2586 902 2664 alterius‚
937 2585 1251 2650 noluimus
1274 2587 1484 2648 tamen
1516 2583 1714 2649 dicere
1750 2585 1819 2647 1⁰
1841 2583 2006 2666 quod
2039 2584 2245 2649 solum
2275 2584 2502 2649 iudicia
2533 2587 2865 2652 temeraria

405 2689 480 2754 de
511 2689 691 2772 culpa
738 2707 846 2771 per
892 2707 955 2751 se
992 2688 1189 2773 gravi,
1239 2686 1366 2750 sint
1412 2686 1687 2769 graviter
1718 2686 1918 2761 mala3
1954 2705 2100 2750 nam
2131 2686 2265 2751 fieri
2295 2688 2505 2769 potest
2534 2691 2608 2752 ut
2653 2689 2863 2774 gravis

405 2793 729 2855 censeatur
774 2789 1024 2868 iniuria,
1074 2788 1237 2871 quod
1270 2788 1457 2852 alicui
1488 2787 1715 2852 vitium
1747 2807 1853 2870 per
1900 2807 1963 2851 se
1995 2788 2126 2853 leve
2157 2789 2477 2872 imponas:
2511 2793 2583 2854 ut
2613 2811 2665 2856 e.
2699 2812 2760 2875 g.
2810 2791 2864 2855 si

406 2895 635 2958 temere
666 2893 898 2957 iudices
929 2892 1166 2976 Papam
1203 2911 1335 2956 esse
1367 2889 1755 2955 mendacem:
1791 2908 1986 2971 neque
2019 2891 2087 2952 2⁰
2118 2892 2409 2957 volumus
2456 2892 2654 2957 dicere
2699 2893 2864 2975 quod

406 2997 611 3062 solum
643 2997 705 3060 in
736 3015 802 3060 re
840 3014 1087 3061 morum
1120 2995 1402 3059 occurrat
1434 2993 1697 3058 materia
1727 2992 1941 3057 iudicii
1972 2994 2284 3059 temerarii
2314 2995 2661 3079 culpabilis.
2700 2996 2862 3060 Nam

403 3100 468 3164 et
498 3099 822 3179 detractio,
857 3101 930 3164 ut
961 3097 1330 3175 videbimus,
1366 3097 1525 3161 circa
1559 3096 1681 3160 alia
1729 3096 1962 3160 versari
1994 3098 2200 3178 potest
2231 3099 2293 3160 et
2324 3099 2668 3180 generatim
2699 3098 2862 3180 quod

402 3221 540 3267 vere
574 3202 930 3268 indecorum
977 3204 1091 3277 est,
1143 3200 1260 3265 etsi
1300 3199 1530 3281 absque
1566 3199 1769 3282 culpa,
1810 3199 2087 3282 graviter
2116 3199 2322 3262 ferunt
2355 3200 2632 3265 homines
2681 3201 2754 3265 de
2801 3222 2864 3266 se

401 3304 681 3384 iudicari,
733 3306 805 3369 ut
852 3304 906 3368 si
951 3303 1285 3367 honestum
1332 3302 1395 3364 et
1440 3300 1748 3365 illustrem
1796 3302 2000 3363 virum
2049 3301 2160 3363 aut
2191 3298 2564 3382 Episcopum
2613 3303 2862 3381 iudiceS,

406 3406 634 3487 absque
682 3404 1014 3470 sufficienti
1060 3403 1318 3477 motivo,
1368 3420 1497 3465 esse
1545 3403 1846 3484 spurium.
1896 3402 2228 3465 Difficilius
2266 3402 2474 3467 tamen
2514 3405 2633 3467 erit
2663 3405 2725 3467 in
2763 3394 2862 3470 'his

403 3509 604 3583 rebus,
631 3527 789 3590 quae
808 3505 1109 3571 moralem
1132 3503 1522 3568 honestatem
1554 3521 1673 3566 non
1707 3505 2008 3585 spectant,
2045 3504 2274 3586 attingi
2305 3504 2367 3567 in
2401 3504 2643 3568 iudiciis
2675 3506 2865 3571 teme-

402 3608 584 3672 rariis
637 3608 1018 3693 gravitatem
1073 3604 1305 3690 peccati
1363 3604 1665 3668 mortalis.
1724 3602 1843 3667 Sed
1903 3603 2324 3686 perpendenda
2371 3608 2518 3670 sunt
2574 3605 2863 3673 adiuncta

404 3731 719 3796 personae,
753 3711 1123 3777 conditionis
1161 3712 1299 3786 etc.‚
1336 3709 1553 3773 habita
1584 3707 1774 3773 simul
1805 3708 2045 3772 ratione
2077 3710 2422 3773 communis
2447 3709 2770 3774 hominum
2802 3713 2863 3776 in

404 3813 762 3878 huiusmodi
792 3813 978 3877 rebus
1008 3810 1504 3877 existimationis

491 3916 629 3981 Hoc
662 3917 892 3993 autem,
943 3916 1107 3997 quod
1154 3915 1227 3980 de
1264 3914 1529 3987 iudiciis,
1564 3933 1627 3976 re
1665 3914 1728 3976 in
1778 3932 1841 3976 se
1872 3912 2008 3995 ipsa
2040 3914 2336 3994 spectata,
2372 3913 2654 3993 dicimus,
2702 3914 2863 3981 idem

402 4038 545 4083 cum
582 4017 979 4103 proportione
1011 4018 1076 4081 et
1107 4017 1179 4081 de
1213 4016 1497 4099 opinione
1529 4015 1626 4079 vel
1659 4015 2048 4079 dubitatione
2096 4014 2442 4080 dicendum.

495 4120 704 4194 1080.
740 4119 972 4187 Contra
1007 4122 1307 4185 assertam
1337 4120 1683 4186 doctrinam
1706 4119 1780 4184 de
1811 4120 1990 4204 gravi
2026 4120 2271 4184 malitia
2297 4120 2507 4185 iudicii
2531 4122 2862 4200 temerarii,

401 4227 587 4292 obvia
624 4227 722 4290 est
751 4223 1117 4299 difficultas;
1168 4222 1315 4304 quia
1348 4221 1624 4299 infamia,
1659 4240 1850 4304 quam
1880 4221 2019 4303 quis
2051 4222 2366 4287 contrahit
2412 4243 2483 4287 ex
2513 4223 2747 4288 iniusta
2778 4243 2866 4287 re-

404 4330 715 4395 velatione
747 4327 847 4392 sui
879 4325 1154 4390 criminis
1194 4324 1356 4408 apud
1402 4344 1596 4388 unum
1634 4325 1860 4402 virum,
1911 4343 1947 4388 a
1978 4343 2100 4405 quo
2139 4343 2260 4390 non
2298 4326 2556 4391 timetur
2601 4326 2864 4392 ulterius

405 4431 893 4517 propagandum,
942 4447 1065 4494 non
1113 4430 1207 4494 est
1253 4445 1493 4509 semper
1536 4428 1599 4491 in
1630 4427 1944 4492 revelante
1973 4427 2237 4491 materia
2268 4429 2502 4510 peccati
2548 4430 2861 4495 mortalis:

406 4537 584 4619 atqm
616 4535 867 4621 perinde
890 4551 954 4599 se
986 4531 1193 4610 habet,
1228 4550 1370 4595 cum
1393 4529 1532 4611 quis
1564 4530 1728 4614 apud
1760 4549 1825 4594 se
1854 4529 2062 4612 ipsum
2095 4528 2376 4595 diffamat
2409 4530 2696 4614 aliquem,
2727 4534 2867 4597 abs-
