3497 5147
313 332 456 407 [544]
1169 347 1320 396 Qum
1361 348 1453 389 sx‘r
1490 350 1902 393 iunsmrum
2659 334 2768 390 417

411 441 576 496 Tertio
613 441 662 495 in
700 442 1029 497 Assertorium
1066 450 1117 497 ct
1154 443 1545 499 Promissorium.
1574 447 1696 500 Illud
1722 453 1813 509 est,
1841 462 1938 511 quo
1981 446 2240 514 praeterita
2282 448 2359 501 vel
2386 445 2657 513 praesentia
2699 449 2764 498 ar·

312 530 559 581 firmantur
585 533 669 580 aut
694 531 1082 592 negantur-:hoc
1120 537 1280 582 autem
1319 536 1409 591 est,
1436 544 1532 594 quo
1560 529 1744 596 aliquid
1785 534 2001 584 futurum
2044 530 2360 597 promittitur.
2389 532 2589 584 Addunt
2614 529 2764 596 aliqui

293 610 747 677 flomminstorium,
773 619 827 665 ut
853 627 901 664 v.
925 627 970 677 g.
988 627 1097 682 per
1126 614 1302 668 Deum
1328 627 1426 682 eoo
1452 619 1502 669 te
1525 613 1770 671 caedam.
1790 616 1887 668 Sed
1910 618 2005 669 hoc
2032 614 2205 669 reterri
2232 621 2393 681 potest
2419 616 2478 670 ad
2499 613 2763 681 promisso-

294 696 439 762 rium.
467 698 516 752 ln
540 695 847 750 contessione
885 712 979 751 non
1007 713 1132 764 opus
1158 704 1233 753 est
1258 698 1522 764 explicare,
1554 706 1716 752 utrum
1758 714 1843 767 per
1884 701 2056 763 Deum,
2083 715 2143 753 an
2186 703 2390 756 sanctos
2416 698 2620 764 iuraris;
2646 698 2761 764 quia

307 789 374 834 est
397 779 612 844 eiusdem
638 780 820 847 speciei
850 781 1050 844 malitia,
1075 797 1187 836 cum
1209 781 1377 836 iurans
1404 797 1599 850 semper
1620 782 1841 838 intendat
1870 785 2028 837 Deum
2057 786 2300 838 adducere
2323 784 2373 837 in
2404 790 2594 837 testem.
2619 785 2761 837 Suar.

306 867 433 919 LesS.
457 879 500 919 c.
530 866 614 918 42.
640 866 780 930 Lago
806 867 855 919 d.
886 867 968 918 16.
995 882 1042 919 n.
1065 868 1186 920 286.

388 986 568 1074 544.
612 990 887 1070 ⁴Adverte
934 1011 1081 1077 ergo
1130 992 1463 1058 divisiones
1511 1013 1641 1060 esse
1674 995 2103 1073 accidentales,
2138 1015 2296 1078 quae
2328 995 2590 1078 speciem
2636 1014 2761 1059 non

294 1095 564 1170 ‚mutant

383 1198 416 1234 *
448 1196 673 1276 Omnia
719 1197 955 1262 scilicet
1000 1198 1352 1265 iuramenta
1399 1204 1548 1266 sunt
1597 1200 1872 1266 eiusdem
1920 1202 2162 1285 speciei,
2213 1200 2564 1266 discrimine
2610 1200 2761 1264 exsi-

304 1301 492 1364 stente
541 1301 639 1365 vel
685 1300 748 1364 in
795 1300 979 1365 modo
1027 1301 1595 1382 (contestatorium,
1631 1304 2146 1368 exsecratorium:
2197 1304 2576 1380 absolutum,
2621 1320 2760 1366 con-

302 1401 705 1478 ditionatum:
754 1402 1035 1485 simplex,
1083 1404 1407 1488 sollemne)
1438 1405 1539 1469 vel
1582 1406 1647 1469 in
1694 1406 1961 1470 materia
2007 1405 2459 1487 (assertorium‚
2494 1403 2760 1488 promis-

301 1505 577 1588 sorium).
603 1504 784 1569 Hanc
806 1505 1179 1570 sententiam
1199 1525 1329 1571 esse
1353 1526 1744 1573 communem
1768 1525 1882 1572 suo
1915 1509 2192 1590 tempore
2225 1507 2501 1571 affirmat
2532 1504 2758 1570 Suarez

298 1607 398 1671 lib.
441 1607 496 1670 1.
542 1627 593 1672 c.
636 1608 696 1670 9.
731 1627 791 1672 n.
827 1608 919 1684 6.;
952 1608 1099 1673 licet
1144 1609 1207 1672 in
1254 1609 1432 1673 illam
1476 1609 1608 1693 ipse
1654 1628 1995 1693 propensus
2028 1611 2114 1673 sit
2148 1629 2208 1672 n.
2260 1612 2343 1685 5.,
2378 1627 2536 1690 quae
2570 1626 2762 1673 asser-

286 1709 525 1784 ⁷torium
574 1728 611 1788 a
656 1709 1056 1792 promissorio
1105 1710 1303 1793 specie
1349 1711 1701 1797 distinguit.
1754 1712 1964 1789 Ratio,
2020 1731 2130 1788 cur
2165 1730 2292 1775 una
2339 1729 2470 1775 esse
2516 1709 2760 1774 dicatur

301 1813 519 1896 species
552 1813 617 1878 in
665 1814 946 1896 quolibet
989 1814 1361 1893 iuramento,
1417 1834 1490 1879 ea
1536 1818 1656 1890 est;
1721 1815 1871 1898 quia
1929 1815 2157 1897 ubique
2203 1834 2441 1898 semper
2493 1833 2590 1877 res
2639 1813 2760 1877 huc

301 1916 475 1994 redit,
491 1919 565 1981 ut
586 1917 755 1982 Deus
777 1917 844 1981 in
866 1919 1092 1984 testem
1115 1919 1391 1996 vocetur,
1425 1918 1555 1983 sive
1578 1918 1667 1983 rei
1697 1919 2070 2001 praeteritae
2102 1918 2232 1982 sive
2263 1916 2603 2001 praesentis
2628 1916 2760 1980 sive

299 2018 560 2095 futurae,
604 2020 665 2082 et
711 2020 785 2083 ut
834 2019 1135 2105 obligatio
1185 2020 1447 2085 exsistat
1492 2020 1917 2085 conformandi
1950 2019 2116 2084 dicta
2146 2023 2364 2085 nostra
2400 2038 2542 2084 cum
2571 2017 2756 2082 factis

293 2120 418 2185 sive
447 2120 802 2204 praeteritis
832 2122 963 2187 sive
1009 2123 1436 2206 praesentibus
1469 2124 1598 2187 sive
1628 2122 1888 2199 futuris;
1921 2124 1996 2188 ut
2027 2122 2252 2187 idcirco
2291 2121 2633 2200 differentia
2672 2120 2759 2184 sit

292 2224 535 2300 tantum
566 2223 635 2288 in
667 2243 732 2288 re
766 2242 952 2307 super
981 2243 1106 2306 qua
1135 2224 1384 2289 iuratur
1415 2228 1478 2290 et
1507 2225 1761 2308 proinde
1793 2224 2135 2291 differentia
2164 2224 2529 2304 materialis,
2564 2223 2756 2288 etiam

290 2326 351 2391 in
393 2326 750 2404 iuramento
786 2315 1218 2420 ‘promissorim
1267 2326 1332 2391 in
1378 2347 1501 2409 quo
1534 2327 1780 2393 videtur
1817 2327 2037 2410 utique
2074 2329 2243 2392 Deus
2288 2346 2413 2393 non
2445 2326 2648 2391 solum
2681 2328 2757 2389 ut

293 2428 462 2496 testis
508 2428 857 2514 praesentis
905 2429 1250 2504 voluntatis
1304 2430 1410 2495 sed
1464 2431 1657 2496 etiam
1716 2431 1792 2494 ut
1843 2430 2168 2496 fideiussor
2217 2429 2420 2496 futuri
2464 2427 2756 2512 promissi

288 2531 576 2598 invocari.
615 2531 852 2597 Verum
898 2533 1079 2598 notat
1123 2532 1253 2617 ipse
1301 2531 1526 2603 Suarez
1572 2533 1616 2598 1.
1666 2553 1740 2610 c.,
1781 2552 1904 2599 non
1954 2552 2107 2617 opus
2140 2533 2466 2618 propterea
2513 2548 2643 2596 esse
2689 2530 2754 2594 in

292 2654 407 2713 uno
438 2637 796 2703 iuramento
829 2635 1229 2719 promissorio
1268 2636 1531 2702 inveniri
1562 2636 1910 2702 formaliter
1933 2636 2088 2701 duas
2118 2636 2392 2703 rationes
2416 2634 2754 2713 iuramenti

288 2740 480 2822 specie
518 2738 885 2818 distinctas3
926 2737 1032 2805 sed
1071 2738 1252 2804 unica
1298 2738 1419 2802 dici
1466 2740 1672 2821 potest
1718 2740 1782 2803 et
1828 2739 2088 2821 simplex
2120 2737 2400 2803 fonnalis
2445 2737 2607 2802 ratio
2663 2736 2754 2800 iu-

287 2841 547 2906 ramenti
598 2839 988 2925 promissorii
1034 2840 1375 2922 (invocatio
1422 2841 1539 2904 Dei
1584 2841 1648 2905 in
1681 2841 1955 2923 testem),
1991 2859 2148 2921 quae
2181 2839 2452 2904 eiusdem
2501 2838 2751 2922 quidem

284 2944 502 3027 speciei
549 2946 654 3010 est
699 2962 842 3008 cum
888 2943 1242 3020 assertoriO,
1281 2942 1388 3008 sed
1435 2942 1608 3019 addit
1638 2942 2012 3025 peculiarem
2042 2942 2171 3006 vim
2209 2940 2612 3019 confirmandi
2644 2941 2752 3004 ali-

283 3046 423 3128 quid
448 3046 768 3122 futurum,
804 3064 873 3110 eo
907 3045 1074 3127 quod
1102 3045 1318 3129 agitur
1349 3044 1421 3109 de
1452 3064 1517 3109 re
1550 3044 1792 3109 futura:
1828 3043 1993 3126 quod
2024 3044 2293 3127 pertinet
2325 3042 2402 3108 ad
2434 3042 2747 3125 quandam

266 3149 696 3225 differentiam
728 3147 1118 3225 materialem
1142 3166 1265 3213 non
1298 3148 1665 3230 specificam.

360 3255 571 3336 Atque
606 3253 762 3316 haec
794 3269 924 3317 esse
955 3251 1202 3316 videtur
1226 3251 1534 3315 sententia
1561 3270 1609 3314 s,
1636 3250 1913 3315 Thomae
1940 3270 1995 3317 a.
2028 3249 2062 3312 7
2070 3274 2116 3325 .;
2140 3269 2287 3313 nam
2311 3268 2451 3313 cum
2478 3248 2555 3325 ab
2581 3249 2751 3314 utro·

280 3373 392 3445 que
451 3354 817 3431 iuramento
865 3353 1197 3421 assertorio
1255 3354 1316 3416 et
1362 3352 1764 3436 promissorio
1814 3351 2260 3436 obligationem
2309 3351 2457 3415 oriri
2503 3350 2746 3426 dixerit,

276 3456 607 3535 discrimen
640 3456 977 3527 iuramenti
1009 3456 1335 3536 utriusque
1358 3456 1424 3518 in
1449 3454 1810 3520 diversitate
1835 3454 1944 3531 rei,
1970 3454 2253 3535 respectu
2277 3452 2453 3517 cuius
2479 3454 2574 3516 est
2598 3452 2749 3516 obli-

280 3561 470 3644 gatiO,
522 3560 825 3627 collocat:
875 3558 1039 3640 quod
1085 3557 1246 3623 redit
1292 3556 1371 3621 ad
1418 3556 1827 3621 differentiam
1874 3554 2266 3621 materialem
2314 3554 2427 3635 (a).

360 3662 604 3731 Idcirco
646 3680 704 3727 s.
740 3660 925 3742 Alph.
957 3660 1000 3724 1.
1036 3660 1098 3724 3.
1132 3679 1192 3723 n.
1232 3659 1418 3722 142:
1462 3682 1498 3717 ‹
1528 3658 1627 3723 An
1677 3657 1886 3723 omnia
1931 3657 2282 3733 iuramenta
2315 3656 2441 3721 sint
2471 3653 2746 3721 eiusdem

256 3769 515 3853 speciei,
564 3768 764 3852 negat
808 3766 1066 3831 Palaus:
1116 3764 1222 3830 sed
1270 3764 1493 3829 melius
1541 3762 1819 3827 affirmat
1866 3760 2172 3826 sententia
2219 3760 2565 3826 communis
2604 3779 2747 3824 cum

283 3868 588 3936 Salmant.
634 3866 806 3945 Sot0‚
855 3867 1087 3946 Lessi0‚
1139 3866 1408 3933 Sanchez
1442 3868 1558 3931 etc.
1592 3891 1654 3929 ι».
1692 3864 1923 3929 Eadem
1960 3864 2242 3929 doctrina
2280 3863 2450 3931 valet
2480 3862 2608 3927 sive
2641 3882 2749 3947 per

372 4163 437 4215 (ι)
468 4159 828 4205 Nihilominus
855 4160 1052 4202 certum
1080 4160 1173 4210 est,
1195 4157 1248 4199 in
1267 4157 1555 4199 iuramento
1576 4156 1895 4211 promissorio
1912 4154 2107 4208 aliquid
2124 4154 2392 4205 contineri,
2408 4163 2507 4206 quo
2522 4151 2743 4194 maxime

273 4228 438 4273 differt
464 4229 535 4272 ab
564 4224 861 4277 assertor-io,
886 4230 947 4268 ut
975 4224 1189 4277 speciem
1217 4234 1403 4267 novam
1419 4223 1633 4267 induere
1654 4221 1907 4266 videatur.
1927 4220 2134 4272 Numan
2152 4218 2473 4274 promissorio
2490 4217 2623 4261 Deus
2641 4229 2745 4260 non

274 4300 475 4339 tantum
502 4295 788 4338 invocatur
815 4296 874 4336 ut·
894 4292 1048 4347 ,testis
1076 4290 1358 4345 praesentis
1384 4289 1627 4345 propositi
1657 4289 1739 4332 vel
1761 4287 2120 4343 promissionis,
2143 4286 2236 4330 sub
2264 4297 2367 4340 qua
2394 4284 2592 4328 ratione
2610 4283 2744 4326 iura-

276 4367 501 4406 mentum
532 4357 920 4416 promissorium
950 4357 1240 4412 aequivalet
1268 4356 1536 4399 asser-torio
1552 4372 1559 4396 :
1578 4354 1664 4398 sed
1678 4358 1942 4409 praeterea
1961 4353 2096 4397 Deus
2115 4353 2385 4395 invocatur
2405 4355 2464 4393 ut
2483 4350 2744 4393 fideiussor

276 4430 615 4477 mantionis
645 4426 870 4478 fumus,
899 4428 960 4470 nt
987 4425 1174 4469 idcirco
1200 4423 1432 4478 specialis
1449 4422 1691 4477 obligatio
1712 4434 1831 4477 erga
1850 4421 1981 4465 Eum
2010 4421 2334 4474 suscipiatur,
2363 4418 2609 4473 nimirum
2621 4418 2744 4462 obli-

276 4498 403 4549 gatto
430 4492 726 4540 fidelitatis.
756 4493 830 4538 of.
852 4492 1039 4536 Sum-ez
1065 4493 1102 4536 1.
1121 4504 1165 4535 ο.
1186 4496 1237 4535 et
1258 4490 1411 4535 verba
1430 4503 1469 4533 s.
1489 4487 1706 4532 Thomas
1733 4488 1828 4531 sub
1855 4501 1903 4531 n.
1924 4488 2020 4531 570.
2042 4488 2100 4532 E.

368 4588 674 4632 Bsumuuxr.
706 4607 756 4615 —
785 4583 954 4628 Moral.
982 4582 1118 4626 Tom.
1148 4581 1214 4624 11.
2580 4577 2633 4620 27
