3497 5147
388 364 533 440 [894]
1056 380 1141 419 nn
1179 379 1496 421 oco1sioxn
1536 380 1731 429 mom
1772 380 2189 424 aeonnssoms
2749 373 2856 427 663

569 477 642 539 4⁰
687 474 847 556 Quia
893 477 1121 541 caritas
1180 477 1242 541 in
1290 476 1642 560 proximum
1688 477 1880 541 etiam
1929 497 2048 543 non
2097 479 2418 543 subditum
2463 480 2742 545 concedit
2789 485 2852 547 et

389 578 583 663 exigit
630 578 961 655 interdum,
998 580 1070 641 ut
1116 579 1221 660 qui
1269 578 1506 662 indiget
1551 581 1955 662 correptione,
2007 600 2143 644 eam
2181 581 2462 646 obtineat
2506 584 2621 646 etc.
2675 582 2853 667 Lugo

391 681 565 745 addit
586 682 864 763 exempla
888 699 937 745 s.
963 680 1271 745 Edmundi
1296 681 1601 764 Episcopi,
1622 683 1686 745 et
1709 701 1758 745 s.
1779 682 2072 746 Thomae.
2094 681 2372 762 Quorum
2400 683 2568 766 prior
2593 683 2858 748 feminae

392 783 697 847 nudatum
729 781 984 847 dorsum
1014 783 1369 848 verberibus
1415 783 1566 847 bene
1598 783 1891 861 condivit,
1934 785 2093 849 alter
2129 804 2274 850 vero
2307 784 2601 850 feminam
2633 786 2857 851 titione

390 885 656 969 fugavit.

481 988 636 1053 Heic
683 987 1049 1063 addendum,
1099 987 1290 1052 etiam
1337 988 1821 1065 mutilationem,
1873 989 2240 1054 occisionem
2287 993 2349 1055 et
2401 992 2860 1073 percussionem

394 1090 471 1154 ad
508 1089 804 1154 tuendam
835 1089 1219 1173 pudicitiam,
1254 1108 1376 1155 non
1408 1089 1694 1155 inducere
1741 1093 1855 1156 aut
1885 1091 2415 1176 irregularitatem
2454 1094 2567 1158 aut
2598 1112 2859 1175 poenam

393 1191 1074 1267 excommunicationis;
1111 1192 1231 1256 etsi
1259 1192 1512 1257 invasor
1541 1193 1626 1257 sit
1656 1193 1935 1258 clericus

500 1334 659 1387 XXH.
684 1334 734 1386 6.
768 1334 891 1389 Cum
930 1341 1087 1386 tamen
1127 1332 1321 1399 iniquus
1360 1347 1613 1398 aggressor
1652 1335 1716 1388 sit
1753 1334 1803 1388 in
1843 1334 2061 1401 periculo
2100 1335 2287 1399 salutis
2332 1343 2493 1402 potest
2531 1336 2641 1401 quis
2681 1352 2742 1389 ex
2782 1351 2860 1389 ca·

390 1418 535 1474 ritate
572 1417 618 1471 ei
657 1432 859 1484 parcere
897 1425 945 1472 et
982 1417 1209 1471 iniuriam
1249 1417 1412 1485 potius
1452 1418 1579 1485 pati:
1607 1421 1694 1471 sed
1734 1434 1830 1471 non
1870 1427 2076 1481 tenetur,
2108 1434 2168 1472 eo
2208 1421 2339 1485 quod
2378 1424 2502 1474 alter
2543 1435 2628 1473 sua
2670 1420 2854 1474 malitia

392 1502 456 1556 sit
490 1503 538 1555 in
578 1501 673 1557 isto
715 1502 954 1569 periculo.
984 1504 1152 1567 Laym.
1180 1502 1300 1556 ibid.

484 1622 658 1695 893.
709 1624 922 1707 Excipi
970 1625 1168 1704 debet,
1218 1625 1271 1688 si
1319 1625 1426 1705 qui
1473 1626 1716 1707 patitur
1765 1624 2247 1709 aggressionem,
2299 1629 2361 1690 et
2407 1627 2537 1709 ipse
2591 1628 2751 1690 esset
2795 1627 2860 1690 in

393 1729 565 1792 statu
587 1727 823 1810 peccati
857 1746 964 1791 nec
987 1726 1165 1791 facile
1199 1726 1315 1791 sibi
1341 1726 1654 1790 videretur
1687 1728 1836 1790 tunc
1868 1746 2044 1810 posse
2075 1726 2194 1793 rite
2221 1729 2483 1805 conteri;
2514 1731 2663 1793 tunc
2695 1729 2858 1793 enim

394 1831 621 1895 caritas
668 1849 815 1914 erga
863 1849 925 1893 se
973 1829 1325 1912 praevalere
1373 1828 1571 1892 debet.
1623 1828 1847 1912 Excipe
1895 1830 2105 1905 etiam,
2142 1830 2194 1892 si
2243 1830 2351 1912 qui
2399 1830 2862 1915 aggressionem

394 1934 651 2017 patitur,
679 1934 840 1998 esset
871 1950 1131 2014 persona
1156 1931 1422 2014 publica,
1449 1932 1602 1996 item
1625 1931 1678 1995 si
1710 1932 1875 1995 esset
1904 1951 2165 2015 persona
2197 1933 2559 2008 necessaria,
2585 1933 2862 1997 familiae

393 2057 452 2100 V.
480 2056 572 2119 gr.
601 2034 874 2111 alendae,
901 2034 1021 2097 nisi
1055 2035 1263 2097 tamen
1300 2036 1589 2117 ageretur
1621 2034 1694 2097 de
1733 2053 1962 2117 magno
1996 2036 2158 2099 bono
2198 2035 2640 2117 consequendo,
2683 2055 2740 2097 v.
2767 2055 2860 2119 gr.

394 2137 722 2221 martyriO.

486 2240 520 2277 '⁸‘
545 2237 737 2302 Addit
767 2238 944 2322 Lugo
977 2237 1132 2320 disp.
1165 2238 1266 2300 11.
1295 2258 1354 2302 n.
1389 2238 1534 2300 143.
1564 2237 1728 2319 quod
1763 2238 1814 2301 si
1848 2239 2098 2302 invasor
2128 2240 2357 2303 iniuste
2391 2239 2638 2321 quidem
2672 2241 2864 2303 mate-

392 2341 633 2406 rialiter
668 2340 944 2418 invadat,
980 2339 1085 2404 sed
1132 2342 1338 2404 tamen
1389 2340 1619 2421 absque
1657 2340 1967 2417 libertate,
2010 2344 2085 2404 ut
2121 2342 2174 2405 si
2214 2342 2420 2407 ebrius
2468 2343 2566 2406 vel
2613 2343 2863 2424 phrene-

395 2444 555 2508 ticus
587 2444 650 2507 te
695 2441 950 2507 invadat
997 2444 1060 2505 et
1107 2441 1353 2506 aliunde
1391 2444 1633 2507 constet
1679 2462 1822 2507 eum
1869 2462 1999 2508 esse
2045 2446 2109 2508 in
2156 2445 2330 2509 statu
2377 2445 2632 2528 peccati,
2668 2464 2704 2508 a
2736 2463 2860 2526 quo

400 2548 539 2630 post
570 2544 918 2630 phrenesim
950 2544 1047 2609 vel
1080 2545 1442 2609 ebrietatem
1492 2545 1723 2629 poterit
1755 2566 2099 2631 resurgere,
2136 2566 2167 2610 e
2198 2547 2509 2612 contrario
2541 2547 2863 2612 moraliter

395 2649 604 2713 credas
643 2650 703 2712 te
750 2667 880 2711 esse
925 2648 990 2711 in
1038 2648 1211 2711 statu
1257 2648 1519 2731 gratiae,
1559 2668 1682 2713 non
1714 2649 1961 2714 videtur
1996 2668 2175 2731 posse
2221 2649 2390 2714 licite
2437 2669 2474 2713 a
2521 2652 2583 2714 te
2631 2649 2858 2726 occidi;

395 2751 541 2832 quia
573 2753 723 2815 tunc
746 2749 851 2813 ille
883 2751 979 2814 est
1002 2750 1065 2813 in
1098 2751 1370 2813 extrema
1402 2752 1766 2815 necessitate
1800 2751 2132 2834 spirituali,
2154 2752 2256 2815 cui
2287 2752 2600 2816 subveniri
2625 2752 2862 2833 nequit,

395 2854 514 2918 nisi
551 2855 623 2918 tu
655 2854 853 2917 vitam
892 2871 1157 2935 exponas
1190 2872 1301 2936 pro
1335 2853 1466 2916 eius
1503 2852 1794 2917 remedio.
1823 2851 1913 2915 Cf.
1943 2852 2018 2915 de
2060 2851 2345 2917 Caritate
2377 2874 2478 2918 nn.
2513 2854 2621 2918 47.
2649 2873 2815 2937 seqq.

487 2955 709 3021 Subdit
754 2956 936 3034 idem,
995 2973 1207 3019 casum
1254 2955 1417 3019 hunc
1463 2955 1853 3020 rarissimum
1914 2974 2063 3030 esse,
2129 2956 2295 3037 quod
2340 2976 2558 3039 nempe
2622 2958 2864 3021 constet

396 3058 579 3123 illum
612 3077 743 3123 esse
790 3059 853 3123 in
901 3060 1076 3122 statu
1113 3058 1369 3141 peccati,
1405 3058 1482 3122 ob
1528 3058 1691 3140 quod
1733 3059 1820 3122 sit
1856 3057 2262 3123 damnandus,
2297 3059 2625 3122 Praeterea
2672 3060 2770 3123 his
2802 3060 2865 3123 in

397 3162 642 3226 casibus
666 3161 868 3227 solent
897 3161 1176 3226 homines
1203 3179 1385 3245 agere
1418 3181 1489 3225 ex
1523 3161 1823 3226 instinctu
1856 3181 1964 3225 nec
1990 3163 2235 3244 tempus
2268 3162 2563 3244 suppetit,
2590 3161 2863 3225 irruente

395 3265 652 3343 furioso,
685 3283 789 3329 eas
824 3263 1179 3329 reflexiones
1211 3263 1588 3327 maturandi.
1616 3263 1650 3302 *

505 3422 687 3475 xxm.
713 3421 763 3472 7.
798 3421 901 3473 Non
929 3419 1042 3473 licet
1080 3417 1321 3478 occidere,
1355 3416 1396 3469 si
1433 3417 1606 3470 iniuria
1647 3417 1741 3469 iam
1770 3424 1842 3469 est
1881 3423 2146 3477 contracta,
2177 3418 2254 3469 vel
2283 3430 2541 3479 aggressor
2574 3416 2669 3468 iam
2711 3417 2858 3482 rugit3

397 3505 510 3572 quia
535 3505 585 3559 id
615 3521 709 3560 nou
749 3512 879 3559 esset
911 3519 964 3558 se
1003 3505 1280 3564 defendere,
1308 3503 1393 3554 sed
1432 3501 1705 3563 vindicare,
1738 3509 1790 3554 ut
1823 3504 2000 3555 docent
2025 3504 2132 3556 Tol.
2163 3502 2313 3554 Rodr.
2344 3503 2454 3552 Sed.
2486 3503 2634 3552 Henr.
2663 3509 2710 3553 et
2738 3503 2857 3553 Nav.

398 3603 441 3643 c.
468 3590 550 3643 ⁴5.
577 3604 622 3644 n.
649 3592 699 3643 5.
727 3592 867 3643 Fern.
888 3604 935 3655 p.
972 3592 1012 3641 Ι.
1036 3604 1079 3642 c.
1104 3591 1152 3640 9.
1180 3588 1231 3655 S.
1264 3589 1307 3640 t.
1335 3585 1518 3651 dicunt,
1545 3585 1587 3636 si
1616 3589 1778 3638 laesus
1805 3600 2025 3648 magnam
2055 3590 2235 3638 taceret
2258 3584 2497 3637 iacturam
2525 3583 2742 3645 honoris
2764 3584 2859 3637 nisi

401 3674 662 3740 rugientem
690 3689 803 3728 mox
834 3680 1231 3740 persequeretur,
1267 3686 1411 3739 posse
1437 3686 1548 3724 eum
1577 3669 1805 3738 persequi
1832 3676 1882 3722 et
1907 3675 2183 3736 percutere,
2210 3674 2445 3733 quantum
2484 3675 2614 3720 esset
2640 3667 2759 3720 satis
2796 3672 2859 3720 ad

397 3758 726 3814 defensionem
752 3756 969 3812 honoris,
989 3760 1133 3827 Quod
1153 3759 1320 3822 Laym.
1342 3758 1462 3808 Bon.
1487 3757 1621 3808 LeSS.
1648 3754 1754 3807 Fiu.
1776 3756 1807 3808 Ι.
1829 3769 1872 3807 c.
1896 3769 1941 3807 n.
1964 3756 2047 3805 38.
2075 3752 2132 3806 C.
2156 3755 2307 3816 Lugo,
2329 3758 2421 3804 etc.
2451 3756 2620 3818 putant
2645 3750 2859 3817 practice

398 3842 481 3896 vix
518 3857 663 3909 posse
696 3842 802 3895 fleri
827 3840 932 3896 sine
970 3843 1211 3896 vindicta:
1238 3842 1329 3896 etsi
1356 3840 1658 3908 speculative
1699 3839 1926 3894 videatur
1964 3855 2072 3894 esse
2111 3838 2381 3906 probabile.
2414 3838 2528 3892 Vid.
2560 3838 2699 3893 Dian.
2727 3855 2773 3905 p.
2807 3841 2858 3890 2.

397 3941 439 3980 c.
467 3929 514 3980 3.
543 3928 677 3980 misc.
701 3942 742 3979 r.
774 3927 855 3979 tt.
880 3927 1119 3981 Concedit
1156 3935 1315 3980 tamen
1353 3926 1408 3979 C.
1436 3929 1587 3990 Lugo,
1616 3924 1780 3979 Molin.
1810 3927 1944 3977 Less.
1987 3931 2078 3977 etc.
2108 3938 2216 3978 cum
2247 3921 2387 3976 Dian.
2415 3940 2462 3990 p.
2497 3926 2546 3976 8.
2577 3930 2611 3976 t.
2639 3924 2690 3976 7.
2719 3922 2857 3976 mise.

399 4026 438 4063 r.
470 4011 551 4064 47.
580 4011 726 4064 licere
753 4013 904 4064 turem
933 4011 1208 4074 rugientem,
1236 4011 1552 4075 verbigratia‚
1578 4025 1687 4063 cum
1715 4025 1842 4077 equo
1871 4016 1954 4062 tuo
1993 4011 2236 4062 conficere
2270 4011 2387 4071 teto,
2417 4010 2498 4062 vel
2523 4008 2716 4072 sagitta,
2745 4007 2858 4072 quia

395 4095 587 4148 invasio
625 4097 784 4148 adbuc
820 4097 980 4148 durat.
1008 4095 1112 4149 Etsi
1143 4111 1259 4149 vero
1299 4096 1349 4149 id
1388 4111 1482 4149 non
1523 4095 1683 4158 liceat,
1718 4102 1974 4162 postquam
2012 4094 2062 4146 in
2102 4101 2259 4147 tutum
2298 4108 2351 4146 se
2390 4092 2587 4158 recepit,
2619 4091 2660 4143 si
2701 4099 2858 4144 tamen

398 4194 485 4246 per
520 4180 732 4233 iudicem
772 4195 868 4233 non
909 4180 1068 4246 possis
1108 4194 1398 4247 recuperare
1439 4195 1540 4234 rem
1582 4187 1730 4242 tuam,
1762 4187 1902 4246 potes
1939 4178 2128 4244 ingredi
2169 4182 2344 4242 locum,
2377 4175 2460 4229 ubi
2493 4176 2574 4230 issa
2616 4175 2861 4228 detinetur

395 4280 597 4332 eamque
638 4265 727 4319 tibi
765 4264 1011 4318 vindicare
1050 4270 1099 4317 et
1136 4263 1176 4317 si
1203 4267 1325 4318 alter
1366 4265 1413 4317 vi
1439 4265 1690 4330 impediat,
1720 4265 1817 4317 vim
1845 4264 1895 4317 vi
1936 4265 2193 4330 repellere.
2221 4266 2341 4316 Tan.
2371 4264 2507 4315 Less.
2539 4263 2680 4314 Mald.
2715 4262 2859 4313 Hurt.

398 4350 540 4404 Dian.
572 4367 619 4418 p.
649 4351 696 4404 4.
722 4357 755 4404 t.
783 4350 832 4402 5.
860 4364 896 4402 r.
925 4350 1010 4401 37.
1036 4355 1086 4402 et
1118 4363 1166 4414 p.
1194 4351 1243 4401 8.
1272 4356 1304 4400 t.
1335 4350 1384 4400 7.
1413 4363 1455 4401 r.
1484 4350 1566 4402 -t7.

489 4471 667 4544 894.
701 4472 843 4537 Huc
874 4471 1025 4535 facit
1055 4469 1383 4534 damnatae
1422 4472 1860 4553 propositionis
1893 4471 2162 4536 secunda
2193 4488 2334 4553 pars
2366 4488 2502 4551 sup.
2529 4490 2588 4532 n.
2618 4470 2767 4532 885.

490 4574 767 4641 Secunda
793 4593 936 4658 pars
960 4572 1131 4637 nullo
1156 4572 1338 4636 modo
1364 4571 1599 4654 primae
1626 4574 1985 4655 opponitur:
2012 4574 2076 4637 in
2102 4573 2297 4636 altera
2323 4571 2486 4635 enim
2511 4572 2583 4635 de
2608 4572 2860 4636 honoris
