3497 5147
731 375 836 428 162
909 388 1119 428 macr.
1150 389 1204 428 v.
1235 386 1394 427 sacr.
1423 387 1513 426 111.
1540 387 1625 425 nn
1650 385 1980 426 oum-rmus
2009 383 2403 427 PRAECEPTIS.
2428 384 2625 426 CAPUT
2650 385 2712 423 11.
2742 384 2883 424 Due.
2912 385 2994 425 1v.
3052 369 3196 444 [218]

726 487 840 563 est,
876 504 1033 566 quae
1066 484 1138 548 fit
1172 503 1206 547 a
1247 483 1525 566 proximo
1563 501 1669 566 per
1705 484 1919 564 aptam
1951 482 2446 546 dehortationem
2481 501 2515 545 a
2548 483 2821 565 peccatO,
2858 485 3047 564 prout
3082 483 3195 547 hoc

726 591 823 653 est
849 589 1088 652 malum
1105 587 1431 670 spirituale
1448 586 1644 668 ipsius
1671 585 1980 668 peccantis
2006 588 2119 649 aut
2144 587 2333 649 etiam
2356 586 2582 650 offensa
2602 586 2716 649 Dei
2733 584 2823 666 (id
2844 584 3192 667 redundat).

734 690 909 756 Unde
941 689 1239 755 correctio
1279 690 1552 752 fraterna
1586 690 1682 752 est
1715 691 1892 751 actus
1940 687 2415 763 misericordiae,
2450 689 2563 751 aut
2603 689 2797 751 etiam
2828 687 3017 750 simul
3050 689 3197 751 cari-

727 795 881 858 tatis
932 814 1078 878 erga
1127 794 1328 856 Deum
1376 790 1486 873 (id,
1522 793 1595 854 ut
1642 791 2021 865 monuimuS,
2056 789 2393 854 redundat:
2430 790 2693 853 refertur
2739 788 2903 853 enim
2952 807 3073 853 non
3122 790 3195 853 ad

729 897 1083 961 utilitatem
1108 895 1392 978 proximi,
1422 912 1544 974 quo
1579 895 1820 975 spectat
1844 892 2170 974 correptio,
2200 892 2305 955 sed
2336 892 2413 956 ad
2439 893 2640 955 zelum
2670 891 2865 955 divini
2896 892 3195 974 honoris).

820 995 980 1069 218.
1016 998 1329 1062 Probatur
1375 998 1792 1079 praeceptum.
1834 995 1948 1058 Est
1995 997 2391 1078 praeceptum
2441 997 2552 1058 aut
2600 994 2823 1057 saltem
2870 995 3196 1059 consilium

729 1102 1012 1165 divinum
1043 1099 1228 1163 Eccli.
1262 1098 1433 1162 XIX.
1473 1099 1574 1161 13.
1621 1098 1722 1160 14.
1768 1095 2025 1175 Cor-rim
2055 1097 2344 1171 amicum,
2378 1117 2453 1158 ne
2478 1095 2635 1175 forte
2661 1116 2786 1159 non.
2824 1095 3202 1160 intellexerit

728 1209 792 1267 et
819 1203 1024 1265 dicat:
1058 1222 1184 1265 non
1214 1200 1334 1279 feci
1363 1206 1493 1274 aut,
1526 1201 1587 1263 εἰ
1615 1199 1847 1278 fecer-it,
1883 1220 1960 1263 ne
1994 1200 2218 1262 iterum
2263 1197 2460 1261 addat
2492 1199 2714 1277 facere.
2759 1197 3015 1278 Corripe
3048 1219 3197 1279 pro-

732 1306 972 1369 ximum
1020 1307 1136 1368 etc.

819 1407 1180 1472 Afferuntur
1227 1408 1287 1470 et
1335 1407 1520 1470 verba
1568 1402 1804 1468 Christi
1852 1404 2083 1468 Matth.
2120 1405 2354 1468 XVIII.
2394 1405 2496 1468 15.
2534 1403 2609 1468 Si
2645 1405 2997 1483 peccaverit
3028 1406 3096 1468 in
3144 1410 3195 1468 te

725 1509 928 1589 frater
962 1516 1122 1587 tetus,
1159 1507 1310 1572 vade
1343 1513 1404 1571 et
1432 1508 1669 1585 corr-ipe
1704 1527 1841 1569 eum
1876 1509 1990 1570 etc.
2034 1507 2155 1571 Ubi
2195 1508 2381 1571 verba
2412 1507 2521 1571 illa
2558 1508 2623 1570 in
2666 1512 2718 1569 tc
2757 1506 3197 1589 intelliguntur

730 1633 942 1677 coram
973 1615 1035 1677 te
1069 1613 1167 1676 vel
1207 1617 1261 1675 te
1299 1611 1527 1674 sciente
1558 1610 1672 1692 (a).

818 1716 1003 1780 Prob.
1039 1716 1313 1779 ratione:
1355 1713 1503 1795 quia
1535 1713 1586 1776 si
1619 1712 1754 1795 lege
1786 1711 2062 1776 naturali
2095 1713 2156 1774 et
2194 1711 2329 1795 lege
2362 1711 2645 1775 caritatis
2678 1713 2961 1775 tenemur
2999 1711 3196 1775 suble-

730 1837 876 1882 vare
909 1817 1340 1881 necessitatem
1372 1814 1636 1898 proximi
1681 1814 2085 1896 corporalem,
2127 1813 2328 1877 multo
2360 1813 2562 1897 magis
2602 1813 3015 1895 spiritualem,
3050 1812 3197 1878 dum

729 1920 862 1983 fieri
908 1921 1135 2001 potest.
1171 1918 1326 1981 Heic
1359 1917 1532 1980 addit
1570 1914 1832 1999 Struggl
1865 1921 1924 1978 et
1950 1914 2244 1994 essmpecltre
2277 1914 2579 1993 offensam
2614 1914 2775 1978 Dei:
2809 1915 2915 1978 sed
2947 1934 3071 1980 non
3105 1917 3197 1979 est

729 2025 810 2089 ad
865 2044 1013 2087 rem.
1050 2024 1190 2086 Huc
1244 2023 1397 2086 facit
1450 2022 1608 2085 illud
1663 2022 1872 2085 Pauli:
1910 2021 2046 2084 Pro
2102 2022 2365 2085 invicem
2415 2021 2687 2086 sollicita
2741 2023 2874 2085 sint
2925 2021 3199 2084 membra

744 2129 801 2190 1.
837 2123 977 2191 Cor.
1011 2125 1154 2188 XII.
1194 2126 1296 2188 25.

820 2227 1142 2308 Quomodo
1174 2228 1350 2291 locus
1383 2226 1466 2290 sit
1490 2225 1855 2290 correctioni
1893 2226 1956 2288 et
1988 2226 2071 2288 sit
2099 2224 2545 2296 miseticordia,
2572 2225 2660 2289 sic
2689 2225 2840 2289 bene
2873 2224 3196 2309 Laymann

737 2331 846 2394 lib.
889 2332 948 2392 2.
991 2332 1068 2393 tr.
1112 2330 1171 2391 3.
1223 2348 1354 2411 cap.
1409 2328 1467 2391 7.
1502 2348 1561 2391 n.
1608 2328 1685 2389 1.:
1734 2353 1769 2383 «
1808 2327 1982 2390 Licet
2028 2329 2347 2409 peccatum
2397 2326 2596 2390 libera
2642 2327 2969 2391 voluntate
3015 2328 3202 2392 susci-

734 2433 962 2516 piatur,
989 2434 1200 2496 tamen
1231 2432 1420 2494 habet
1453 2429 1818 2493 adiunctum
1850 2431 2095 2492 reatum
2128 2448 2376 2511 poenae,
2411 2449 2596 2511 quem
2628 2431 2914 2512 peccator
2946 2429 3195 2514 refugit.

731 2534 965 2601 Deinde
1012 2536 1264 2617 propter
1311 2535 1572 2597 naturae
1620 2531 2074 2605 infirmitatem,
2109 2531 2468 2613 passionum
2516 2532 2991 2607 vehementiam,
3028 2533 3201 2597 intel-

729 2639 928 2702 lectus
989 2638 1376 2712 caecitatem,
1427 2635 1841 2698 inveteratam
1905 2633 2191 2717 peccandi
2255 2634 2783 2712 consuetudinem,
2836 2636 3200 2718 plerumque

732 2742 1016 2823 peccator
1069 2738 1340 2820 quodam
1381 2736 1576 2801 veluti
1624 2737 1861 2819 peccati
1900 2737 2145 2801 vinculo
2193 2737 2660 2821 constringitur,
2696 2756 2819 2819 quo
2870 2738 3056 2801 illum
3112 2758 3202 2803 ex·

731 2842 988 2917 solvere,
1016 2860 1125 2906 seu
1146 2839 1551 2915 admonendO,
1578 2859 1652 2902 ne
1685 2840 1746 2902 in
1774 2842 2115 2921 peccatum,
2143 2839 2318 2903 cuius
2352 2839 2693 2921 periculum
2719 2839 2837 2922 ipsi
2863 2839 3197 2923 impendet,

729 2944 1096 3020 consentiat,
1132 2943 1261 3006 sive
1301 2941 1705 3016 admonendo,
1742 2944 1815 3006 ut
1847 2960 1916 3004 ex
1950 2943 2219 3023 peccato,
2256 2941 2318 3004 in
2350 2959 2471 3023 quo
2510 2941 2690 3017 iacet,
2726 2944 3042 3026 exsurgat,
3078 2964 3199 3008 ma·

730 3066 928 3132 gnum
960 3045 1306 3129 spiritualis
1342 3045 1796 3108 misericordiae
1838 3063 1991 3125 opus
2025 3044 2118 3106 est
2152 3069 2212 3105 ».

822 3150 1192 3224 Fatendum,
1227 3169 1299 3213 ex
1347 3167 1410 3212 se
1459 3166 1568 3212 seu
1613 3166 1835 3231 genere
1882 3165 1994 3211 suo
2043 3164 2172 3209 esse
2218 3164 2473 3228 gravem
2522 3146 2968 3230 obligationem
3016 3150 3200 3214 corri-

734 3250 957 3334 piendi,
984 3251 1092 3314 ubi
1123 3269 1313 3334 grave
1346 3250 1431 3313 sit
1462 3250 1802 3331 peccatum.
1832 3248 1902 3311 In
1935 3247 2108 3329 praxi
2142 3250 2350 3311 tamen
2383 3248 2551 3311 valet
2583 3248 2739 3312 illud
2770 3250 3199 3316 Emmanuelis

733 3351 816 3417 Sa
864 3373 919 3417 v.
981 3351 1300 3431 Correptio
1340 3372 1397 3415 n.
1451 3353 1547 3414 2.:
1590 3376 1624 3409 «κ
1658 3350 1960 3413 Omittere
2008 3350 2457 3433 correptionem
2504 3350 2628 3414 fere
2676 3370 2914 3435 semper
2962 3355 3202 3419 veniale

736 3456 1059 3539 peccatum
1092 3457 1249 3520 est...
1285 3455 1359 3518 In
1391 3453 1696 3517 Praelatis
1729 3455 1939 3517 tamen
1973 3452 2150 3516 facile
2187 3455 2396 3535 potest
2426 3473 2556 3517 esse
2594 3455 2860 3519 mortale
2884 3481 2947 3519 ».

824 3558 906 3621 Et
943 3558 1100 3621 hanc
1131 3556 1480 3621 doctrinam
1504 3557 1566 3619 et
1599 3555 1974 3619 auctoritate
2006 3557 2070 3619 et
2101 3555 2340 3619 ratione
2372 3555 2699 3620 confirmat
2724 3558 2925 3622 Diana
2952 3560 3107 3623 tom.
3138 3560 3199 3621 7.

731 3664 810 3724 tr.
847 3661 907 3724 4.
943 3661 1123 3725 resol.
1159 3660 1218 3723 6.
1259 3679 1319 3723 n.
1356 3659 1437 3722 3.:
1481 3682 1516 3717 ‹
1547 3658 1637 3721 Ex
1682 3658 1907 3740 quibus
1942 3658 2227 3723 omnibus
2274 3658 2590 3736 concludo,
2631 3662 3033 3743 praeceptum
3080 3663 3195 3727 hoc

819 3946 881 3997 (a)
911 3944 1102 3987 Verum
1130 3944 1268 3987 haud
1299 3948 1440 3988 recta
1468 3948 1544 3987 est
1572 3944 1693 3987 talis
1723 3943 2096 3997 interpretatio,
2125 3942 2329 3985 collata.
2357 3943 2493 3985 enim
2521 3956 2622 3997 aeq.
2644 3943 3048 3998 interrogatione
3070 3947 3203 3991 Petri

738 4024 789 4054 v.
809 4012 880 4055 21.
901 4018 952 4055 et
983 4011 1228 4066 parallelo
1255 4011 1363 4055 loco
1391 4013 1556 4056 Lucae
1579 4011 1737 4055 XVII.
1759 4011 1801 4054 3.
1822 4013 1863 4053 4.
1886 4013 2026 4064 patet
2046 4013 2100 4052 in
2120 4013 2158 4052 te
2177 4021 2281 4053 esee
2300 4014 2467 4053 contra
2486 4014 2542 4064 te,
2566 4016 2623 4054 ut
2642 4024 2809 4055 sermo
2827 4013 2896 4055 sit
2923 4014 2985 4056 de
3012 4013 3205 4058 iniuria

734 4078 828 4122 tibi
848 4078 1001 4131 facta,
1021 4091 1177 4132 quam
1196 4082 1257 4122 tu
1275 4079 1535 4122 dimittere
1554 4078 1716 4122 debes.
1738 4077 1812 4120 Ne
1833 4081 2005 4119 tamen
2026 4076 2232 4127 inferas,
2253 4076 2367 4120 heic
2385 4077 2446 4120 de
2476 4077 2790 4132 correptione
2818 4080 3053 4124 fratern-
3069 4094 3207 4136 pree·

733 4151 939 4202 ceptum
967 4160 1068 4191 non
1111 4146 1239 4190 dari.
1269 4147 1400 4190 Nam
1443 4146 1577 4190 illud
1607 4145 1828 4199 profecto
1857 4142 2097 4186 exhibent
2127 4144 2280 4186 verbe.
2320 4146 2609 4199 sequentia:
2642 4159 2733 4189 cur
2776 4150 2949 4190 autem
2991 4148 3207 4192 disserte

731 4215 897 4257 solum
926 4215 989 4257 de
1016 4214 1236 4268 peccatis
1277 4218 1457 4257 contre.
1485 4224 1575 4255 nos
1612 4210 1763 4253 factis
1792 4210 2037 4263 loquutus
2064 4210 2131 4252 eit
2160 4209 2423 4264 Dominus,
2452 4211 2575 4255 audi
2615 4212 2968 4257 Heldonatum
3000 4215 3056 4257 in
3086 4216 3136 4259 h.
3167 4216 3204 4257 1.

736 4296 755 4316 ι
768 4279 926 4322 Credo
943 4292 1060 4334 ergo
1078 4280 1141 4324 de
1161 4281 1299 4323 omni
1322 4281 1583 4333 peccatum
1604 4288 1787 4332 genere
1806 4276 1914 4318 eive
1934 4277 2111 4319 contra
2131 4288 2220 4319 noe
2240 4277 2346 4321 sive
2366 4281 2546 4322 contra
2563 4278 2723 4323 Deum
2744 4280 2845 4335 agi.
2856 4279 3204 4335 Spectandum

727 4348 808 4389 est
822 4346 960 4389 enim
976 4345 1167 4388 Christi
1187 4345 1472 4396 consilium,
1494 4347 1553 4386 ut
1574 4346 1866 4395 peccantem
1886 4354 1987 4384 nou
2007 4344 2184 4386 acerbe
2204 4356 2513 4397 accusemus,
2527 4345 2612 4389 sed
2629 4345 2841 4401 benigne
2869 4346 3202 4403 corrigamus.

730 4410 872 4454 Dixit
893 4414 1066 4454 autem
1093 4414 1138 4455 ei
1151 4413 1408 4465 peccaverit
1436 4411 1490 4451 in
1516 4412 1586 4461 te,·
1605 4408 1726 4461 quin
1755 4411 1881 4451 tuuc
1906 4409 2091 4461 acerbi,
2113 4413 2240 4454 tuuc
2258 4424 2413 4463 acres,
2436 4416 2561 4455 tunc
2587 4412 2792 4455 disserti
2820 4413 3209 4467 reprehensores

731 4490 837 4523 esse
864 4477 1099 4531 solemus,
1121 4490 1238 4520 cum
1266 4488 1363 4529 eos,
1384 4475 1473 4529 qui
1492 4477 1671 4518 contra
1698 4486 1789 4517 nos
1819 4479 2175 4531 peccaverunt,
2195 4478 2536 4533 obiurgemus.
2558 4479 2626 4522 Et
2645 4478 2810 4522 voluit
2829 4479 3205 4533 sapientissime

731 4543 966 4587 Christus
994 4544 1064 4587 ibi
1094 4543 1236 4586 nobis
1263 4543 1497 4585 fraenum
1526 4540 1751 4594 iniicere,
1771 4541 1857 4584 ubi
1889 4541 2169 4586 maximum
2199 4544 2484 4598 periculum
2513 4546 2638 4595 erat,
2670 4557 2733 4587 ne
2762 4544 3068 4599 praecipites
3097 4559 3208 4600 uge-

727 4623 926 4656 remue:
958 4616 1132 4654 temen
1160 4621 1221 4652 ex
1249 4620 1355 4652 una
1382 4613 1703 4662 peccatorum
1731 4609 1895 4664 specie
1926 4612 2093 4654 totum
2118 4623 2280 4665 genus
2311 4611 2704 4665 intelligendum
2731 4616 2809 4657 est
2830 4628 2871 4657 ι.
2897 4612 2955 4657 Ε.
