3497 5147
660 379 768 433 294
874 393 1086 433 TRACT.
1115 393 1197 433 vl.
1222 391 1388 433 sacr.
1417 394 1454 433 1.
1482 393 1567 431 66
1591 389 1783 431 muno
1809 388 2026 430 paam.
2057 361 2384 430 nsscALoar.
2411 388 2553 430 GAP.
2574 389 2635 428 11.
2666 388 2808 429 6116.
2835 389 2901 427 11.
2979 374 3117 442 {3981

754 489 944 554 Addit
967 491 1091 553 tres
1117 490 1453 552 sententias
1479 488 1708 557 adesse,
1730 502 1937 549 OMNES
1962 501 2128 548 sarrs
2154 502 2532 548 PROBABILES
2556 512 2590 541 «
2611 484 2841 548 Prima
2857 484 3118 567 (inquit)

661 593 849 666 tenet,
891 591 1163 673 praeciso
1212 590 1520 665 scandale,
1562 607 1880 670 nunquam
1927 607 2058 651 esse
2104 587 2500 671 sacrilegium
2546 589 2833 671 copulam
2866 589 3121 651 marita-

660 693 781 758 lem
827 696 937 758 aut
984 693 1304 776 sanguinis
1326 692 1712 757 effusionem
1761 691 1836 755 ad
1884 690 2196 773 propriam
2246 690 2692 765 defensionem;
2733 693 2882 772 quia
2919 692 3121 775 prohi-

659 797 841 860 betur
888 796 1022 859 sola
1068 796 1283 860 effusio
1324 794 1549 857 illicita
1582 819 1643 857 ».
1683 794 1883 857 Labes
1914 793 2100 856 huius
2132 792 2475 856 sententiae
2512 794 2626 871 est,
2662 794 2827 874 quod
2874 814 2997 859 non
3033 813 3120 857 re-

659 899 930 982 stringat
980 898 1057 961 ad
1102 916 1337 961 meram
1383 898 1811 961 necessitatem
1857 894 2102 959 licitum
2149 911 2332 958 usum
2380 894 2675 979 coniugii,
2709 898 2783 959 111
2829 898 3004 979 patet
3050 917 3118 961 ex

660 1000 1006 1064 rationibus
1042 998 1352 1063 Dicastilli
1385 1000 1523 1063 infr.
1553 1020 1610 1062 6.
1642 999 1788 1061 165.
1821 998 1965 1060 166.
1993 998 2296 1062 Auctores
2330 1000 2541 1062 autem
2574 998 2831 1082 allegati
2861 1000 3119 1080 loquun-

661 1106 765 1168 tur
802 1102 876 1165 de
914 1102 1276 1165 necessitate
1324 1105 1386 1165 et
1432 1101 1519 1165 sic
1555 1103 1869 1164 excusant.
1904 1098 2081 1179 Quod
2128 1099 2280 1163 dicit
2316 1101 2388 1163 de
2435 1099 2756 1183 sanguinis
2804 1102 3114 1177 effusione,

662 1206 907 1287 quando
941 1206 1058 1268 erit
1104 1204 1464 1268 scandalum
1503 1203 1554 1267 si
1602 1204 1715 1267 fiat
1747 1204 1821 1267 ad
1856 1202 2267 1266 defensionem
2288 1207 2317 1265 Ρ
2356 1226 2391 1260 ‹
2427 1201 2713 1265 Secunda
2741 1203 3002 1285 (inquit)
3034 1204 3120 1267 di-

660 1307 929 1391 stinguit
960 1308 1024 1370 61
1056 1306 1224 1382 (11611,
1258 1306 1567 1371 committi
1605 1306 1852 1387 quidem
1885 1305 2281 1388 sacrilegium
2329 1306 2392 1368 et
2428 1305 2748 1370 ecclesiam
2785 1307 2980 1389 pollui
3014 1326 3121 1389 per

661 1409 980 1492 sanguinis
1026 1411 1138 1471 aut
1184 1409 1434 1472 seminis
1488 1406 1808 1486 publicam
1853 1407 2245 1481 effusionem3
2295 1426 2418 1472 non
2465 1428 2609 1472 vero
2658 1428 2765 1491 per
2812 1411 3119 1474 occultam

660 1510 850 1575 etiam
882 1510 1232 1574 illicitam...
1260 1511 1468 1587 Ratio,
1502 1511 1713 1591 quia...
1742 1510 1887 1572 talis
1920 1509 2135 1573 effusio
2161 1528 2282 1572 non
2314 1510 2409 1573 est
2439 1510 2834 1594 sacrilegium
2881 1511 2956 1576 de
2989 1513 3121 1576 iure

659 1613 887 1686 divinO,
928 1613 1030 1677 sed
1078 1616 1327 1677 tantum
1366 1612 1438 1676 de
1470 1613 1602 1675 iure
1635 1612 2085 1687 EcclesiasticO,
2121 1631 2242 1693 quo
2292 1612 2424 1675 sola
2458 1612 2704 1694 publica
2735 1613 2953 1678 effusio
2989 1634 3122 1696 pro·

658 1716 854 1779 hiberi
886 1714 1148 1791 videtur,
1184 1714 1332 1778 dum
1380 1718 1629 1778 tantum
1675 1733 1782 1797 per
1820 1714 2008 1777 istam
2042 1713 2322 1777 aufertur
2367 1712 2431 1776 in
2472 1714 2757 1795 opinione
2795 1716 3121 1780 hominum

658 1818 999 1881 reverentia
1031 1817 1166 1881 loco
1207 1836 1380 1881 sacro
1414 1816 1621 1881 debita
1653 1818 1718 1879 et
1755 1816 1978 1879 saltem
2027 1816 2103 1879 ob
2150 1818 2473 1880 tantorum
2506 1817 2641 1880 DD.
2678 1819 3120 1882 auctoritatem

658 1920 815 1982 hanc
841 1919 1211 1982 sententiam
1235 1919 1384 1982 bene
1409 1920 1635 2001 putant
1657 1917 2041 2000 probabilem
2065 1916 2600 1981 Salmanticenses.
2621 1916 2678 1981 N
2682 1921 2864 1982 otant
2887 1923 3117 1995 tamen,

659 2021 825 2102 quod
856 2021 932 2084 ut
960 2020 1175 2085 effusio
1208 2021 1450 2084 dicatur
1481 2020 1608 2083 iam
1638 2021 1905 2102 publica,
1939 2021 2191 2093 sufficit,
2224 2020 2278 2083 si
2311 2020 2741 2084 manifestetur
2772 2023 2975 2086 verbis
3009 2027 3121 2087 aut

659 2123 713 2186 si
760 2122 856 2185 vir
901 2125 964 2186 et
1010 2122 1237 2186 femina
1272 2121 1336 2185 in
1374 2124 1587 2187 eodem
1618 2124 1758 2187 toro
1791 2123 2014 2186 cubare
2062 2123 2393 2185 cernantur
2424 2124 2502 2185 tr.
2533 2125 2590 2185 9.
2619 2142 2670 2185 c.
2703 2124 2804 2187 15.
2832 2145 2892 2188 6.
2922 2126 3024 2188 65.
3052 2150 3112 2188 ».

658 2223 893 2288 Verum
939 2225 1001 2287 id
1048 2226 1143 2288 661
1195 2228 1410 2288 contra
1463 2243 1855 2289 communem
1910 2225 2301 2297 sententiam,
2352 2225 2426 2287 ut
2470 2224 2742 2288 Ecclesia
2790 2232 3116 2292 censeatur

658 2327 921 2408 polluta,
956 2326 1270 2390 deficiente
1300 2327 1695 2401 notorietate,
1731 2346 1889 2407 quae
1922 2327 1984 2389 in
2016 2327 2132 2389 tali
2164 2327 2489 2409 hypothesi
2521 2345 2641 2390 non
2675 2327 3029 2393 haberetur.

746 2428 827 2491 Et
859 2427 997 2491 dein
1029 2428 1241 2492 subdit
1273 2430 1521 2491 tertiam
1545 2430 1917 2492 sententiam
1950 2429 2064 2492 sic:
2100 2453 2133 2486 «
2163 2428 2378 2491 Tertia
2405 2428 2708 2492 sententia
2740 2430 3122 2511 probabilior

656 2532 826 2610 dicit,
877 2532 1077 2597 adhuc
1123 2552 1229 2616 per
1275 2534 1562 2616 copulam
1608 2533 1962 2597 maritalem
2012 2534 2318 2598 occultam
2364 2534 2673 2598 committi
2721 2536 3120 2621 sacrilegium

657 2640 721 2701 61
750 2637 1069 2702 6661661616
1115 2638 1331 2721 pollui,
1381 2638 1500 2700 nisi
1546 2637 1659 2700 fiat
1705 2657 1776 2701 ex
1823 2638 2046 2701 morali
2092 2639 2456 2702 necessitate
2492 2663 2553 2700 >›.
2594 2637 2764 2718 Quae
2810 2642 3121 2706 sententia

655 2740 861 2821 quoad
892 2740 1220 2804 secundam
1267 2741 1527 2822 partem,
1564 2758 1781 2821 nempe
1827 2739 2116 2804 ecclesiae
2160 2741 2588 2823 pollutionem,
2622 2743 2718 2805 est
2748 2741 2936 2816 falsa:
2974 2746 3122 2825 quia

656 2842 732 2906 ad
780 2843 939 2906 hanc
985 2843 1322 2925 requiritur
1370 2841 1709 2906 notorietas
1757 2842 1913 2906 iuris
1963 2843 2058 2907 vel
2106 2843 2275 2907 sacti.

744 2940 921 3015 398.
971 2944 1231 3027 Oportet
1275 2964 1403 3008 rem
1451 2945 1721 3027 penitius
1769 2945 2162 3028 investigare,
2213 2945 2390 3009 cuius
2439 2946 2838 3012 obscuritatis
2885 2949 3119 3013 crimen

654 3047 1052 3111 reiiciendum
1084 3049 1179 3109 est
1210 3047 1271 3109 ln
1305 3045 1841 3122 SalmanticenseS,
1877 3047 1985 3128 qui
2015 3049 2197 3111 tract.
2231 3048 2331 3110 11.
2367 3046 2441 3110 dc
2472 3048 2676 3111 Matr.
2706 3068 2756 3113 6.
2790 3051 2892 3112 15.
2921 3071 2982 3113 6.
3011 3051 3115 3115 62.

654 3167 777 3212 666
838 3149 1163 3212 minimam
1231 3147 1653 3212 confusionem
1716 3149 1860 3213 huic
1935 3149 2284 3230 quaestioni
2344 3150 2710 3213 intulerunt.
2775 3151 3118 3235 Praecipua

656 3253 868 3315 autem
900 3251 1049 3313 11666
1078 3250 1247 3314 labes
1296 3253 1406 3325 661,
1443 3251 1607 3332 quod
1654 3251 1918 3314 falsatae
1965 3252 2039 3314 ut
2084 3252 2423 3334 plurimum
2470 3253 2816 3317 referantur
2849 3255 3118 3319 aliorum

654 3353 969 3417 doctrinae
1001 3356 1064 3416 et
1110 3372 1179 3416 ex
1226 3352 1471 3417 falsatis
1504 3354 1668 3417 hisce
1715 3353 2012 3418 doctrinis
2059 3357 2301 3419 creatae
2340 3355 2467 3419 sint
2513 3357 2855 3420 sententiae
2887 3360 2954 3421 et
2984 3377 3120 3441 pro-

654 3455 1012 3521 babilitates
1052 3455 1549 3520 absurdissimae.

742 3559 824 3622 Et
856 3558 1059 3640 quoad
1107 3558 1372 3640 primam
1404 3559 1778 3622 sententiam
1826 3559 1981 3622 nihil
2027 3559 2206 3623 solidi
2257 3560 2370 3636 661,
2412 3561 2577 3642 quod
2626 3561 2680 3625 ei
2712 3562 3111 3648 suffragetur,

652 3662 782 3725 sive
827 3680 899 3725 ex
945 3664 1121 3743 parte
1169 3660 1566 3725 auctoritatis
1612 3662 1742 3725 sive
1789 3681 1859 3726 ex
1907 3664 2084 3744 parte
2128 3663 2409 3726 rationis.

744 3763 824 3825 Et
855 3763 1059 3843 quoad
1092 3763 1516 3837 auctoritates,
1545 3763 1857 3848 allegatur
1889 3765 1950 3827 in
1982 3765 2197 3847 primis
2222 3764 2450 3830 Glossa
2482 3766 2558 3830 ad
2591 3786 2641 3830 c.
2671 3767 2978 3833 Ecclesiis
3011 3772 3115 3834 20.

655 3864 728 3928 de
769 3862 1053 3927 Consecr.
1090 3866 1249 3928 Dist.
1285 3867 1356 3942 1..
1396 3865 1504 3929 ubi
1536 3866 1890 3947 allegantur
1921 3867 2082 3948 Ug0,
2118 3866 2509 3938 Laurentius,
2538 3867 2972 3952 Gandulphus
3001 3871 3116 3936 His

654 3967 904 4031 additur
949 3966 1433 4032 Archidiaconus
1481 3971 1544 4031 et
1588 3969 1895 4032 Henricus
1941 3968 2104 4052 apud
2152 3968 2419 4033 Sanchez
2468 3970 2542 4033 de
2589 3971 2883 4035 Mamm.
2917 3974 3025 4038 lib.
3053 3977 3113 4038 9.

654 4070 808 4153 disp.
855 4071 954 4133 15.
996 4089 1055 4132 n.
1109 4069 1195 4141 7.,·
1230 4070 1337 4150 qui
1384 4070 1575 4144 addit,
1626 4070 2022 4133 Hostiensem
2070 4072 2132 4134 in
2179 4091 2310 4154 cap.
2352 4072 2455 4135 fin.
2491 4072 2565 4136 de
2612 4071 2901 4138 Conseor.
2951 4097 3011 4141 n.
3051 4079 3112 4141 3.

650 4173 985 4238 indecisam
1032 4172 1517 4235 controversiam
1562 4172 1904 4252 reliquisse,
1953 4173 2206 4238 dicendo
2253 4157 2695 4240 consulendum
2759 4176 3113 4243 Romanum

653 4277 1015 4340 Pontificem
1064 4295 1135 4339 ac
1200 4275 1430 4357 pariter
1478 4294 1607 4338 rem
1654 4294 1772 4339 non
1824 4275 2091 4340 decisam
2149 4278 2338 4343 fuisse
2387 4298 2422 4342 a
2471 4281 2698 4344 Ioanne
2744 4280 2994 4346 Andrea
3050 4284 3112 4346 in

652 4399 784 4462 cap.
812 4381 972 4444 unic.
1008 4379 1083 4442 de
1115 4378 1400 4443 Con-secr.
1428 4380 1489 4442 in
1518 4379 1577 4442 6.
1606 4400 1663 4442 n.
1693 4381 1753 4443 3.
1783 4383 1845 4444 et
1870 4381 1929 4444 4.
1959 4382 2022 4445 et
2045 4383 2485 4448 Ancharanum
2509 4385 2572 4448 in
2604 4385 2784 4449 eund.
2811 4386 2929 4451 loc.
2957 4408 3016 4452 n.
3051 4388 3108 4450 2.

741 4483 935 4563 Atqui
959 4482 1310 4546 Hostiensis
1347 4500 1738 4563 nequaquam
1774 4484 1909 4566 agit
1940 4483 2012 4546 de
2050 4504 2216 4560 casu,
2245 4505 2368 4567 quo
2401 4487 2531 4550 sine
2562 4488 2692 4551 ulla
2723 4490 3107 4564 necessitate,

652 4588 726 4651 ut
771 4586 922 4649 dicit
960 4583 1229 4649 Sanchez
1275 4583 1315 4645 l.
1345 4603 1395 4646 c.
1424 4604 1482 4647 n.
1515 4584 1594 4663 7.,
1622 4585 1911 4670 coniugio
1958 4589 2220 4651 utantur
2266 4589 2329 4652 in
2376 4589 2648 4654 ecclesia.
2690 4588 2790 4655 Sic
2826 4592 2992 4657 enim
3036 4591 3108 4656 de
