3497 5147
314 337 446 414 [587]
576 351 745 400 QUAE
781 354 859 394 m·
898 352 1148 400 quanm
1185 353 1280 395 srr
1318 353 1649 396 onmoano
1686 354 2034 397 mammen
2073 354 2462 396 Pnourssoau
2633 342 2740 397 451

410 449 528 501 ΧΗ.
557 448 703 514 Resp.
725 450 773 502 2.
794 450 1120 504 iuramentum
1146 448 1516 515 promissorium
1540 451 1744 502 eandem
1769 453 1920 503 habet
1945 449 2271 504 conditionem
2296 452 2565 517 eodemque
2594 453 2739 505 modo

317 531 630 598 explicandum
658 539 748 595 est,
774 547 873 597 quo
901 532 1178 600 promissiO,
1207 537 1283 586 vel
1314 534 1633 600 propositum,
1662 533 1742 587 cui
1767 543 1842 587 est
1870 550 2127 588 annexum.
2154 533 2297 586 Ratio
2326 542 2416 598 est,
2447 535 2556 600 quia
2583 551 2740 589 acces·

312 616 481 670 soi-ium
505 615 727 680 sequitur
754 615 1043 683 principale:
1069 616 1280 683 ideoque
1303 620 1497 683 quando
1523 632 1617 670 non
1656 618 1840 681 obligat
1866 619 2144 685 promissiO,
2176 633 2264 671 nec
2289 618 2472 682 obligat
2499 618 2737 671 iuramen-

316 706 406 753 tum
429 700 716 766 appositum.
744 702 880 754 Less.
906 703 938 754 l.
966 704 1015 755 2.
1041 715 1084 755 c.
1108 701 1193 754 42.
1221 703 1268 755 d.
1299 701 1346 755 4.
1374 703 1553 756 Bonae.
1580 703 1628 755 d.
1656 703 1703 756 4.
1730 717 1777 768 q.
1809 705 1854 756 l.
1882 718 1928 770 p.
1961 705 2042 756 46.
2069 702 2222 756 Trull.
2249 703 2282 755 l.
2312 705 2358 755 2.
2385 717 2429 756 c.
2460 705 2506 756 l.
2533 704 2580 756 d.
2610 704 2693 755 ⁴7.

397 847 560 922 587.
612 852 647 890 *
672 853 747 916 In
779 853 962 935 Resp.
997 853 1393 936 praecedente
1439 855 1691 937 eiusque
1738 856 1969 920 Resoll.
2021 859 2230 920 actum
2278 856 2373 919 est
2417 875 2525 938 per
2569 874 2631 919 se
2678 853 2751 918 de

321 954 682 1037 obligatione
727 954 1064 1019 iuramenti
1107 956 1524 1039 promissorii:
1590 976 1753 1021 nunc
1798 957 1871 1022 de
1920 957 2326 1041 amplitudine
2371 958 2558 1021 huius
2607 956 2757 1021 obli-

317 1055 569 1140 gationis
616 1075 817 1121 sermo
866 1059 979 1121 est.

396 1156 647 1236 Quando
681 1157 1009 1222 intercedit
1037 1160 1364 1242 promissio
1399 1163 1509 1225 aut
1539 1163 1897 1226 contractus
1931 1164 1994 1227 et
2032 1161 2282 1225 additur
2311 1162 2755 1237 iuramentum,

315 1263 534 1324 certum
573 1261 686 1336 est,
722 1259 814 1324 ait
835 1259 1062 1325 Suarez
1099 1261 1140 1326 l.
1178 1263 1238 1326 2.
1278 1283 1327 1327 c.
1368 1264 1424 1326 1.
1458 1284 1519 1327 n.
1554 1264 1639 1341 4.,
1675 1263 1818 1327 addi
1850 1264 2176 1347 specialem
2209 1263 2653 1347 obligationem
2678 1261 2756 1327 ad

320 1361 559 1425 eandem
592 1361 1065 1444 promissionem
1096 1364 1196 1428 vel
1227 1365 1617 1430 contractum
1641 1365 2044 1447 implendum,
2069 1365 2513 1450 obligationem
2546 1383 2763 1447 nempe

308 1483 376 1528 ex
425 1464 739 1547 religione.
805 1461 998 1529 Cuius
1044 1464 1185 1530 finis
1234 1468 1331 1530 est
1375 1466 1679 1548 quaedam
1726 1466 2115 1532 confirmatio
2180 1465 2607 1548 promissionis
2647 1467 2759 1530 aut

306 1569 674 1631 contractus.
724 1565 891 1631 Nam
938 1567 1100 1631 sicut
1143 1569 1566 1633 iuramentum
1612 1569 2014 1633 assertor-ium
2076 1567 2492 1650 interponitur
2539 1567 2617 1630 ad
2662 1585 2759 1631 ve-

312 1669 548 1733 ritatem
598 1667 1083 1734 confirmandam
1129 1670 1504 1735 auctoritate
1549 1671 1777 1746 divina;
1828 1670 1917 1734 ita
1979 1670 2400 1734 iuramentum
2433 1669 2761 1751 promisse-

309 1772 463 1835 rium
491 1771 587 1848 fit,
630 1774 720 1846 ut,
761 1772 973 1836 eadem
1007 1773 1402 1847 auctoritate,
1421 1773 1589 1837 certa
1613 1775 1676 1836 et
1705 1772 2044 1836 immobilis
2077 1772 2379 1835 habeatur
2409 1771 2756 1852 promissio.

314 1872 457 1936 Ibid.
494 1893 548 1938 n.
590 1876 649 1936 2.

399 1979 558 2044 Haec
593 1981 802 2045 autem
833 1980 1221 2045 confirmatio
1245 1981 1689 2064 promissionis,
1717 2000 1876 2064 quae
1900 1984 1994 2046 est
2019 2000 2055 2045 a
2084 1981 2435 2044 iuramento
2468 1981 2532 2044 et
2563 1978 2764 2044 oritur

312 2101 377 2146 ex
411 2081 726 2166 religione,
773 2081 1210 2166 distinguenda
1254 2085 1350 2147 est
1394 2084 1472 2146 ab
1509 2102 1581 2147 ea
1611 2083 2096 2159 confirmatione,
2129 2082 2204 2146 de
2248 2100 2371 2164 qua
2401 2081 2588 2164 paulo
2623 2081 2764 2163 post

309 2203 364 2246 n.
397 2203 515 2266 seq.
548 2183 1032 2267 disputabimus,
1071 2184 1191 2249 Illa
1229 2185 1391 2248 enim
1422 2185 1590 2268 prior
1635 2185 1873 2249 nullam
1921 2204 1990 2248 ex
2028 2182 2273 2247 iustitia
2320 2182 2763 2266 obligationem

306 2285 552 2363 inducit,
596 2286 764 2362 haec,
805 2287 859 2350 si
891 2286 1150 2363 adesset,
1185 2286 1628 2371 obligationem
1661 2307 1733 2351 ex
1763 2286 2009 2350 iustitia
2038 2286 2344 2370 gigneret.

386 2387 473 2453 Ut
502 2388 934 2454 iuramentum
970 2389 1213 2453 dicatur
1257 2389 1833 2471 quomodocumque
1863 2388 2335 2472 promissionem
2381 2385 2763 2465 confirmare,

303 2492 540 2573 oportet
599 2492 673 2554 ut
720 2490 930 2573 ipsum
976 2491 1161 2555 cadat
1203 2491 1268 2556 in
1315 2493 1787 2575 promissionem
1833 2491 2258 2573 habeaturque
2302 2490 2627 2575 promissio
2675 2489 2768 2556 iu-

305 2600 468 2660 rata:
503 2598 557 2661 si
608 2596 777 2661 enim
829 2598 1151 2680 promittis
1182 2601 1246 2662 et
1277 2598 1463 2661 simul
1510 2599 1678 2662 iuras
1726 2600 1788 2662 te
1835 2597 2168 2674 facturum,
2200 2597 2293 2661 ita
2321 2598 2396 2661 ut
2429 2597 2555 2661 duo
2589 2598 2766 2660 actus

299 2699 419 2763 sint
464 2720 573 2784 per
606 2718 677 2765 se
719 2701 977 2779 stantes,
1035 2700 1308 2766 nondum
1345 2694 1609 2765 habetur
1659 2720 1873 2784 reapse
1924 2701 2346 2766 iuramentum
2397 2698 2767 2765 confirmans

304 2803 797 2884 promissionem.

386 2905 521 2969 Iam
554 2923 707 2971 vero
734 2904 1099 2981 doctrinam,
1133 2923 1321 2988 quam
1341 2906 1401 2969 in
1435 2906 1554 2969 hac
1588 2906 1981 2988 responsione
2013 2904 2209 2969 tradit
2237 2907 2334 2982 A.,
2370 2905 2457 2970 sic
2478 2902 2770 2988 proponit

301 3005 546 3071 Lessius
584 3008 631 3070 1.
684 3025 767 3069 c.:
816 3029 853 3065 ⁴<
886 3004 1143 3084 Quando
1191 3006 1517 3089 promissio
1566 3008 1664 3072 vel
1711 3007 2099 3090 propositum
2146 3006 2219 3071 de
2264 3026 2328 3071 re
2376 3007 2536 3070 bona
2583 3006 2770 3069 habet

301 3109 562 3173 tacitam
599 3108 882 3190 aliquam
914 3107 1325 3173 conditionem
1360 3109 1457 3173 vel
1488 3099 1941 3174 restrictionem
1965 3109 2093 3174 sive
2118 3128 2188 3172 ex
2218 3108 2423 3171 mente
2459 3107 2771 3188 loquentis

303 3210 429 3274 sive
477 3231 550 3279 ex
601 3209 1012 3292 dispositione
1058 3210 1212 3276 iuris
1259 3212 1387 3275 sive
1434 3230 1505 3276 ex
1550 3213 1794 3295 recepta
1840 3210 2302 3285 consuetudine,
2351 3209 2771 3274 iuramentum

304 3312 395 3376 illi
445 3314 814 3397 appositum
861 3315 1141 3377 censetur
1173 3314 1427 3377 eandem
1460 3314 1873 3379 conditionem
1905 3314 2004 3378 vel
2040 3312 2492 3377 restrictionem
2528 3311 2771 3375 habere.

306 3413 416 3479 Est
463 3415 822 3480 communis
891 3415 1026 3480 DD.
1096 3415 1426 3492 PrObatur,
1483 3414 1629 3496 quia
1664 3416 2086 3479 iuramentum
2135 3414 2415 3495 sequitur
2481 3413 2773 3476 naturam

304 3518 503 3594 actuS,
539 3536 733 3600 super
780 3535 967 3599 quem
999 3518 1199 3595 cadit3
1236 3517 1642 3582 accessorium
1679 3517 1844 3580 enim
1889 3515 2170 3598 sequitur
2214 3514 2505 3577 naturam
2552 3512 2776 3593 princi-

301 3619 531 3702 palis...
586 3617 1031 3696 Confirmatur,
1067 3619 1215 3703 quia
1237 3619 1659 3684 iuramentum
1703 3636 1825 3682 non
1875 3617 2123 3680 additur
2153 3615 2228 3679 ut
2257 3613 2604 3697 promissiO,
2644 3632 2779 3696 pro·

303 3722 610 3804 positum,
649 3723 1007 3786 contractus
1046 3723 1229 3787 aliter
1259 3720 1659 3803 accipiantur,
1695 3738 1884 3801 quam
1931 3736 2039 3801 per
2083 3736 2147 3781 se
2181 3716 2373 3798 accipi
2405 3715 2625 3796 solent,
2674 3715 2780 3780 sed

296 3826 369 3889 ut
415 3844 490 3889 eo
527 3823 723 3888 modo
759 3824 1094 3902 intellecta,
1134 3842 1257 3907 quo
1305 3822 1575 3907 intelligi
1620 3822 1843 3897 solent,
1876 3840 1998 3885 non
2044 3820 2283 3904 possint
2325 3819 2629 3895 revocari3
2664 3819 2781 3884 ita-

297 3945 415 4009 que
455 3944 588 3991 non
640 3925 815 3990 tollit
855 3946 965 3991 nec
1010 3927 1282 3993 excludit
1325 3926 1544 3991 solitas
1605 3923 2005 3989 conditiones.
2069 3922 2315 3989 Scilicet
2358 3921 2780 3986 iuramentum

300 4026 792 4111 promissorium
817 4028 1190 4094 confirmans
1220 4030 1628 4107 contractum,
1662 4027 1819 4091 illud
1854 4026 2016 4090 idem
2049 4025 2328 4109 spondet,
2353 4025 2416 4089 in
2449 4024 2609 4107 quod
2645 4041 2783 4087 con·

300 4130 562 4194 trahens
590 4129 934 4194 consensit:
969 4150 1116 4216 ergo
1148 4131 1530 4196 conditiones
1576 4129 1798 4195 solitae
1830 4147 2162 4193 consensus
2199 4128 2349 4191 sunt
2399 4126 2591 4189 etiam
2636 4140 2781 4186 con·
2845 4158 2846 4161 =

295 4233 574 4297 ditiones
627 4230 983 4313 iuramenti,
1016 4236 1091 4299 ut
1124 4234 1376 4323 obliget.
1403 4235 1438 4271 *

385 4341 599 4405 Pon-o
645 4339 1015 4424 principium
1062 4341 1254 4406 illud:
1310 4366 1345 4399 ‹
1377 4340 1785 4405 accessorium
1833 4338 2115 4421 sequitur
2145 4334 2480 4420 principale
2512 4358 2548 4392 »
2585 4332 2784 4398 conti-

302 4446 492 4506 netur
526 4441 758 4524 regula
788 4442 944 4508 iuris
975 4445 1082 4508 42.
1114 4443 1179 4509 in
1213 4443 1274 4506 6.
1300 4442 1738 4506 Accessorium
1767 4444 2064 4504 naturam
2083 4437 2262 4518 sequi
2291 4436 2581 4518 conyruit
2592 4435 2784 4515 prin-

294 4544 553 4627 cipales.
634 4540 821 4609 quta
873 4547 1009 4611 DD.
1065 4564 1211 4611 vero
1266 4544 1433 4607 fallit
1484 4545 1635 4608 haec
1679 4543 1898 4626 regula
1951 4539 2196 4623 quando
2244 4539 2306 4602 in
2354 4537 2679 4623 principali
2724 4538 2787 4600 et
