<?xml version="1.0" encoding="UTF-8"?>
<!DOCTYPE html PUBLIC "-//W3C//DTD XHTML 1.0 Transitional//EN"
    "http://www.w3.org/TR/xhtml1/DTD/xhtml1-transitional.dtd">
<html xmlns="http://www.w3.org/1999/xhtml" xml:lang="en" lang="en">
 <head>
  <title>
</title>
<meta http-equiv="Content-Type" content="text/html;charset=utf-8" />
  <meta name='ocr-system' content='tesseract 3.04.00' />
  <meta name='ocr-capabilities' content='ocr_page ocr_carea ocr_par ocr_line ocrx_word'/>
</head>
<body>
  <div class='ocr_page' id='page_1' title='image "./opustheologicum00ballgoog/opustheologicum00ballgoog_0146.png"; bbox 0 0 3497 5147; ppageno 0'>
   <div class='ocr_carea' id='block_1_1' title="bbox 341 370 2801 445">
    <p class='ocr_par' dir='ltr' id='par_1_1' title="bbox 341 370 2801 445">
     <span class='ocr_line' id='line_1_1' title="bbox 341 370 2801 445; baseline 0 -18"><span class='ocrx_word' id='word_1_1' title='bbox 341 370 483 445; x_wconf 79' lang='lat'>[187]</span> <span class='ocrx_word' id='word_1_2' title='bbox 970 386 1053 424; x_wconf 69' lang='lat' dir='ltr'>Dr:</span> <span class='ocrx_word' id='word_1_3' title='bbox 1090 384 1236 429; x_wconf 83' lang='lat' dir='ltr'>omo</span> <span class='ocrx_word' id='word_1_4' title='bbox 1273 386 1351 425; x_wconf 74' lang='lat' dir='ltr'>m</span> <span class='ocrx_word' id='word_1_5' title='bbox 1389 385 1760 425; x_wconf 61' lang='lat' dir='ltr'>mammons</span> <span class='ocrx_word' id='word_1_6' title='bbox 1801 384 2171 428; x_wconf 72' lang='lat' dir='ltr'>mmrcomm</span> <span class='ocrx_word' id='word_1_7' title='bbox 2697 374 2801 428; x_wconf 80' lang='lat'>139</span> 
     </span>
    </p>
   </div>
   <div class='ocr_carea' id='block_1_2' title="bbox 320 480 2803 4661">
    <p class='ocr_par' dir='ltr' id='par_1_2' title="bbox 338 480 2803 1271">
     <span class='ocr_line' id='line_1_2' title="bbox 339 480 2800 568; baseline 0.001 -22"><span class='ocrx_word' id='word_1_8' title='bbox 339 483 639 568; x_wconf 73' lang='lat' dir='ltr'>goriuS...‚</span> <span class='ocrx_word' id='word_1_9' title='bbox 680 480 846 563; x_wconf 90' lang='lat' dir='ltr'>quod</span> <span class='ocrx_word' id='word_1_10' title='bbox 893 481 1045 545; x_wconf 90' lang='lat' dir='ltr'>iusti</span> <span class='ocrx_word' id='word_1_11' title='bbox 1091 482 1578 564; x_wconf 80' lang='lat' dir='ltr'>persecutionem</span> <span class='ocrx_word' id='word_1_12' title='bbox 1624 486 2034 560; x_wconf 79' lang='lat' dir='ltr'>commovent,</span> <span class='ocrx_word' id='word_1_13' title='bbox 2071 484 2174 548; x_wconf 87' lang='lat' dir='ltr'>sed</span> <span class='ocrx_word' id='word_1_14' title='bbox 2222 487 2531 560; x_wconf 87' lang='lat' dir='ltr'>amantes;</span> <span class='ocrx_word' id='word_1_15' title='bbox 2569 485 2716 566; x_wconf 89' lang='lat' dir='ltr'>quia</span> <span class='ocrx_word' id='word_1_16' title='bbox 2748 485 2800 548; x_wconf 88' lang='lat' dir='ltr'>si</span> 
     </span>
     <span class='ocr_line' id='line_1_3' title="bbox 339 583 2803 668; baseline 0 -20"><span class='ocrx_word' id='word_1_17' title='bbox 339 584 490 650; x_wconf 85' lang='lat' dir='ltr'>foris</span> <span class='ocrx_word' id='word_1_18' title='bbox 534 584 986 667; x_wconf 79' lang='lat' dir='ltr'>increpationes</span> <span class='ocrx_word' id='word_1_19' title='bbox 1032 603 1140 666; x_wconf 89' lang='lat' dir='ltr'>per</span> <span class='ocrx_word' id='word_1_20' title='bbox 1183 583 1569 666; x_wconf 80' lang='lat' dir='ltr'>disciplinam</span> <span class='ocrx_word' id='word_1_21' title='bbox 1617 587 2014 668; x_wconf 75' lang='lat' dir='ltr'>exaggerant,</span> <span class='ocrx_word' id='word_1_22' title='bbox 2055 586 2225 649; x_wconf 86' lang='lat' dir='ltr'>intus</span> <span class='ocrx_word' id='word_1_23' title='bbox 2272 589 2480 650; x_wconf 83' lang='lat' dir='ltr'>tamen</span> <span class='ocrx_word' id='word_1_24' title='bbox 2536 586 2803 650; x_wconf 89' lang='lat' dir='ltr'>dulcedi-</span> 
     </span>
     <span class='ocr_line' id='line_1_4' title="bbox 338 686 2801 770; baseline 0.001 -20"><span class='ocrx_word' id='word_1_25' title='bbox 338 707 476 750; x_wconf 88' lang='lat' dir='ltr'>nem</span> <span class='ocrx_word' id='word_1_26' title='bbox 522 706 633 769; x_wconf 90' lang='lat' dir='ltr'>per</span> <span class='ocrx_word' id='word_1_27' title='bbox 677 686 1006 750; x_wconf 89' lang='lat' dir='ltr'>caritatem</span> <span class='ocrx_word' id='word_1_28' title='bbox 1050 688 1319 749; x_wconf 89' lang='lat' dir='ltr'>servant.</span> <span class='ocrx_word' id='word_1_29' title='bbox 1370 687 1710 750; x_wconf 86' lang='lat' dir='ltr'>Possumus</span> <span class='ocrx_word' id='word_1_30' title='bbox 1742 687 1906 750; x_wconf 90' lang='lat' dir='ltr'>enim</span> <span class='ocrx_word' id='word_1_31' title='bbox 1940 687 2083 766; x_wconf 81' lang='lat' dir='ltr'>illis,</span> <span class='ocrx_word' id='word_1_32' title='bbox 2119 707 2274 770; x_wconf 89' lang='lat' dir='ltr'>quos</span> <span class='ocrx_word' id='word_1_33' title='bbox 2312 709 2383 752; x_wconf 84' lang='lat' dir='ltr'>ex</span> <span class='ocrx_word' id='word_1_34' title='bbox 2429 690 2690 752; x_wconf 85' lang='lat' dir='ltr'>caritate</span> <span class='ocrx_word' id='word_1_35' title='bbox 2714 688 2801 752; x_wconf 91' lang='lat' dir='ltr'>di·</span> 
     </span>
     <span class='ocr_line' id='line_1_5' title="bbox 339 787 2797 873; baseline 0.001 -21"><span class='ocrx_word' id='word_1_36' title='bbox 339 788 612 873; x_wconf 77' lang='lat' dir='ltr'>ligimus,</span> <span class='ocrx_word' id='word_1_37' title='bbox 647 788 807 852; x_wconf 85' lang='lat' dir='ltr'>velle</span> <span class='ocrx_word' id='word_1_38' title='bbox 854 790 967 852; x_wconf 88' lang='lat' dir='ltr'>aut</span> <span class='ocrx_word' id='word_1_39' title='bbox 1011 787 1232 852; x_wconf 86' lang='lat' dir='ltr'>inferre</span> <span class='ocrx_word' id='word_1_40' title='bbox 1280 789 1531 870; x_wconf 83' lang='lat' dir='ltr'>aliquod</span> <span class='ocrx_word' id='word_1_41' title='bbox 1575 789 1815 853; x_wconf 86' lang='lat' dir='ltr'>malum</span> <span class='ocrx_word' id='word_1_42' title='bbox 1848 792 2098 872; x_wconf 88' lang='lat' dir='ltr'>propter</span> <span class='ocrx_word' id='word_1_43' title='bbox 2128 791 2271 854; x_wconf 86' lang='lat' dir='ltr'>tria.</span> <span class='ocrx_word' id='word_1_44' title='bbox 2307 792 2517 855; x_wconf 89' lang='lat' dir='ltr'>Primo</span> <span class='ocrx_word' id='word_1_45' title='bbox 2552 791 2797 872; x_wconf 90' lang='lat' dir='ltr'>quidem</span> 
     </span>
     <span class='ocr_line' id='line_1_6' title="bbox 339 890 2799 974; baseline 0 -19"><span class='ocrx_word' id='word_1_46' title='bbox 339 892 589 974; x_wconf 88' lang='lat' dir='ltr'>propter</span> <span class='ocrx_word' id='word_1_47' title='bbox 619 908 834 955; x_wconf 90' lang='lat' dir='ltr'>eorum</span> <span class='ocrx_word' id='word_1_48' title='bbox 882 891 1303 955; x_wconf 89' lang='lat' dir='ltr'>curationem:</span> <span class='ocrx_word' id='word_1_49' title='bbox 1338 890 1602 955; x_wconf 89' lang='lat' dir='ltr'>secundo</span> <span class='ocrx_word' id='word_1_50' title='bbox 1636 891 2007 972; x_wconf 84' lang='lat' dir='ltr'>inquantum</span> <span class='ocrx_word' id='word_1_51' title='bbox 2050 893 2403 974; x_wconf 86' lang='lat' dir='ltr'>aliquorum</span> <span class='ocrx_word' id='word_1_52' title='bbox 2436 893 2799 974; x_wconf 87' lang='lat' dir='ltr'>temporalis</span> 
     </span>
     <span class='ocr_line' id='line_1_7' title="bbox 341 993 2799 1077; baseline 0 -20"><span class='ocrx_word' id='word_1_53' title='bbox 341 994 717 1077; x_wconf 83' lang='lat' dir='ltr'>prosperitas</span> <span class='ocrx_word' id='word_1_54' title='bbox 765 995 859 1057; x_wconf 88' lang='lat' dir='ltr'>est</span> <span class='ocrx_word' id='word_1_55' title='bbox 891 993 954 1056; x_wconf 91' lang='lat' dir='ltr'>in</span> <span class='ocrx_word' id='word_1_56' title='bbox 1001 993 1442 1057; x_wconf 85' lang='lat' dir='ltr'>detrimentum</span> <span class='ocrx_word' id='word_1_57' title='bbox 1490 993 1752 1058; x_wconf 87' lang='lat' dir='ltr'>alicuius</span> <span class='ocrx_word' id='word_1_58' title='bbox 1790 995 2213 1059; x_wconf 85' lang='lat' dir='ltr'>multitudinis</span> <span class='ocrx_word' id='word_1_59' title='bbox 2246 996 2344 1060; x_wconf 88' lang='lat' dir='ltr'>vel</span> <span class='ocrx_word' id='word_1_60' title='bbox 2376 996 2567 1059; x_wconf 89' lang='lat' dir='ltr'>etiam</span> <span class='ocrx_word' id='word_1_61' title='bbox 2600 995 2799 1060; x_wconf 87' lang='lat' dir='ltr'>totius</span> 
     </span>
     <span class='ocr_line' id='line_1_8' title="bbox 340 1095 2799 1161; baseline 0 -2"><span class='ocrx_word' id='word_1_62' title='bbox 340 1096 710 1160; x_wconf 83' lang='lat' dir='ltr'>Ecclesiae...</span> <span class='ocrx_word' id='word_1_63' title='bbox 752 1095 938 1160; x_wconf 84' lang='lat' dir='ltr'>tertio</span> <span class='ocrx_word' id='word_1_64' title='bbox 987 1096 1062 1158; x_wconf 88' lang='lat' dir='ltr'>ad</span> <span class='ocrx_word' id='word_1_65' title='bbox 1110 1095 1478 1159; x_wconf 88' lang='lat' dir='ltr'>servandum</span> <span class='ocrx_word' id='word_1_66' title='bbox 1529 1095 1803 1160; x_wconf 86' lang='lat' dir='ltr'>ordinem</span> <span class='ocrx_word' id='word_1_67' title='bbox 1852 1097 2095 1161; x_wconf 78' lang='lat' dir='ltr'>divinae</span> <span class='ocrx_word' id='word_1_68' title='bbox 2134 1098 2414 1161; x_wconf 85' lang='lat' dir='ltr'>iustitiae</span> <span class='ocrx_word' id='word_1_69' title='bbox 2461 1096 2799 1161; x_wconf 86' lang='lat' dir='ltr'>secundum</span> 
     </span>
     <span class='ocr_line' id='line_1_9' title="bbox 340 1196 2796 1271; baseline 0 -9"><span class='ocrx_word' id='word_1_70' title='bbox 340 1197 495 1262; x_wconf 81' lang='lat' dir='ltr'>illud</span> <span class='ocrx_word' id='word_1_71' title='bbox 538 1198 778 1261; x_wconf 86' lang='lat' dir='ltr'>Psalmi</span> <span class='ocrx_word' id='word_1_72' title='bbox 807 1196 1004 1260; x_wconf 88' lang='lat' dir='ltr'>LVII.</span> <span class='ocrx_word' id='word_1_73' title='bbox 1043 1198 1176 1260; x_wconf 86' lang='lat'>11.:</span> <span class='ocrx_word' id='word_1_74' title='bbox 1211 1221 1244 1254; x_wconf 68' lang='lat' dir='ltr'>a&lt;</span> <span class='ocrx_word' id='word_1_75' title='bbox 1277 1197 1651 1260; x_wconf 74' lang='lat' dir='ltr'>Laetabitur</span> <span class='ocrx_word' id='word_1_76' title='bbox 1681 1199 1905 1271; x_wconf 48' lang='lat' dir='ltr'>iustu&amp;</span> <span class='ocrx_word' id='word_1_77' title='bbox 1946 1220 2084 1262; x_wconf 78' lang='lat' dir='ltr'>eum</span> <span class='ocrx_word' id='word_1_78' title='bbox 2108 1199 2338 1263; x_wconf 76' lang='lat' dir='ltr'>viderit</span> <span class='ocrx_word' id='word_1_79' title='bbox 2370 1199 2709 1262; x_wconf 75' lang='lat' dir='ltr'>vindictam</span> <span class='ocrx_word' id='word_1_80' title='bbox 2734 1222 2796 1262; x_wconf 79' lang='lat'>».</span> 
     </span>
    </p>

    <p class='ocr_par' dir='ltr' id='par_1_3' title="bbox 341 1300 2799 1690">
     <span class='ocr_line' id='line_1_10' title="bbox 427 1300 2797 1385; baseline 0 -20"><span class='ocrx_word' id='word_1_81' title='bbox 427 1301 600 1380; x_wconf 84' lang='lat' dir='ltr'>Quae</span> <span class='ocrx_word' id='word_1_82' title='bbox 623 1300 896 1364; x_wconf 87' lang='lat' dir='ltr'>rationes</span> <span class='ocrx_word' id='word_1_83' title='bbox 920 1320 968 1363; x_wconf 93' lang='lat' dir='ltr'>s.</span> <span class='ocrx_word' id='word_1_84' title='bbox 1001 1300 1277 1364; x_wconf 73' lang='lat' dir='ltr'>&#39;rhomae</span> <span class='ocrx_word' id='word_1_85' title='bbox 1301 1301 1609 1383; x_wconf 82' lang='lat' dir='ltr'>explicant</span> <span class='ocrx_word' id='word_1_86' title='bbox 1631 1305 1765 1365; x_wconf 90' lang='lat' dir='ltr'>tum</span> <span class='ocrx_word' id='word_1_87' title='bbox 1804 1304 2066 1384; x_wconf 86' lang='lat' dir='ltr'>primam</span> <span class='ocrx_word' id='word_1_88' title='bbox 2115 1305 2354 1385; x_wconf 88' lang='lat' dir='ltr'>partem</span> <span class='ocrx_word' id='word_1_89' title='bbox 2401 1302 2797 1367; x_wconf 73' lang='lat' dir='ltr'>resolutionis</span> 
     </span>
     <span class='ocr_line' id='line_1_11' title="bbox 341 1403 2798 1488; baseline 0 -21"><span class='ocrx_word' id='word_1_90' title='bbox 341 1423 496 1485; x_wconf 87' lang='lat' dir='ltr'>qnae</span> <span class='ocrx_word' id='word_1_91' title='bbox 520 1403 761 1466; x_wconf 86' lang='lat' dir='ltr'>malum</span> <span class='ocrx_word' id='word_1_92' title='bbox 793 1404 1132 1485; x_wconf 86' lang='lat' dir='ltr'>temporale</span> <span class='ocrx_word' id='word_1_93' title='bbox 1164 1403 1366 1485; x_wconf 88' lang='lat' dir='ltr'>optari</span> <span class='ocrx_word' id='word_1_94' title='bbox 1400 1422 1576 1485; x_wconf 88' lang='lat' dir='ltr'>posse</span> <span class='ocrx_word' id='word_1_95' title='bbox 1599 1404 1752 1468; x_wconf 89' lang='lat' dir='ltr'>dicit</span> <span class='ocrx_word' id='word_1_96' title='bbox 1778 1406 1853 1468; x_wconf 90' lang='lat' dir='ltr'>ob</span> <span class='ocrx_word' id='word_1_97' title='bbox 1880 1405 2152 1469; x_wconf 87' lang='lat' dir='ltr'>eiusdem</span> <span class='ocrx_word' id='word_1_98' title='bbox 2178 1407 2440 1487; x_wconf 81' lang='lat' dir='ltr'>proximi</span> <span class='ocrx_word' id='word_1_99' title='bbox 2475 1405 2798 1488; x_wconf 88' lang='lat' dir='ltr'>spirituale</span> 
     </span>
     <span class='ocr_line' id='line_1_12' title="bbox 341 1505 2799 1590; baseline -0 -21"><span class='ocrx_word' id='word_1_100' title='bbox 341 1506 569 1571; x_wconf 88' lang='lat' dir='ltr'>bonum</span> <span class='ocrx_word' id='word_1_101' title='bbox 615 1508 756 1570; x_wconf 91' lang='lat' dir='ltr'>tum</span> <span class='ocrx_word' id='word_1_102' title='bbox 802 1505 992 1569; x_wconf 87' lang='lat' dir='ltr'>etiam</span> <span class='ocrx_word' id='word_1_103' title='bbox 1024 1507 1420 1587; x_wconf 86' lang='lat' dir='ltr'>postremam,</span> <span class='ocrx_word' id='word_1_104' title='bbox 1455 1525 1615 1587; x_wconf 90' lang='lat' dir='ltr'>quae</span> <span class='ocrx_word' id='word_1_105' title='bbox 1652 1505 1924 1589; x_wconf 87' lang='lat' dir='ltr'>idipsum</span> <span class='ocrx_word' id='word_1_106' title='bbox 1972 1508 2281 1590; x_wconf 87' lang='lat' dir='ltr'>permittit</span> <span class='ocrx_word' id='word_1_107' title='bbox 2328 1510 2578 1590; x_wconf 89' lang='lat' dir='ltr'>propter</span> <span class='ocrx_word' id='word_1_108' title='bbox 2615 1506 2799 1589; x_wconf 86' lang='lat' dir='ltr'>spiri-</span> 
     </span>
     <span class='ocr_line' id='line_1_13' title="bbox 341 1607 1629 1690; baseline -0.002 -17"><span class='ocrx_word' id='word_1_109' title='bbox 341 1610 508 1673; x_wconf 89' lang='lat' dir='ltr'>tuale</span> <span class='ocrx_word' id='word_1_110' title='bbox 554 1610 805 1685; x_wconf 88' lang='lat' dir='ltr'>bonum,</span> <span class='ocrx_word' id='word_1_111' title='bbox 853 1607 1173 1690; x_wconf 89' lang='lat' dir='ltr'>proprium</span> <span class='ocrx_word' id='word_1_112' title='bbox 1207 1608 1302 1671; x_wconf 89' lang='lat' dir='ltr'>vel</span> <span class='ocrx_word' id='word_1_113' title='bbox 1338 1608 1629 1672; x_wconf 84' lang='lat' dir='ltr'>alienum.</span> 
     </span>
    </p>

    <p class='ocr_par' dir='ltr' id='par_1_4' title="bbox 344 1710 2799 1878">
     <span class='ocr_line' id='line_1_14' title="bbox 427 1710 2799 1794; baseline -0 -18"><span class='ocrx_word' id='word_1_114' title='bbox 427 1711 645 1791; x_wconf 84' lang='lat' dir='ltr'>Quoad</span> <span class='ocrx_word' id='word_1_115' title='bbox 683 1711 1125 1794; x_wconf 85' lang='lat' dir='ltr'>applicationes</span> <span class='ocrx_word' id='word_1_116' title='bbox 1164 1710 1236 1774; x_wconf 90' lang='lat' dir='ltr'>de</span> <span class='ocrx_word' id='word_1_117' title='bbox 1285 1711 1503 1792; x_wconf 85' lang='lat' dir='ltr'>optata</span> <span class='ocrx_word' id='word_1_118' title='bbox 1548 1713 1750 1774; x_wconf 90' lang='lat' dir='ltr'>morte</span> <span class='ocrx_word' id='word_1_119' title='bbox 1797 1712 2258 1775; x_wconf 81' lang='lat' dir='ltr'>haeresiarchae</span> <span class='ocrx_word' id='word_1_120' title='bbox 2321 1715 2435 1776; x_wconf 85' lang='lat' dir='ltr'>etc.</span> <span class='ocrx_word' id='word_1_121' title='bbox 2486 1712 2655 1776; x_wconf 85' lang='lat' dir='ltr'>nulla</span> <span class='ocrx_word' id='word_1_122' title='bbox 2705 1715 2799 1776; x_wconf 90' lang='lat' dir='ltr'>est</span> 
     </span>
     <span class='ocr_line' id='line_1_15' title="bbox 344 1814 695 1878; baseline 0 0"><span class='ocrx_word' id='word_1_123' title='bbox 344 1814 695 1878; x_wconf 82' lang='lat' dir='ltr'>difficultas.</span> 
     </span>
    </p>

    <p class='ocr_par' dir='ltr' id='par_1_5' title="bbox 329 1911 2799 3022">
     <span class='ocr_line' id='line_1_16' title="bbox 434 1911 2798 1997; baseline -0.002 -12"><span class='ocrx_word' id='word_1_124' title='bbox 434 1911 587 1985; x_wconf 78' lang='grc'><strong>187.</strong></span> <span class='ocrx_word' id='word_1_125' title='bbox 628 1914 916 1994; x_wconf 82' lang='lat' dir='ltr'>Quaestio</span> <span class='ocrx_word' id='word_1_126' title='bbox 964 1914 1039 1978; x_wconf 88' lang='lat' dir='ltr'>fit</span> <span class='ocrx_word' id='word_1_127' title='bbox 1083 1915 1157 1978; x_wconf 91' lang='lat' dir='ltr'>de</span> <span class='ocrx_word' id='word_1_128' title='bbox 1204 1918 1402 1977; x_wconf 88' lang='lat' dir='ltr'>matre</span> <span class='ocrx_word' id='word_1_129' title='bbox 1434 1916 1764 1997; x_wconf 80' lang='lat' dir='ltr'>exoptante</span> <span class='ocrx_word' id='word_1_130' title='bbox 1796 1917 2059 1979; x_wconf 87' lang='lat' dir='ltr'>mortem</span> <span class='ocrx_word' id='word_1_131' title='bbox 2097 1916 2389 1994; x_wconf 85' lang='lat' dir='ltr'>filiarum,</span> <span class='ocrx_word' id='word_1_132' title='bbox 2426 1936 2495 1981; x_wconf 88' lang='lat' dir='ltr'>eo</span> <span class='ocrx_word' id='word_1_133' title='bbox 2529 1917 2692 1997; x_wconf 90' lang='lat' dir='ltr'>quod</span> <span class='ocrx_word' id='word_1_134' title='bbox 2719 1917 2798 1980; x_wconf 86' lang='lat' dir='ltr'>ob</span> 
     </span>
     <span class='ocr_line' id='line_1_17' title="bbox 340 2016 2799 2100; baseline 0.001 -21"><span class='ocrx_word' id='word_1_135' title='bbox 340 2016 792 2089; x_wconf 81' lang='lat' dir='ltr'>deformitatem</span> <span class='ocrx_word' id='word_1_136' title='bbox 825 2019 891 2082; x_wconf 90' lang='lat' dir='ltr'>et</span> <span class='ocrx_word' id='word_1_137' title='bbox 934 2018 1210 2099; x_wconf 85' lang='lat' dir='ltr'>inopiam</span> <span class='ocrx_word' id='word_1_138' title='bbox 1241 2037 1363 2081; x_wconf 91' lang='lat' dir='ltr'>non</span> <span class='ocrx_word' id='word_1_139' title='bbox 1401 2017 1599 2100; x_wconf 88' lang='lat' dir='ltr'>possit</span> <span class='ocrx_word' id='word_1_140' title='bbox 1630 2036 1733 2081; x_wconf 88' lang='lat' dir='ltr'>eas</span> <span class='ocrx_word' id='word_1_141' title='bbox 1768 2017 2008 2081; x_wconf 83' lang='lat' dir='ltr'>tradere</span> <span class='ocrx_word' id='word_1_142' title='bbox 2040 2018 2282 2100; x_wconf 87' lang='lat' dir='ltr'>nuptui.</span> <span class='ocrx_word' id='word_1_143' title='bbox 2324 2019 2405 2082; x_wconf 86' lang='lat' dir='ltr'>Et</span> <span class='ocrx_word' id='word_1_144' title='bbox 2451 2037 2501 2082; x_wconf 90' lang='lat' dir='ltr'>s.</span> <span class='ocrx_word' id='word_1_145' title='bbox 2528 2019 2799 2100; x_wconf 87' lang='lat' dir='ltr'>Alphon-</span> 
     </span>
     <span class='ocr_line' id='line_1_18' title="bbox 337 2119 2797 2198; baseline 0 -14"><span class='ocrx_word' id='word_1_146' title='bbox 337 2140 441 2185; x_wconf 91' lang='lat' dir='ltr'>sus</span> <span class='ocrx_word' id='word_1_147' title='bbox 491 2122 629 2184; x_wconf 88' lang='lat' dir='ltr'>tum</span> <span class='ocrx_word' id='word_1_148' title='bbox 677 2120 736 2183; x_wconf 92' lang='lat' dir='ltr'>in</span> <span class='ocrx_word' id='word_1_149' title='bbox 785 2122 935 2184; x_wconf 90' lang='lat' dir='ltr'>nota</span> <span class='ocrx_word' id='word_1_150' title='bbox 1003 2119 1148 2183; x_wconf 88' lang='lat' dir='ltr'>huic</span> <span class='ocrx_word' id='word_1_151' title='bbox 1194 2120 1328 2184; x_wconf 93' lang='grc'><strong>1000</strong></span> <span class='ocrx_word' id='word_1_152' title='bbox 1390 2120 1715 2184; x_wconf 85' lang='lat' dir='ltr'>interiecta</span> <span class='ocrx_word' id='word_1_153' title='bbox 1780 2123 1919 2183; x_wconf 91' lang='lat' dir='ltr'>tum</span> <span class='ocrx_word' id='word_1_154' title='bbox 1958 2121 2063 2184; x_wconf 89' lang='lat' dir='ltr'>lib.</span> <span class='ocrx_word' id='word_1_155' title='bbox 2108 2122 2169 2184; x_wconf 83' lang='lat'>5.</span> <span class='ocrx_word' id='word_1_156' title='bbox 2213 2140 2269 2184; x_wconf 92' lang='lat' dir='ltr'>n.</span> <span class='ocrx_word' id='word_1_157' title='bbox 2307 2123 2433 2198; x_wconf 66' lang='lat'>22„</span> <span class='ocrx_word' id='word_1_158' title='bbox 2479 2121 2629 2184; x_wconf 89' lang='lat' dir='ltr'>dicit</span> <span class='ocrx_word' id='word_1_159' title='bbox 2674 2140 2797 2185; x_wconf 91' lang='lat' dir='ltr'>non</span> 
     </span>
     <span class='ocr_line' id='line_1_19' title="bbox 337 2221 2796 2298; baseline -0.001 -11"><span class='ocrx_word' id='word_1_160' title='bbox 337 2221 787 2287; x_wconf 87' lang='lat' dir='ltr'>admittendam</span> <span class='ocrx_word' id='word_1_161' title='bbox 836 2222 1205 2285; x_wconf 89' lang='lat' dir='ltr'>sententiam</span> <span class='ocrx_word' id='word_1_162' title='bbox 1252 2222 1585 2298; x_wconf 85' lang='lat' dir='ltr'>Benacina‚</span> <span class='ocrx_word' id='word_1_163' title='bbox 1634 2222 1815 2297; x_wconf 86' lang='lat' dir='ltr'>Azor,</span> <span class='ocrx_word' id='word_1_164' title='bbox 1851 2222 2028 2285; x_wconf 87' lang='lat' dir='ltr'>Palai</span> <span class='ocrx_word' id='word_1_165' title='bbox 2074 2225 2189 2287; x_wconf 89' lang='lat' dir='ltr'>etc.</span> <span class='ocrx_word' id='word_1_166' title='bbox 2234 2223 2686 2285; x_wconf 83' lang='lat' dir='ltr'>affirmantium</span> <span class='ocrx_word' id='word_1_167' title='bbox 2732 2221 2796 2286; x_wconf 91' lang='lat' dir='ltr'>id</span> 
     </span>
     <span class='ocr_line' id='line_1_20' title="bbox 336 2322 2792 2408; baseline 0 -19"><span class='ocrx_word' id='word_1_168' title='bbox 336 2325 515 2389; x_wconf 88' lang='lat' dir='ltr'>licere</span> <span class='ocrx_word' id='word_1_169' title='bbox 550 2325 616 2387; x_wconf 91' lang='lat' dir='ltr'>et</span> <span class='ocrx_word' id='word_1_170' title='bbox 647 2341 758 2406; x_wconf 91' lang='lat' dir='ltr'>pro</span> <span class='ocrx_word' id='word_1_171' title='bbox 791 2342 855 2387; x_wconf 91' lang='lat' dir='ltr'>se</span> <span class='ocrx_word' id='word_1_172' title='bbox 889 2322 1122 2406; x_wconf 83' lang='lat' dir='ltr'>allegat</span> <span class='ocrx_word' id='word_1_173' title='bbox 1153 2324 1496 2407; x_wconf 80' lang='lat' dir='ltr'>Roncaglia</span> <span class='ocrx_word' id='word_1_174' title='bbox 1527 2326 1590 2388; x_wconf 91' lang='lat' dir='ltr'>et</span> <span class='ocrx_word' id='word_1_175' title='bbox 1620 2323 2175 2396; x_wconf 74' lang='lat' dir='ltr'>salmanticenses:</span> <span class='ocrx_word' id='word_1_176' title='bbox 2210 2325 2373 2388; x_wconf 84' lang='lat' dir='ltr'>Azor</span> <span class='ocrx_word' id='word_1_177' title='bbox 2402 2344 2649 2406; x_wconf 88' lang='lat' dir='ltr'>quoque</span> <span class='ocrx_word' id='word_1_178' title='bbox 2680 2344 2792 2408; x_wconf 91' lang='lat' dir='ltr'>pro</span> 
     </span>
     <span class='ocr_line' id='line_1_21' title="bbox 335 2424 2791 2509; baseline 0 -18"><span class='ocrx_word' id='word_1_179' title='bbox 335 2445 404 2491; x_wconf 88' lang='lat' dir='ltr'>ea</span> <span class='ocrx_word' id='word_1_180' title='bbox 436 2426 729 2509; x_wconf 88' lang='lat' dir='ltr'>opinione</span> <span class='ocrx_word' id='word_1_181' title='bbox 760 2426 1037 2509; x_wconf 85' lang='lat' dir='ltr'>allegant</span> <span class='ocrx_word' id='word_1_182' title='bbox 1065 2424 1424 2489; x_wconf 86' lang='lat' dir='ltr'>Salmantic.</span> <span class='ocrx_word' id='word_1_183' title='bbox 1461 2427 1538 2489; x_wconf 87' lang='lat' dir='ltr'>tr.</span> <span class='ocrx_word' id='word_1_184' title='bbox 1576 2429 1680 2488; x_wconf 84' lang='lat'>20.</span> <span class='ocrx_word' id='word_1_185' title='bbox 1723 2444 1854 2508; x_wconf 88' lang='lat' dir='ltr'>cap.</span> <span class='ocrx_word' id='word_1_186' title='bbox 1897 2428 1998 2488; x_wconf 75' lang='lat'>13.</span> <span class='ocrx_word' id='word_1_187' title='bbox 2034 2446 2092 2489; x_wconf 89' lang='lat' dir='ltr'>n.</span> <span class='ocrx_word' id='word_1_188' title='bbox 2128 2427 2264 2501; x_wconf 83' lang='lat'>46.;</span> <span class='ocrx_word' id='word_1_189' title='bbox 2293 2426 2398 2490; x_wconf 84' lang='lat' dir='ltr'>sed</span> <span class='ocrx_word' id='word_1_190' title='bbox 2422 2427 2603 2490; x_wconf 87' lang='lat' dir='ltr'>male.</span> <span class='ocrx_word' id='word_1_191' title='bbox 2630 2426 2791 2491; x_wconf 88' lang='lat' dir='ltr'>Nam</span> 
     </span>
     <span class='ocr_line' id='line_1_22' title="bbox 336 2528 2799 2612; baseline -0 -18"><span class='ocrx_word' id='word_1_192' title='bbox 336 2530 494 2594; x_wconf 84' lang='lat' dir='ltr'>Azor</span> <span class='ocrx_word' id='word_1_193' title='bbox 531 2529 623 2593; x_wconf 89' lang='lat' dir='ltr'>ibi</span> <span class='ocrx_word' id='word_1_194' title='bbox 665 2549 723 2612; x_wconf 93' lang='lat' dir='ltr'>p.</span> <span class='ocrx_word' id='word_1_195' title='bbox 763 2529 820 2592; x_wconf 93' lang='lat'>1.</span> <span class='ocrx_word' id='word_1_196' title='bbox 854 2528 960 2592; x_wconf 89' lang='lat' dir='ltr'>lib.</span> <span class='ocrx_word' id='word_1_197' title='bbox 989 2529 1049 2592; x_wconf 85' lang='lat'>3.</span> <span class='ocrx_word' id='word_1_198' title='bbox 1083 2547 1216 2611; x_wconf 87' lang='lat' dir='ltr'>cap.</span> <span class='ocrx_word' id='word_1_199' title='bbox 1263 2530 1365 2592; x_wconf 82' lang='grc'>12.</span> <span class='ocrx_word' id='word_1_200' title='bbox 1400 2546 1456 2610; x_wconf 88' lang='lat' dir='ltr'>q.</span> <span class='ocrx_word' id='word_1_201' title='bbox 1510 2530 1568 2592; x_wconf 83' lang='lat'>2.</span> <span class='ocrx_word' id='word_1_202' title='bbox 1619 2529 1736 2593; x_wconf 88' lang='lat' dir='ltr'>hoc</span> <span class='ocrx_word' id='word_1_203' title='bbox 1780 2529 2058 2611; x_wconf 80' lang='lat' dir='ltr'>exemplo</span> <span class='ocrx_word' id='word_1_204' title='bbox 2105 2548 2272 2593; x_wconf 90' lang='lat' dir='ltr'>mere</span> <span class='ocrx_word' id='word_1_205' title='bbox 2322 2529 2522 2593; x_wconf 89' lang='lat' dir='ltr'>utitur</span> <span class='ocrx_word' id='word_1_206' title='bbox 2578 2528 2654 2593; x_wconf 89' lang='lat' dir='ltr'>ad</span> <span class='ocrx_word' id='word_1_207' title='bbox 2700 2529 2799 2594; x_wconf 87' lang='lat' dir='ltr'>de—</span> 
     </span>
     <span class='ocr_line' id='line_1_23' title="bbox 333 2631 2798 2713; baseline -0.001 -17"><span class='ocrx_word' id='word_1_208' title='bbox 333 2631 721 2707; x_wconf 87' lang='lat' dir='ltr'>clarandum,</span> <span class='ocrx_word' id='word_1_209' title='bbox 771 2631 918 2713; x_wconf 91' lang='lat' dir='ltr'>quid</span> <span class='ocrx_word' id='word_1_210' title='bbox 966 2631 1048 2695; x_wconf 87' lang='lat' dir='ltr'>sit</span> <span class='ocrx_word' id='word_1_211' title='bbox 1096 2631 1304 2695; x_wconf 89' lang='lat' dir='ltr'>odium</span> <span class='ocrx_word' id='word_1_212' title='bbox 1355 2632 1863 2707; x_wconf 58' lang='lat' dir='ltr'>abominationis,</span> <span class='ocrx_word' id='word_1_213' title='bbox 1914 2651 2034 2696; x_wconf 93' lang='lat' dir='ltr'>non</span> <span class='ocrx_word' id='word_1_214' title='bbox 2079 2633 2290 2696; x_wconf 90' lang='lat' dir='ltr'>autem</span> <span class='ocrx_word' id='word_1_215' title='bbox 2343 2632 2585 2713; x_wconf 88' lang='lat' dir='ltr'>probat,</span> <span class='ocrx_word' id='word_1_216' title='bbox 2618 2632 2679 2694; x_wconf 90' lang='lat' dir='ltr'>id</span> <span class='ocrx_word' id='word_1_217' title='bbox 2728 2632 2798 2694; x_wconf 90' lang='lat' dir='ltr'>li·</span> 
     </span>
     <span class='ocr_line' id='line_1_24' title="bbox 332 2733 2796 2816; baseline 0 -17"><span class='ocrx_word' id='word_1_218' title='bbox 332 2753 482 2812; x_wconf 84' lang='lat' dir='ltr'>cere,</span> <span class='ocrx_word' id='word_1_219' title='bbox 509 2735 679 2799; x_wconf 90' lang='lat' dir='ltr'>sicut</span> <span class='ocrx_word' id='word_1_220' title='bbox 706 2753 830 2797; x_wconf 91' lang='lat' dir='ltr'>non</span> <span class='ocrx_word' id='word_1_221' title='bbox 861 2735 1085 2816; x_wconf 89' lang='lat' dir='ltr'>probat</span> <span class='ocrx_word' id='word_1_222' title='bbox 1116 2733 1465 2809; x_wconf 89' lang='lat' dir='ltr'>suicidium‚</span> <span class='ocrx_word' id='word_1_223' title='bbox 1500 2734 1665 2814; x_wconf 89' lang='lat' dir='ltr'>quod</span> <span class='ocrx_word' id='word_1_224' title='bbox 1711 2753 1855 2798; x_wconf 86' lang='lat' dir='ltr'>mox</span> <span class='ocrx_word' id='word_1_225' title='bbox 1887 2735 1964 2798; x_wconf 88' lang='lat' dir='ltr'>ad</span> <span class='ocrx_word' id='word_1_226' title='bbox 2014 2735 2208 2798; x_wconf 87' lang='lat' dir='ltr'>alium</span> <span class='ocrx_word' id='word_1_227' title='bbox 2239 2753 2454 2798; x_wconf 87' lang='lat' dir='ltr'>casum</span> <span class='ocrx_word' id='word_1_228' title='bbox 2486 2733 2796 2799; x_wconf 87' lang='lat' dir='ltr'>declaran-</span> 
     </span>
     <span class='ocr_line' id='line_1_25' title="bbox 329 2836 2791 2920; baseline -0 -19"><span class='ocrx_word' id='word_1_229' title='bbox 329 2837 475 2901; x_wconf 82' lang='lat' dir='ltr'>dum</span> <span class='ocrx_word' id='word_1_230' title='bbox 506 2836 823 2920; x_wconf 86' lang='lat' dir='ltr'>proponit.</span> <span class='ocrx_word' id='word_1_231' title='bbox 843 2836 1050 2899; x_wconf 81' lang='lat' dir='ltr'>Etiam</span> <span class='ocrx_word' id='word_1_232' title='bbox 1082 2837 1312 2900; x_wconf 89' lang='lat' dir='ltr'>Palaus</span> <span class='ocrx_word' id='word_1_233' title='bbox 1338 2836 1499 2899; x_wconf 87' lang='lat' dir='ltr'>male</span> <span class='ocrx_word' id='word_1_234' title='bbox 1523 2855 1661 2899; x_wconf 90' lang='lat' dir='ltr'>eam</span> <span class='ocrx_word' id='word_1_235' title='bbox 1684 2836 2056 2900; x_wconf 87' lang='lat' dir='ltr'>sententiam</span> <span class='ocrx_word' id='word_1_236' title='bbox 2073 2836 2239 2900; x_wconf 84' lang='lat' dir='ltr'>Azor</span> <span class='ocrx_word' id='word_1_237' title='bbox 2270 2836 2495 2899; x_wconf 87' lang='lat' dir='ltr'>tribuit</span> <span class='ocrx_word' id='word_1_238' title='bbox 2511 2838 2692 2900; x_wconf 83' lang='lat' dir='ltr'>tract.</span> <span class='ocrx_word' id='word_1_239' title='bbox 2730 2838 2791 2901; x_wconf 84' lang='lat'>6.</span> 
     </span>
     <span class='ocr_line' id='line_1_26' title="bbox 332 2940 1005 3022; baseline -0.001 -18"><span class='ocrx_word' id='word_1_240' title='bbox 332 2940 473 3004; x_wconf 88' lang='lat' dir='ltr'>dist.</span> <span class='ocrx_word' id='word_1_241' title='bbox 503 2942 570 3004; x_wconf 83' lang='lat'>4.</span> <span class='ocrx_word' id='word_1_242' title='bbox 603 2960 659 3022; x_wconf 89' lang='lat' dir='ltr'>p.</span> <span class='ocrx_word' id='word_1_243' title='bbox 707 2941 764 3003; x_wconf 93' lang='lat'>1.</span> <span class='ocrx_word' id='word_1_244' title='bbox 799 2959 857 3004; x_wconf 92' lang='lat' dir='ltr'>n.</span> <span class='ocrx_word' id='word_1_245' title='bbox 902 2941 1005 3003; x_wconf 90' lang='lat'>11.</span> 
     </span>
    </p>

    <p class='ocr_par' dir='ltr' id='par_1_6' title="bbox 320 3042 2801 4047">
     <span class='ocr_line' id='line_1_27' title="bbox 413 3042 2795 3126; baseline -0 -18"><span class='ocrx_word' id='word_1_246' title='bbox 413 3044 500 3108; x_wconf 83' lang='lat' dir='ltr'>At</span> <span class='ocrx_word' id='word_1_247' title='bbox 533 3044 604 3107; x_wconf 88' lang='lat' dir='ltr'>in</span> <span class='ocrx_word' id='word_1_248' title='bbox 638 3042 853 3126; x_wconf 85' lang='lat' dir='ltr'>primis</span> <span class='ocrx_word' id='word_1_249' title='bbox 884 3042 1164 3107; x_wconf 90' lang='lat' dir='ltr'>doctrina</span> <span class='ocrx_word' id='word_1_250' title='bbox 1195 3042 1540 3126; x_wconf 84' lang='lat' dir='ltr'>Roncaglia</span> <span class='ocrx_word' id='word_1_251' title='bbox 1565 3060 1686 3106; x_wconf 92' lang='lat' dir='ltr'>non</span> <span class='ocrx_word' id='word_1_252' title='bbox 1709 3043 1918 3124; x_wconf 89' lang='lat' dir='ltr'>potest</span> <span class='ocrx_word' id='word_1_253' title='bbox 1950 3042 2191 3123; x_wconf 80' lang='lat' dir='ltr'>placere</span> <span class='ocrx_word' id='word_1_254' title='bbox 2224 3061 2274 3105; x_wconf 90' lang='lat' dir='ltr'>s.</span> <span class='ocrx_word' id='word_1_255' title='bbox 2314 3042 2652 3124; x_wconf 77' lang='lat' dir='ltr'>AlphonSO‚</span> <span class='ocrx_word' id='word_1_256' title='bbox 2688 3044 2795 3124; x_wconf 85' lang='lat' dir='ltr'>qui</span> 
     </span>
     <span class='ocr_line' id='line_1_28' title="bbox 325 3144 2794 3228; baseline 0 -19"><span class='ocrx_word' id='word_1_257' title='bbox 325 3146 512 3228; x_wconf 85' lang='lat' dir='ltr'>paulo</span> <span class='ocrx_word' id='word_1_258' title='bbox 547 3145 716 3209; x_wconf 88' lang='lat' dir='ltr'>infra</span> <span class='ocrx_word' id='word_1_259' title='bbox 741 3144 832 3225; x_wconf 88' lang='lat' dir='ltr'>(in</span> <span class='ocrx_word' id='word_1_260' title='bbox 865 3147 993 3209; x_wconf 90' lang='lat' dir='ltr'>not.</span> <span class='ocrx_word' id='word_1_261' title='bbox 1029 3145 1350 3210; x_wconf 86' lang='lat' dir='ltr'>interiecta</span> <span class='ocrx_word' id='word_1_262' title='bbox 1390 3144 1626 3209; x_wconf 87' lang='lat' dir='ltr'>auctori</span> <span class='ocrx_word' id='word_1_263' title='bbox 1669 3144 1973 3227; x_wconf 88' lang='lat' dir='ltr'>hocloco)</span> <span class='ocrx_word' id='word_1_264' title='bbox 2005 3147 2240 3208; x_wconf 84' lang='lat' dir='ltr'>rectam</span> <span class='ocrx_word' id='word_1_265' title='bbox 2275 3144 2427 3207; x_wconf 88' lang='lat' dir='ltr'>dicit</span> <span class='ocrx_word' id='word_1_266' title='bbox 2450 3146 2794 3209; x_wconf 85' lang='lat' dir='ltr'>doctrinam</span> 
     </span>
     <span class='ocr_line' id='line_1_29' title="bbox 325 3244 2801 3331; baseline 0 -23"><span class='ocrx_word' id='word_1_267' title='bbox 325 3247 484 3312; x_wconf 82' lang='lat' dir='ltr'>Viva</span> <span class='ocrx_word' id='word_1_268' title='bbox 535 3246 875 3331; x_wconf 84' lang='lat' dir='ltr'>allegantis</span> <span class='ocrx_word' id='word_1_269' title='bbox 921 3247 1294 3310; x_wconf 87' lang='lat' dir='ltr'>sententiam</span> <span class='ocrx_word' id='word_1_270' title='bbox 1333 3263 1380 3309; x_wconf 88' lang='lat' dir='ltr'>s.</span> <span class='ocrx_word' id='word_1_271' title='bbox 1422 3244 1778 3329; x_wconf 88' lang='lat' dir='ltr'>Scripturae</span> <span class='ocrx_word' id='word_1_272' title='bbox 1824 3246 2009 3310; x_wconf 84' lang='lat' dir='ltr'>Eccli.</span> <span class='ocrx_word' id='word_1_273' title='bbox 2060 3245 2261 3309; x_wconf 87' lang='lat' dir='ltr'>XXX.</span> <span class='ocrx_word' id='word_1_274' title='bbox 2301 3248 2401 3311; x_wconf 88' lang='grc'>17.</span> <span class='ocrx_word' id='word_1_275' title='bbox 2436 3247 2677 3311; x_wconf 81' lang='lat' dir='ltr'>Melior</span> <span class='ocrx_word' id='word_1_276' title='bbox 2706 3252 2801 3311; x_wconf 76' lang='lat' dir='ltr'>est</span> 
     </span>
     <span class='ocr_line' id='line_1_30' title="bbox 321 3348 2795 3432; baseline -0 -18"><span class='ocrx_word' id='word_1_277' title='bbox 321 3370 488 3414; x_wconf 79' lang='lat' dir='ltr'>mors</span> <span class='ocrx_word' id='word_1_278' title='bbox 543 3369 741 3431; x_wconf 79' lang='lat' dir='ltr'>quam</span> <span class='ocrx_word' id='word_1_279' title='bbox 800 3350 930 3411; x_wconf 78' lang='lat' dir='ltr'>vita</span> <span class='ocrx_word' id='word_1_280' title='bbox 972 3368 1232 3412; x_wconf 78' lang='lat' dir='ltr'>amara.-</span> <span class='ocrx_word' id='word_1_281' title='bbox 1281 3349 1624 3432; x_wconf 85' lang='lat' dir='ltr'>Roncaglia</span> <span class='ocrx_word' id='word_1_282' title='bbox 1670 3366 1817 3411; x_wconf 83' lang='lat' dir='ltr'>vero</span> <span class='ocrx_word' id='word_1_283' title='bbox 1863 3348 2207 3432; x_wconf 81' lang='lat' dir='ltr'>generatim</span> <span class='ocrx_word' id='word_1_284' title='bbox 2253 3348 2468 3412; x_wconf 82' lang='lat' dir='ltr'>scribit</span> <span class='ocrx_word' id='word_1_285' title='bbox 2501 3351 2681 3414; x_wconf 87' lang='lat' dir='ltr'>tract.</span> <span class='ocrx_word' id='word_1_286' title='bbox 2734 3352 2795 3413; x_wconf 85' lang='grc'><strong>2.</strong></span> 
     </span>
     <span class='ocr_line' id='line_1_31' title="bbox 322 3450 2795 3535; baseline -0.001 -18"><span class='ocrx_word' id='word_1_287' title='bbox 322 3470 452 3535; x_wconf 86' lang='lat' dir='ltr'>cap.</span> <span class='ocrx_word' id='word_1_288' title='bbox 496 3454 559 3517; x_wconf 87' lang='lat'>3.</span> <span class='ocrx_word' id='word_1_289' title='bbox 610 3470 668 3533; x_wconf 91' lang='lat' dir='ltr'>q.</span> <span class='ocrx_word' id='word_1_290' title='bbox 710 3452 771 3515; x_wconf 88' lang='lat'>4.</span> <span class='ocrx_word' id='word_1_291' title='bbox 805 3469 962 3534; x_wconf 85' lang='lat' dir='ltr'>resp.</span> <span class='ocrx_word' id='word_1_292' title='bbox 1016 3452 1109 3515; x_wconf 86' lang='lat'>1.:</span> <span class='ocrx_word' id='word_1_293' title='bbox 1151 3474 1187 3509; x_wconf 86' lang='lat'>‹&lt;</span> <span class='ocrx_word' id='word_1_294' title='bbox 1233 3450 1613 3532; x_wconf 89' lang='lat' dir='ltr'>Neutiquam</span> <span class='ocrx_word' id='word_1_295' title='bbox 1648 3451 2073 3533; x_wconf 82' lang='lat' dir='ltr'>approbarem,</span> <span class='ocrx_word' id='word_1_296' title='bbox 2121 3451 2335 3532; x_wconf 86' lang='lat' dir='ltr'>optare</span> <span class='ocrx_word' id='word_1_297' title='bbox 2384 3451 2651 3514; x_wconf 87' lang='lat' dir='ltr'>mortem</span> <span class='ocrx_word' id='word_1_298' title='bbox 2681 3452 2795 3515; x_wconf 81' lang='lat' dir='ltr'>fih‘i</span> 
     </span>
     <span class='ocr_line' id='line_1_32' title="bbox 323 3552 2793 3629; baseline 0 -12"><span class='ocrx_word' id='word_1_299' title='bbox 323 3556 416 3619; x_wconf 89' lang='lat' dir='ltr'>vel</span> <span class='ocrx_word' id='word_1_300' title='bbox 453 3556 629 3619; x_wconf 88' lang='lat' dir='ltr'>filiae</span> <span class='ocrx_word' id='word_1_301' title='bbox 679 3555 757 3618; x_wconf 95' lang='lat' dir='ltr'>ob</span> <span class='ocrx_word' id='word_1_302' title='bbox 808 3554 1067 3617; x_wconf 87' lang='lat' dir='ltr'>nimiam</span> <span class='ocrx_word' id='word_1_303' title='bbox 1097 3552 1557 3617; x_wconf 88' lang='lat' dir='ltr'>mendicitatem</span> <span class='ocrx_word' id='word_1_304' title='bbox 1594 3553 1883 3629; x_wconf 77' lang='lat' dir='ltr'>familiae,</span> <span class='ocrx_word' id='word_1_305' title='bbox 1926 3552 2055 3616; x_wconf 81' lang='lat' dir='ltr'>sive</span> <span class='ocrx_word' id='word_1_306' title='bbox 2092 3552 2348 3616; x_wconf 85' lang='lat' dir='ltr'>eandem</span> <span class='ocrx_word' id='word_1_307' title='bbox 2381 3554 2648 3616; x_wconf 90' lang='lat' dir='ltr'>mortem</span> <span class='ocrx_word' id='word_1_308' title='bbox 2675 3554 2793 3617; x_wconf 89' lang='lat' dir='ltr'>sibi</span> 
     </span>
     <span class='ocr_line' id='line_1_33' title="bbox 325 3654 2797 3737; baseline -0.001 -17"><span class='ocrx_word' id='word_1_309' title='bbox 325 3657 400 3720; x_wconf 90' lang='lat' dir='ltr'>ob</span> <span class='ocrx_word' id='word_1_310' title='bbox 444 3656 833 3722; x_wconf 87' lang='lat' dir='ltr'>evadendam</span> <span class='ocrx_word' id='word_1_311' title='bbox 882 3656 1156 3737; x_wconf 89' lang='lat' dir='ltr'>aliquam</span> <span class='ocrx_word' id='word_1_312' title='bbox 1209 3656 1562 3720; x_wconf 90' lang='lat' dir='ltr'>molestiam</span> <span class='ocrx_word' id='word_1_313' title='bbox 1628 3654 2059 3736; x_wconf 83' lang='lat' dir='ltr'>temporalem,</span> <span class='ocrx_word' id='word_1_314' title='bbox 2111 3655 2257 3717; x_wconf 87' lang='lat' dir='ltr'>licet</span> <span class='ocrx_word' id='word_1_315' title='bbox 2304 3672 2600 3737; x_wconf 74' lang='lat' dir='ltr'>gravem3</span> <span class='ocrx_word' id='word_1_316' title='bbox 2651 3674 2797 3718; x_wconf 91' lang='lat' dir='ltr'>nam</span> 
     </span>
     <span class='ocr_line' id='line_1_34' title="bbox 323 3755 2800 3837; baseline 0.001 -17"><span class='ocrx_word' id='word_1_317' title='bbox 323 3760 504 3823; x_wconf 73' lang='lat' dir='ltr'>iuxta</span> <span class='ocrx_word' id='word_1_318' title='bbox 549 3762 790 3822; x_wconf 75' lang='lat' dir='ltr'>rectam</span> <span class='ocrx_word' id='word_1_319' title='bbox 832 3760 1140 3822; x_wconf 76' lang='lat' dir='ltr'>rationem</span> <span class='ocrx_word' id='word_1_320' title='bbox 1187 3759 1414 3822; x_wconf 77' lang='lat' dir='ltr'>bonum</span> <span class='ocrx_word' id='word_1_321' title='bbox 1457 3759 1618 3820; x_wconf 74' lang='lat' dir='ltr'>vitae</span> <span class='ocrx_word' id='word_1_322' title='bbox 1656 3755 2159 3836; x_wconf 75' lang='lat' dir='ltr'>anteponendum</span> <span class='ocrx_word' id='word_1_323' title='bbox 2220 3760 2314 3820; x_wconf 80' lang='lat' dir='ltr'>est</span> <span class='ocrx_word' id='word_1_324' title='bbox 2359 3757 2800 3837; x_wconf 77' lang='lat' dir='ltr'>temporalibus</span> 
     </span>
     <span class='ocr_line' id='line_1_35' title="bbox 320 3860 2798 3944; baseline -0 -17"><span class='ocrx_word' id='word_1_325' title='bbox 320 3862 509 3927; x_wconf 74' lang='lat' dir='ltr'>malis</span> <span class='ocrx_word' id='word_1_326' title='bbox 559 3888 622 3926; x_wconf 78' lang='lat'>».</span> <span class='ocrx_word' id='word_1_327' title='bbox 673 3860 843 3940; x_wconf 91' lang='lat' dir='ltr'>Quae</span> <span class='ocrx_word' id='word_1_328' title='bbox 874 3863 1037 3927; x_wconf 88' lang='lat' dir='ltr'>ratio</span> <span class='ocrx_word' id='word_1_329' title='bbox 1085 3862 1270 3925; x_wconf 74' lang='lat' dir='ltr'>nimis</span> <span class='ocrx_word' id='word_1_330' title='bbox 1306 3861 1532 3944; x_wconf 90' lang='lat' dir='ltr'>probat</span> <span class='ocrx_word' id='word_1_331' title='bbox 1564 3860 1760 3924; x_wconf 88' lang='lat' dir='ltr'>etiam</span> <span class='ocrx_word' id='word_1_332' title='bbox 1792 3860 1855 3923; x_wconf 89' lang='lat' dir='ltr'>in</span> <span class='ocrx_word' id='word_1_333' title='bbox 1904 3860 2215 3924; x_wconf 87' lang='lat' dir='ltr'>sententia</span> <span class='ocrx_word' id='word_1_334' title='bbox 2262 3879 2310 3923; x_wconf 81' lang='lat' dir='ltr'>S.</span> <span class='ocrx_word' id='word_1_335' title='bbox 2359 3861 2661 3942; x_wconf 89' lang='lat' dir='ltr'>Alphonsi</span> <span class='ocrx_word' id='word_1_336' title='bbox 2709 3882 2798 3926; x_wconf 92' lang='lat' dir='ltr'>re-</span> 
     </span>
     <span class='ocr_line' id='line_1_36' title="bbox 322 3963 1496 4047; baseline -0.001 -19"><span class='ocrx_word' id='word_1_337' title='bbox 322 3966 488 4030; x_wconf 87' lang='lat' dir='ltr'>ctam</span> <span class='ocrx_word' id='word_1_338' title='bbox 525 3965 903 4047; x_wconf 87' lang='lat' dir='ltr'>appellantis</span> <span class='ocrx_word' id='word_1_339' title='bbox 935 3965 1282 4028; x_wconf 87' lang='lat' dir='ltr'>doctrinam</span> <span class='ocrx_word' id='word_1_340' title='bbox 1313 3963 1496 4027; x_wconf 89' lang='lat' dir='ltr'>Viva.</span> 
     </span>
    </p>

    <p class='ocr_par' dir='ltr' id='par_1_7' title="bbox 322 4066 2800 4355">
     <span class='ocr_line' id='line_1_37' title="bbox 408 4066 2799 4150; baseline -0.001 -18"><span class='ocrx_word' id='word_1_341' title='bbox 408 4066 685 4132; x_wconf 83' lang='lat' dir='ltr'>Aliunde</span> <span class='ocrx_word' id='word_1_342' title='bbox 711 4085 757 4131; x_wconf 86' lang='lat' dir='ltr'>s.</span> <span class='ocrx_word' id='word_1_343' title='bbox 780 4066 1136 4150; x_wconf 84' lang='lat' dir='ltr'>Alphonsus</span> <span class='ocrx_word' id='word_1_344' title='bbox 1168 4066 1595 4148; x_wconf 86' lang='lat' dir='ltr'>quaestionem</span> <span class='ocrx_word' id='word_1_345' title='bbox 1625 4066 1926 4150; x_wconf 84' lang='lat' dir='ltr'>intelligit</span> <span class='ocrx_word' id='word_1_346' title='bbox 1956 4085 2079 4131; x_wconf 88' lang='lat' dir='ltr'>non</span> <span class='ocrx_word' id='word_1_347' title='bbox 2111 4067 2184 4130; x_wconf 92' lang='lat' dir='ltr'>de</span> <span class='ocrx_word' id='word_1_348' title='bbox 2216 4066 2381 4129; x_wconf 89' lang='lat' dir='ltr'>malo</span> <span class='ocrx_word' id='word_1_349' title='bbox 2411 4066 2680 4130; x_wconf 85' lang='lat' dir='ltr'>filiarum</span> <span class='ocrx_word' id='word_1_350' title='bbox 2712 4067 2799 4130; x_wconf 85' lang='lat' dir='ltr'>vi·</span> 
     </span>
     <span class='ocr_line' id='line_1_38' title="bbox 324 4167 2800 4252; baseline 0 -21"><span class='ocrx_word' id='word_1_351' title='bbox 324 4169 511 4234; x_wconf 86' lang='lat' dir='ltr'>tando</span> <span class='ocrx_word' id='word_1_352' title='bbox 547 4188 663 4252; x_wconf 87' lang='lat' dir='ltr'>per</span> <span class='ocrx_word' id='word_1_353' title='bbox 708 4188 923 4233; x_wconf 91' lang='lat' dir='ltr'>earum</span> <span class='ocrx_word' id='word_1_354' title='bbox 962 4171 1253 4246; x_wconf 87' lang='lat' dir='ltr'>mortem,</span> <span class='ocrx_word' id='word_1_355' title='bbox 1304 4169 1408 4232; x_wconf 90' lang='lat' dir='ltr'>sed</span> <span class='ocrx_word' id='word_1_356' title='bbox 1456 4168 1528 4231; x_wconf 91' lang='lat' dir='ltr'>de</span> <span class='ocrx_word' id='word_1_357' title='bbox 1574 4170 1742 4232; x_wconf 90' lang='lat' dir='ltr'>malo</span> <span class='ocrx_word' id='word_1_358' title='bbox 1792 4188 1933 4233; x_wconf 88' lang='lat' dir='ltr'>suo:</span> <span class='ocrx_word' id='word_1_359' title='bbox 1990 4193 2025 4225; x_wconf 88' lang='lat'>«</span> <span class='ocrx_word' id='word_1_360' title='bbox 2073 4169 2220 4249; x_wconf 88' lang='lat' dir='ltr'>quia</span> <span class='ocrx_word' id='word_1_361' title='bbox 2257 4168 2517 4250; x_wconf 75' lang='lat' dir='ltr'>(inquit)</span> <span class='ocrx_word' id='word_1_362' title='bbox 2564 4167 2800 4232; x_wconf 83' lang='lat' dir='ltr'>malum</span> 
     </span>
     <span class='ocr_line' id='line_1_39' title="bbox 322 4271 1858 4355; baseline 0 -20"><span class='ocrx_word' id='word_1_363' title='bbox 322 4273 551 4336; x_wconf 77' lang='lat' dir='ltr'>matris</span> <span class='ocrx_word' id='word_1_364' title='bbox 585 4291 708 4336; x_wconf 91' lang='lat' dir='ltr'>non</span> <span class='ocrx_word' id='word_1_365' title='bbox 742 4273 1188 4355; x_wconf 87' lang='lat' dir='ltr'>praeponderat</span> <span class='ocrx_word' id='word_1_366' title='bbox 1221 4272 1386 4336; x_wconf 90' lang='lat' dir='ltr'>malo</span> <span class='ocrx_word' id='word_1_367' title='bbox 1425 4271 1599 4351; x_wconf 71' lang='lat' dir='ltr'>filiae</span> <span class='ocrx_word' id='word_1_368' title='bbox 1630 4275 1858 4351; x_wconf 70' lang='lat' dir='ltr'>optato,</span> 
     </span>
    </p>

    <p class='ocr_par' dir='ltr' id='par_1_8' title="bbox 325 4373 2798 4661">
     <span class='ocr_line' id='line_1_40' title="bbox 412 4373 2789 4459; baseline 0 -21"><span class='ocrx_word' id='word_1_369' title='bbox 412 4374 499 4438; x_wconf 88' lang='lat' dir='ltr'>At</span> <span class='ocrx_word' id='word_1_370' title='bbox 531 4373 852 4437; x_wconf 88' lang='lat' dir='ltr'>Bonacina</span> <span class='ocrx_word' id='word_1_371' title='bbox 885 4393 941 4437; x_wconf 76' lang='lat' dir='ltr'>V.</span> <span class='ocrx_word' id='word_1_372' title='bbox 982 4395 1076 4459; x_wconf 85' lang='lat' dir='ltr'>gr.</span> <span class='ocrx_word' id='word_1_373' title='bbox 1106 4394 1230 4438; x_wconf 91' lang='lat' dir='ltr'>non</span> <span class='ocrx_word' id='word_1_374' title='bbox 1270 4374 1357 4437; x_wconf 90' lang='lat' dir='ltr'>sic</span> <span class='ocrx_word' id='word_1_375' title='bbox 1387 4394 1517 4438; x_wconf 92' lang='lat' dir='ltr'>rem</span> <span class='ocrx_word' id='word_1_376' title='bbox 1550 4375 1775 4456; x_wconf 87' lang='lat' dir='ltr'>accipit</span> <span class='ocrx_word' id='word_1_377' title='bbox 1812 4376 1882 4436; x_wconf 70' lang='lat' dir='ltr'>in</span> <span class='ocrx_word' id='word_1_378' title='bbox 1928 4373 2146 4438; x_wconf 78' lang='lat' dir='ltr'>Decal.</span> <span class='ocrx_word' id='word_1_379' title='bbox 2197 4374 2527 4454; x_wconf 74' lang='lat' dir='ltr'>Praecept.</span> <span class='ocrx_word' id='word_1_380' title='bbox 2578 4376 2789 4439; x_wconf 76' lang='lat' dir='ltr'>Prim.</span> 
     </span>
     <span class='ocr_line' id='line_1_41' title="bbox 325 4473 2791 4559; baseline 0.002 -22"><span class='ocrx_word' id='word_1_381' title='bbox 325 4473 479 4557; x_wconf 87' lang='lat' dir='ltr'>disp.</span> <span class='ocrx_word' id='word_1_382' title='bbox 517 4477 581 4539; x_wconf 86' lang='lat'>3.</span> <span class='ocrx_word' id='word_1_383' title='bbox 619 4494 678 4556; x_wconf 91' lang='lat' dir='ltr'>q.</span> <span class='ocrx_word' id='word_1_384' title='bbox 714 4476 776 4538; x_wconf 89' lang='lat'>4.</span> <span class='ocrx_word' id='word_1_385' title='bbox 811 4478 1019 4557; x_wconf 88' lang='lat' dir='ltr'>punct.</span> <span class='ocrx_word' id='word_1_386' title='bbox 1051 4477 1169 4540; x_wconf 90' lang='lat' dir='ltr'>ult.</span> <span class='ocrx_word' id='word_1_387' title='bbox 1213 4477 1270 4559; x_wconf 62' lang='grc' dir='ltr'><strong>ξ.</strong></span> <span class='ocrx_word' id='word_1_388' title='bbox 1312 4479 1368 4539; x_wconf 94' lang='grc'>1.</span> <span class='ocrx_word' id='word_1_389' title='bbox 1417 4497 1476 4539; x_wconf 90' lang='grc'>11.</span> <span class='ocrx_word' id='word_1_390' title='bbox 1526 4477 1619 4551; x_wconf 85' lang='grc'><strong>7.;</strong></span> <span class='ocrx_word' id='word_1_391' title='bbox 1684 4477 1963 4557; x_wconf 83' lang='lat' dir='ltr'>exposita</span> <span class='ocrx_word' id='word_1_392' title='bbox 2012 4477 2176 4541; x_wconf 90' lang='lat' dir='ltr'>enim</span> <span class='ocrx_word' id='word_1_393' title='bbox 2222 4478 2527 4540; x_wconf 87' lang='lat' dir='ltr'>sententia</span> <span class='ocrx_word' id='word_1_394' title='bbox 2575 4478 2791 4541; x_wconf 89' lang='lat' dir='ltr'>iisdem</span> 
     </span>
     <span class='ocr_line' id='line_1_42' title="bbox 329 4578 2798 4661; baseline -0 -21"><span class='ocrx_word' id='word_1_395' title='bbox 329 4596 516 4661; x_wconf 90' lang='lat' dir='ltr'>prope</span> <span class='ocrx_word' id='word_1_396' title='bbox 565 4578 791 4642; x_wconf 84' lang='lat' dir='ltr'>verbis:</span> <span class='ocrx_word' id='word_1_397' title='bbox 843 4598 914 4642; x_wconf 90' lang='lat' dir='ltr'>ac</span> <span class='ocrx_word' id='word_1_398' title='bbox 959 4580 1033 4644; x_wconf 83' lang='lat' dir='ltr'>A.</span> <span class='ocrx_word' id='word_1_399' title='bbox 1084 4582 1293 4644; x_wconf 88' lang='lat' dir='ltr'>noster</span> <span class='ocrx_word' id='word_1_400' title='bbox 1340 4578 1631 4642; x_wconf 88' lang='lat' dir='ltr'>subiicit:</span> <span class='ocrx_word' id='word_1_401' title='bbox 1687 4602 1722 4635; x_wconf 90' lang='lat'>«</span> <span class='ocrx_word' id='word_1_402' title='bbox 1772 4579 1959 4641; x_wconf 77' lang='lat' dir='ltr'>Ratio</span> <span class='ocrx_word' id='word_1_403' title='bbox 2009 4580 2121 4655; x_wconf 86' lang='lat' dir='ltr'>est,</span> <span class='ocrx_word' id='word_1_404' title='bbox 2173 4579 2319 4659; x_wconf 88' lang='lat' dir='ltr'>quia</span> <span class='ocrx_word' id='word_1_405' title='bbox 2366 4579 2481 4642; x_wconf 88' lang='lat' dir='ltr'>hoc</span> <span class='ocrx_word' id='word_1_406' title='bbox 2525 4596 2647 4640; x_wconf 91' lang='lat' dir='ltr'>non</span> <span class='ocrx_word' id='word_1_407' title='bbox 2702 4579 2798 4640; x_wconf 88' lang='lat' dir='ltr'>est</span> 
     </span>
    </p>
   </div>
  </div>
 </body>
</html>
