3497 5147
1165 558 1832 709 TRACT'A‘TU'S
1895 624 1991 706 v.

618 798 729 862 DE
774 795 1279 865 PRAECEPTIS
1326 796 1773 861 VIRTUTUM
1821 794 2536 863 THEOLOGICARUM

442 1413 690 1479 Titulus
712 1416 845 1498 ipse
874 1416 1105 1493 monet,
1132 1433 1254 1479 non
1279 1415 1413 1479 heic
1444 1414 1548 1499 agi
1578 1413 1652 1478 de
1684 1414 2024 1479 virtutibus
2048 1415 2413 1500 theologicis
2445 1416 2803 1495 universim,

352 1516 453 1579 sed
498 1516 745 1581 definite
791 1517 866 1582 de
910 1517 1270 1601 praeceptiS‚
1303 1536 1463 1599 quae
1509 1517 1669 1581 circa
1716 1535 1820 1581 eas
1868 1520 2230 1593 versantur3
2281 1517 2807 1600 quemadmodum

351 1618 520 1684 decet
549 1620 914 1704 theologum
943 1620 1263 1685 moralem.
1298 1618 1562 1700 Quidam
1609 1620 1760 1684 haec
1805 1623 2128 1703 praecepta
2176 1621 2450 1685 subdunt
2481 1624 2805 1703 praecepto

354 1720 547 1803 primo
578 1723 895 1808 Decalogi‚
929 1722 1094 1805 quod
1131 1740 1255 1787 non
1299 1722 1753 1804 improbamus:
1795 1721 2198 1786 nihilominus
2245 1721 2393 1803 quia
2441 1722 2591 1785 haec
2637 1742 2808 1804 prae-

352 1825 525 1905 cepta
552 1826 880 1889 versantur
910 1825 1071 1888 circa
1104 1826 1283 1889 actus
1311 1824 1623 1889 virtutum
1654 1823 1983 1887 intrinsece
2020 1824 2611 1906 supernaturalium,
2647 1843 2806 1906 quae

357 1926 502 1988 sunt
536 1926 816 2008 propriae
852 1926 1082 1991 ordinis
1127 1926 1340 2005 divini,
1391 1925 1469 1989 ad
1515 1945 1699 2007 quem
1732 1926 1809 1988 D.
1842 1923 1920 1989 N.
1957 1925 2006 1988 I.
2040 1922 2151 1989 Ch.
2202 1944 2312 1990 nos
2355 1926 2640 2001 elevavit,
2677 1946 2807 2009 spe-

355 2026 570 2092 cialem
608 2027 812 2093 locum
843 2029 1010 2093 haud
1044 2028 1357 2094 immerito
1390 2028 1506 2092 sibi
1546 2027 1857 2092 vindicare
1887 2027 2193 2091 videntur.

1270 2230 1275 2235 ’
1377 2229 1670 2294 ΒΕΟΤΙΟ
1712 2232 1771 2293 1.

1127 2360 1235 2442 DE
1271 2359 1757 2415 PRAEOEPTIS
1799 2360 2019 2415 me

440 2534 486 2606 Ι.
519 2538 553 2576 *
585 2536 1049 2603 Praemittenda
1080 2555 1278 2622 pauca
1311 2538 1382 2603 de
1427 2537 1570 2603 fidei
1612 2538 1885 2603 notione.
1920 2537 2159 2604 Nomen
2207 2538 2364 2620 fides
2401 2560 2521 2607 non
2570 2560 2810 2626 semper

352 2659 541 2705 unum
576 2641 863 2722 idemque
885 2641 1229 2726 significat:
1258 2640 1640 2722 frequentius
1666 2642 1895 2718 tamen»,
1922 2641 1985 2705 in
2011 2641 2089 2706 N.
2118 2643 2188 2706 T.
2224 2627 2606 2726 praesertim,
2639 2646 2808 2709 valet

354 2745 561 2807 actum
587 2743 961 2823 intellectus,
988 2744 1097 2826 qui
1127 2746 1225 2808 est
1253 2742 1515 2818 credere,
1549 2762 1769 2826 nempe
1803 2762 2087 2808 assensus
2118 2745 2336 2810 firmus
2375 2745 2562 2810 alicui
2587 2748 2674 2811 rei
2707 2748 2806 2812 vel

349 2846 774 2929 propositioni,
799 2849 1049 2930 propter
1073 2846 1331 2910 alterius
1357 2846 1816 2910 auctoritatem.
1843 2846 2075 2910 Exinde
2098 2865 2243 2911 vero
2268 2865 2389 2911 non
2416 2866 2556 2913 raro
2581 2868 2804 2913 nomen

350 2948 717 3013 transfertur
749 2947 825 3013 ad
856 2948 1063 3032 ipsum
1088 2947 1398 3012 obiectum
1421 2947 1743 3025 creditum,
1770 2949 1846 3012 ut
1876 2966 2019 3011 cum
2042 2947 2304 3012 dicitur:
2330 2949 2481 3013 haec
2505 2953 2600 3015 est
2623 2951 2806 3016 Fides

349 3047 690 3126 Catholica‚
714 3069 902 3131 quam
932 3050 1054 3114 nisi
1084 3050 1346 3131 quisque
1375 3048 1702 3114 crediderit
1732 3051 1847 3113 etc.
1885 3052 2072 3131 atque
2102 3049 2195 3114 ita
2235 3050 2398 3133 apud
2430 3051 2804 3135 Apostolum

350 3172 469 3218 non
492 3171 634 3219 raro
671 3152 822 3218 fides
858 3154 1199 3235 usurpatur
1230 3170 1340 3235 pro
1365 3153 1654 3216 universa
1681 3152 2037 3216 oeconomia
2070 3152 2428 3230 christiana,
2456 3157 2530 3218 ut
2552 3157 2808 3220 monent

348 3256 735 3340 interpretes.
754 3256 948 3321 Porro
965 3273 1187 3319 nomen
1202 3254 1353 3318 fides
1377 3254 1441 3318 in
1464 3253 1542 3318 N.
1568 3254 1640 3318 Τ.
1668 3253 2002 3337 aliquando
2019 3253 2312 3319 fiduciam
2337 3275 2457 3320 non
2486 3275 2804 3322 assensum

348 3358 572 3423 mentis
608 3357 965 3422 immediate
996 3356 1219 3435 valere,
1254 3356 1421 3420 haud
1457 3357 1695 3420 certum
1727 3359 1841 3420 est.
1883 3355 2216 3439 Speciatim
2249 3357 2516 3438 quidem,
2551 3379 2621 3423 ex
2654 3380 2808 3443 qua-

350 3460 492 3526 dam
529 3460 841 3545 analogia,
872 3478 1095 3525 nomen
1141 3457 1290 3523 fides
1327 3457 1510 3522 Rom.
1552 3457 1722 3522 XIV.
1755 3459 1812 3520 1.
1843 3459 1902 3520 2.
1932 3459 2036 3521 22.
2074 3458 2178 3520 23.
2215 3459 2311 3522 est
2340 3458 2640 3524 iudicium
2673 3481 2811 3544 pra-

349 3566 576 3630 cticum
608 3583 718 3629 seu
749 3563 1056 3629 dictamen
1102 3563 1529 3628 conscientiae.
1565 3562 1746 3627 Fides
1787 3580 2031 3644 quoque
2066 3561 2228 3644 apud
2266 3562 2555 3626 classicos
2588 3582 2660 3627 ea
2693 3567 2807 3640 est,

351 3687 471 3749 qua
516 3667 700 3732 alteri
745 3666 1050 3750 promissa
1093 3683 1413 3730 servamus
1459 3667 1523 3729 et
1566 3664 1777 3729 fideles
1827 3682 2156 3728 vocamur:
2215 3653 2592 3750 «frangenti
2626 3664 2809 3729 fidem

354 3768 499 3833 fides
541 3770 872 3854 frangatur
917 3767 1114 3833 eidem
1148 3792 1209 3830 ».

442 3871 539 3935 Ad
571 3872 849 3937 nostram
881 3870 1319 3935 tractationem
1343 3867 1508 3950 qnod
1540 3868 1800 3951 spectat,
1825 3867 1973 3932 fides
2011 3868 2363 3953 theologica
2396 3869 2533 3933 tum
2564 3869 2627 3933 in
2664 3874 2808 3934 actu

352 3975 490 4039 tum
520 3972 583 4037 in
612 3974 835 4038 habitu
864 3973 1129 4057 spectari
1156 3973 1385 4056 potest.
1420 3970 1601 4035 Fides
1632 3970 1847 4053 itaque
1881 3971 2144 4035 actualis
2178 3973 2273 4035 est
2304 3989 2588 4036 assensus
2623 3972 2810 4037 intel-

352 4076 546 4141 lectus
575 4076 641 4140 in
675 4076 951 4140 revelata
998 4094 1036 4139 a
1083 4075 1234 4151 Deo,
1283 4076 1534 4157 propter
1582 4073 2024 4137 auctoritatem
2071 4073 2187 4137 Dei
2232 4073 2585 4138 revelantis.
2625 4073 2808 4140 Fides

352 4179 692 4246 habitualis
737 4181 833 4243 est
867 4179 1068 4243 virtus
1105 4177 1406 4242 divinitus
1452 4177 1630 4242 nobis
1666 4176 1894 4254 infusa,
1934 4196 2058 4259 qua
2105 4176 2368 4240 firmiter
2415 4178 2807 4256 assentimur,

353 4286 601 4366 propter
625 4280 1066 4347 auctoritatem
1098 4280 1213 4345 Dei
1234 4280 1588 4356 revelantis,
1613 4279 1711 4354 iis,
1738 4297 1897 4361 quae
1930 4298 1968 4343 a
1997 4279 2128 4343 Deo
2154 4280 2303 4342 sunt
2331 4280 2624 4345 revelata.
2651 4280 2810 4346 Cum

354 4386 706 4451 definitione
735 4384 1024 4469 Apostoli
1055 4384 1244 4449 Hebr.
1278 4384 1390 4448 XI.
1422 4385 1479 4448 1.
1522 4385 1673 4448 haec
1703 4383 2029 4448 convenire
2054 4382 2218 4447 disce
2243 4401 2279 4446 a
2303 4400 2354 4447 s.
2389 4383 2629 4448 Thoma
2656 4387 2715 4448 2.
2747 4388 2806 4449 2.

354 4508 413 4570 (μ
452 4489 514 4552 4.
549 4507 605 4552 a.
643 4488 701 4551 1.
737 4488 926 4569 atque
956 4486 1089 4551 eius
1119 4486 1579 4570 interpretibus.
1614 4510 1648 4543 «
1681 4483 1748 4549 Si
1778 4483 1937 4565 quis,
1967 4484 2058 4548 ait
2094 4502 2142 4548 s.
2179 4485 2431 4562 Doctor,
2458 4485 2520 4549 in
2545 4485 2810 4550 formam

353 4589 727 4656 definitionis
772 4588 1129 4653 huiusmodi
1173 4589 1362 4654 verba
1407 4587 1753 4671 (Apostoli)
1784 4586 2072 4651 reducere
2118 4586 2289 4662 velit,
2339 4588 2546 4669 potest
2590 4587 2808 4660 dicere,

514 4709 801 4765 Bnmm,
828 4708 997 4754 Moral-
1024 4708 1175 4753 'l'omo
1199 4708 1269 4753 11.
2627 4707 2652 4749 1
