3497 5147
669 277 780 332 836
1292 283 1504 323 macr.
1533 284 1635 324 vn.
1664 281 1827 324 sacr.
1856 283 1893 324 1.
1919 283 2004 323 ma
2029 282 2286 326 tammo.
2313 282 2454 323 nun.
2482 282 2519 321 1.
2953 264 3135 340 [1119]

667 387 758 452 rei
804 406 853 450 s,
904 384 1137 447 Doctor
1185 380 1361 445 affert
1413 379 1736 444 rationem.
1788 379 2013 443 Postea
2077 378 2456 444 consuetudo
2504 380 2694 442 horae
2755 376 3132 442 meridianae

677 507 787 572 pro
818 484 1109 551 solvendo
1158 482 1388 547 ieiunio
1428 481 1704 559 inolevit,
1741 482 2062 564 ipsamque
2100 501 2148 547 s.
2183 482 2369 565 Alph.
2407 481 2542 546 heic
2573 480 2892 563 supponit.
2938 504 2974 538 «
3004 480 3132 543 No-

672 592 804 655 stro
843 590 1136 670 tempore,
1178 585 1268 648 ait
1300 583 1714 648 Bellarminus
1748 584 1849 665 (dc
1887 583 2091 648 Ieae‘un.
2126 584 2166 647 l.
2198 586 2256 647 2.
2285 604 2336 648 c.
2365 584 2456 667 2.)
2488 602 2721 668 magna
2761 602 2906 666 pars
2935 581 3129 646 homi-

670 711 821 756 num
853 710 975 754 non
1011 689 1164 752 hora
1195 688 1387 763 sexta,
1422 686 1526 750 sed
1575 686 1762 750 tertia
1793 685 1928 768 (per
1967 688 2226 769 annum)
2260 686 2558 769 prandere
2607 686 2768 750 solet
2801 710 2862 748 ».
2898 684 3127 748 Idcirco

671 794 883 858 diebus
928 789 1143 855 ieiunii
1191 788 1267 852 ad
1313 789 1531 853 horam
1580 790 1819 852 sextam
1866 788 2062 853 dilata
2111 788 2380 853 refectio.
2434 787 2714 873 Struggl,
2769 806 2829 851 n.
2867 787 2971 850 27.
3006 786 3127 851 ait:

678 921 713 955 «
744 896 962 961 horam
993 891 1340 956 refectionis
1373 890 1664 988 modeJno
1712 893 1988 973 tempore
2022 911 2151 956 esse
2197 892 2587 956 undecimam
2635 892 2748 955 aut
2795 889 2982 953 aliam
3030 908 3133 972 po-

670 997 1025 1062 steriorem:
1061 1013 1203 1057 cum
1250 996 1459 1057 autem
1507 993 1733 1057 dicitur
1782 993 2123 1070 undecima,
2165 995 2228 1058 id
2261 994 2734 1080 intelligendum
2767 1012 2898 1058 esse
2943 1011 3132 1076 nega-

668 1099 815 1175 tive,
850 1099 923 1161 ut
953 1115 1072 1161 non
1110 1095 1297 1160 liceat
1328 1095 1501 1159 edere
1535 1098 1677 1159 ante
1708 1095 1885 1159 illam
1919 1121 1980 1159 ».

760 1198 1082 1264 Notabilis
1128 1198 1489 1278 anticipatio
1538 1198 1711 1262 iuxta
1761 1198 1916 1262 alios
1963 1201 2057 1263 est
2106 1200 2437 1283 plusquam
2488 1202 2677 1266 hora:
2727 1201 2904 1265 iuxta
2955 1199 3129 1274 alios,

658 1300 1058 1383 probabilius
1093 1299 1243 1363 dicit
1279 1299 1568 1383 Ligorius
1607 1320 1665 1363 n.
1708 1301 1919 1377 1016„
1955 1304 2050 1365 est
2096 1302 2276 1373 hora:
2328 1301 2433 1367 sed
2467 1302 2734 1367 occurrit
2765 1300 3134 1366 eommunis-

673 1405 831 1470 sima
868 1402 1247 1469 consuetudo
1286 1402 1449 1485 apud
1479 1403 1686 1486 plures
1718 1403 2042 1488 religiosos
2077 1405 2457 1487 anticipandi
2489 1425 2598 1489 per
2628 1405 2870 1469 horam.

763 1504 1092 1571 Concludit
1128 1504 1443 1589 Ligorius:
1486 1530 1520 1561 «
1552 1503 1842 1569 Ceterum
1877 1506 2162 1570 omnibus
2195 1506 2442 1571 licitum
2473 1509 2569 1571 est
2603 1506 2943 1589 anticipare
2975 1505 3135 1569 infra

675 1610 896 1674 horam
933 1608 1128 1683 etiam,
1162 1607 1291 1672 sine
1328 1626 1515 1671 causa
1547 1633 1608 1670 ».
1648 1605 1957 1689 Quidquid
1997 1607 2298 1672 declamet
2327 1606 2617 1688 Concina,
2656 1607 3038 1692 probabilior
3075 1611 3136 1671 et

678 1711 1062 1777 communior
1092 1710 1415 1787 sententia,
1450 1710 1653 1792 inquit
1685 1729 1732 1773 s,
1763 1710 2059 1793 Alphons,
2093 1711 2135 1774 l.
2163 1729 2213 1775 c.
2241 1714 2355 1788 est,
2382 1712 2571 1775 etiam
2603 1710 2948 1776 notabilem
2983 1709 3137 1773 anti·

677 1814 1047 1896 cipationem
1092 1831 1216 1877 non
1247 1830 1377 1876 esse
1423 1832 1613 1896 grave
1651 1814 1991 1893 peccatum,
2027 1812 2131 1877 sed
2168 1813 2320 1877 leve.
2356 1814 2565 1891 Ratio,
2601 1813 2749 1895 quia
2797 1811 3137 1876 fatentibus

680 1915 964 1981 omnibus
995 1915 1090 1978 est
1118 1914 1585 1978 circumstantia
1617 1915 1798 1997 plane
1830 1914 2243 1993 accidentaliS,
2279 1916 2441 1980 sicut
2465 1916 2527 1979 in
2552 1914 2918 1979 recitatione
2944 1912 3135 1977 divini

681 2018 887 2083 officii.
918 2016 1047 2081 Nec
1084 2016 1421 2080 frustratur
1464 2016 1603 2080 finis
1649 2017 1882 2091 ieiunii,
1919 2017 2065 2099 quia
2110 2018 2568 2083 incommodum
2623 2017 2950 2101 experieris
2998 2016 3136 2080 dein

678 2121 914 2204 postea,
958 2119 1011 2183 si
1043 2137 1164 2183 non
1195 2118 1388 2201 priuS.

765 2221 1138 2286 Rationibus
1185 2221 1560 2303 anticipandi
1610 2222 1686 2285 ab
1733 2224 1808 2286 A.
1860 2223 2069 2286 allatis
2116 2223 2298 2287 adde:
2349 2223 2401 2286 si
2448 2222 2670 2286 debeas
2719 2222 2942 2286 habere
2990 2242 3132 2287 con-

677 2326 934 2404 cionem,
974 2325 1027 2389 si
1071 2324 1345 2388 lecturus
1393 2342 1456 2387 es
1504 2323 1582 2388 ad
1628 2344 1904 2388 mensam
1944 2326 2038 2389 vel
2072 2325 2211 2389 aliis
2258 2325 2689 2401 inserviturus,
2725 2323 2778 2388 si
2811 2325 3134 2408 negotium

680 2428 888 2505 instet,
922 2427 1084 2509 quod
1133 2426 1358 2489 mentis
1406 2427 1871 2508 occupationem
1918 2428 2103 2509 paulo
2151 2429 2295 2510 post
2340 2426 2660 2491 meridiem
2697 2427 2966 2509 requirat
3000 2428 3119 2489 etc.

683 2550 740 2595 ν.
773 2550 866 2615 gr.
901 2529 1123 2593 habere
1154 2527 1374 2592 debeas
1404 2527 1733 2592 lectionem
1768 2529 1829 2592 in
1862 2529 2095 2594 schola.

1573 2709 1681 2773 Ex
1726 2709 1912 2774 dictis
1956 2711 2240 2775 resolve-3.

791 2874 868 2925 ΙΙΙ.
909 2875 957 2925 t.
998 2874 1099 2924 Non
1136 2870 1346 2925 solvitur
1371 2870 1604 2924 ieiunium
1644 2886 1727 2938 per
1764 2870 2054 2924 divisionem
2100 2871 2300 2938 prandii,
2330 2876 2393 2926 ob
2432 2872 2678 2937 negotium
2718 2871 2953 2933 incidens,
2982 2877 3059 2924 vel
3093 2870 3136 2924 si

681 2956 796 3023 quid
835 2963 1052 3008 sumatur
1088 2970 1175 3022 per
1213 2959 1407 3009 modum
1434 2955 1716 3017 medicinae,
1742 2959 1819 3008 vel
1859 2958 1921 3008 ob
1960 2955 2258 3010 debilitatem
2301 2956 2510 3010 aliamve
2551 2971 2747 3010 causam
2773 2955 3129 3018 rationabilem,

685 3040 755 3094 uti
779 3041 906 3106 apud
932 3039 1204 3103 Religiosos
1224 3040 1403 3094 faciunt
1429 3039 1633 3093 ministri
1661 3047 1707 3092 et
1735 3043 1944 3093 lectores
1971 3054 2165 3094 mensae
2183 3055 2197 3106 ;
2218 3040 2331 3107 quia
2360 3054 2457 3094 non
2478 3040 2572 3094 nisi
2600 3040 2789 3094 unicam
2815 3039 3130 3094 relectionem

680 3124 950 3178 intendunt.
971 3126 1028 3176 Et
1044 3123 1157 3178 hinc
1174 3128 1391 3178 Sanebez
1413 3122 1617 3178 Consu.
1635 3127 1664 3175 l.
1684 3124 1733 3176 5.
1756 3139 1799 3177 c.
1823 3126 1864 3176 l.
1885 3127 2002 3178 dub.
2024 3125 2107 3178 24.
2129 3128 2306 3180 Escob.
2331 3131 2364 3180 t.
2389 3128 2406 3179 l
2425 3166 2434 3178 .
2454 3141 2498 3179 e.
2512 3127 2564 3178 7.
2578 3142 2622 3179 c.
2644 3128 2699 3180 3.
2718 3141 2765 3180 n.
2787 3128 2876 3179 29.
2898 3132 3135 3178 excusant

684 3213 889 3263 ramulos
916 3223 1110 3263 mensae
1135 3209 1482 3270 ministrantes
1513 3208 1553 3262 si
1593 3207 1773 3274 aliquid
1804 3217 2120 3275 praegustent
2143 3219 2227 3265 aut
2254 3227 2315 3265 ex
2343 3211 2564 3277 reliquiis
2591 3215 2762 3275 gulose
2789 3219 2999 3274 sumant,
3033 3218 3132 3264 tum

684 3302 735 3347 ut
763 3293 935 3347 melius
960 3294 1191 3357 serviant,
1219 3301 1317 3347 tum
1358 3301 1410 3346 ut
1450 3296 1619 3346 tamem
1660 3296 1918 3347 sublevent
1957 3294 2194 3360 (intellige
2235 3294 2277 3349 si
2316 3310 2426 3349 cum
2463 3294 2660 3348 illorum
2700 3293 2963 3348 retectione
3002 3293 3131 3347 licita

683 3377 930 3432 moraliter
957 3379 1188 3445 uniatur).
1215 3381 1313 3432 Nee
1336 3377 1546 3432 solvitur
1574 3393 1662 3444 per
1687 3378 2011 3446 sumptionem
2040 3380 2439 3443 electuariorum,
2472 3382 2549 3434 vel
2574 3379 2870 3434 crebriorem
2906 3383 3132 3432 haustum

684 3467 816 3531 (ante
841 3479 982 3531 quem
1009 3465 1252 3518 modicum
1283 3478 1493 3524 sumere.
1521 3478 1579 3516 ne
1607 3472 1752 3530 polus
1791 3473 1976 3526 noceat,
2006 3464 2239 3530 permittit
2265 3467 2388 3518 Azor
2441 3465 2618 3519 Escob.
2647 3473 2762 3518 tom.
2797 3467 2841 3518 l.
2871 3479 2913 3518 e.
2940 3464 2989 3516 7.
3018 3479 3059 3516 e.
3082 3465 3132 3517 3.

682 3565 729 3602 n.
756 3552 863 3615 28.)
891 3556 939 3602 et
962 3549 1155 3616 quidem
1183 3547 1342 3612 totieS,
1364 3547 1557 3614 quoties
1584 3548 1778 3610 biberit,
1799 3551 2062 3602 dummodo
2093 3549 2256 3602 nonin
2284 3552 2503 3604 fraudem
2533 3549 2701 3604 ieiunii
2722 3565 2769 3602 v.
2795 3564 2871 3613 gr.
2896 3552 2947 3603 5.
2973 3553 3050 3601 vel
3080 3550 3131 3599 6.

680 3635 962 3698 amygdalas
992 3636 1072 3688 vel
1095 3632 1211 3699 quid
1237 3632 1394 3686 simile
1422 3632 1592 3697 Regin.
1617 3641 1711 3686 etc.
1738 3648 1848 3686 cum
1882 3633 2013 3686 Dian.
2044 3650 2089 3700 p.
2121 3635 2160 3685 l.
2179 3642 2213 3687 t.
2235 3637 2285 3688 9.
2312 3649 2355 3686 r.
2386 3635 2487 3701 24.;
2513 3634 2626 3701 quia
2653 3635 2942 3689 ordinantur
2970 3633 3136 3701 potius

682 3721 740 3771 ad
780 3719 1113 3773 alterationem
1150 3718 1369 3784 corporis
1408 3720 1485 3772 vel
1524 3717 1843 3782 digestionem
1882 3719 2122 3782 ciborum,
2161 3734 2303 3785 quam
2345 3720 2676 3774 nutritionem.

785 3802 965 3867 Excipe
993 3810 1167 3866 tamen,
1204 3806 1242 3856 l.
1271 3803 1313 3856 si
1338 3803 1448 3868 quis
1475 3810 1689 3856 sumeret
1715 3804 1806 3866 lac,
1832 3802 2075 3857 iusculum
2106 3812 2154 3856 et
2180 3804 2372 3866 similia,
2403 3820 2527 3871 quae
2567 3804 2672 3858 sive
2710 3808 2998 3860 sorbeantur
3030 3806 3136 3858 sive

680 3887 1011 3948 comedantur,
1051 3901 1145 3938 non
1185 3890 1361 3940 habent
1399 3887 1636 3940 rationem
1675 3895 1820 3955 potus
1858 3890 1943 3940 sed
1989 3887 2102 3949 cibi,
2142 3904 2197 3943 ac
2235 3889 2574 3956 principaliter
2626 3893 2908 3944 referuntur
2947 3892 3007 3942 ad
3052 3905 3136 3942 nu·

680 3971 952 4025 triendum:
976 3973 1025 4024 2.
1052 3970 1093 4024 si
1120 3970 1228 4036 quis
1252 3986 1409 4037 poma,
1432 3971 1535 4038 pira
1562 3977 1637 4024 vel
1665 3972 1810 4025 etiam
1836 3987 1956 4025 uvas
1976 3972 2024 4025 in
2053 3987 2224 4037 magna
2255 3975 2526 4039 quantitate
2551 3980 2794 4038 sumeret;
2815 3974 2927 4041 quia
2956 3977 3136 4028 babent

682 4055 915 4109 rationem
956 4054 1067 4109 cibi.
1097 4055 1280 4108 Dicast.
1310 4064 1358 4107 et
1398 4056 1477 4109 alii
1517 4059 1565 4109 6.
1597 4056 1734 4110 Dian.
1765 4073 1815 4124 p.
1842 4060 1891 4109 9.
1925 4065 1960 4110 t.
1988 4060 2037 4110 6.
2068 4071 2107 4111 r.
2139 4059 2221 4110 14.
2248 4060 2296 4111 3.
2325 4058 2426 4112 Nisi
2451 4058 2563 4126 quis
2587 4059 2636 4112 in
2663 4074 2836 4123 magna
2864 4058 3136 4126 quantitate

679 4140 941 4194 electuaria
978 4140 1027 4193 in
1067 4140 1284 4193 fraudem
1322 4139 1489 4193 ieiunii
1527 4143 1758 4195 sumeret.
1788 4142 1881 4208 Qui
1921 4157 2042 4195 vero
2079 4142 2127 4196 in
2167 4149 2284 4209 potu
2324 4147 2466 4199 valde
2505 4146 2783 4210 excederet,
2808 4151 2979 4198 contra
3018 4151 3139 4198 tem·

681 4224 947 4291 perantiatn
967 4225 1178 4290 quidem,
1201 4240 1293 4277 non
1324 4232 1481 4277 tamen
1501 4233 1668 4277 contra
1691 4226 1922 4279 ieiunium
1947 4235 2186 4293 peccaret,
2208 4229 2379 4281 saltem
2403 4230 2687 4284 mortaliter.
2707 4232 2875 4294 Laym.
2892 4233 2923 4283 t.
2948 4245 2992 4283 c.
3015 4245 3064 4282 n.
3081 4230 3132 4281 7.

770 4343 934 4416 1119.
984 4346 1240 4426 Quando
1288 4347 1762 4428 interrumpitur
1809 4348 1886 4412 ob
1941 4350 2282 4433 negotium,
2333 4352 2585 4433 quidam
2642 4351 2987 4417 concedunt
3036 4352 3138 4417 vel

680 4449 956 4531 spatium
985 4449 1200 4513 horae:
1241 4451 1349 4514 alii
1385 4449 1720 4513 extendunt
1753 4450 1831 4514 ad
1862 4451 2016 4515 duas
2047 4452 2267 4517 horas:
2302 4455 2412 4518 alii
2446 4455 2523 4519 ad
2561 4455 2813 4540 longius
2845 4453 3137 4536 quodque

682 4550 973 4632 spatium,
1017 4550 1349 4616 dummodo
1397 4550 1802 4617 intentionem
1850 4554 2134 4618 habuerit
2179 4557 2522 4622 revertendi
2571 4561 2634 4623 et
2682 4558 2852 4641 prius
2905 4577 3025 4622 non
3076 4577 3142 4622 se
