3497 5147
318 363 450 439 [444]
1215 379 1468 420 summa
1503 378 1871 427 Quo'mpmx
2655 364 2766 419 333

317 475 465 539 tium
503 495 615 558 pro
653 494 719 539 re
755 475 1101 559 spirituali;
1135 476 1241 540 sed
1272 476 1477 540 solum
1513 475 1876 558 prohibetur
1914 476 1992 539 ab
2023 476 2277 541 ecclesia
2310 476 2387 540 ad
2424 476 2760 540 cavendam

317 579 375 641 et
400 578 833 642 removendam
856 578 1154 643 simoniae
1177 579 1240 643 et
1263 577 1564 642 avaritiae
1589 578 1854 660 speciem
1877 577 2122 658 aliaque
2153 577 2571 654 incommoda3
2598 577 2759 642 unde

314 698 423 744 non
458 679 533 743 fit
561 680 792 744 iniuria
836 681 926 743 rei
971 700 1199 757 sacrae,
1235 681 1339 743 sed
1372 681 1620 744 tantum
1653 680 1943 763 peccatur
1988 680 2206 744 contra
2239 679 2552 743 Ecclesiae
2591 698 2765 762 prae-

317 783 578 864 ceptum:
613 782 679 846 in
709 783 826 846 hoc
857 784 1069 847 autem
1105 783 1382 865 parvitas
1418 782 1718 846 materiae
1750 781 1886 846 dari
1921 783 2150 864 potest.

396 885 528 949 Imo
567 884 844 967 parvitas
893 885 1089 949 oblati
1133 884 1405 949 muneris
1451 903 1738 948 excusare
1776 883 1966 947 etiam
2000 903 2036 946 a
2072 883 2336 947 simonia
2374 883 2528 947 iuris
2566 882 2761 946 divini

316 989 528 1071 potest,
561 989 871 1069 quatenus
916 1005 1013 1051 res
1060 989 1154 1051 est
1183 987 1337 1051 levis
1368 986 1668 1051 momenti
1697 985 1784 1068 (v.
1824 1006 1918 1070 gr.
1952 986 2285 1050 nonnullae
2316 986 2614 1062 aviculae,
2650 987 2764 1049 aut

314 1091 429 1153 rari
462 1089 664 1167 floreS,
699 1092 812 1153 aut
840 1088 1159 1154 fructuum
1190 1089 1558 1172 primitiae);
1592 1108 1734 1153 cum
1773 1089 1937 1152 enim
1982 1088 2131 1171 apta
2160 1107 2284 1153 non
2332 1088 2416 1152 sit
2452 1087 2531 1151 ad
2563 1088 2762 1152 ullam

312 1192 709 1257 inducendam
755 1192 1220 1276 obligationem,
1253 1212 1310 1257 v.
1345 1212 1439 1275 gr.
1475 1191 1904 1276 praesentandi
1950 1192 2029 1255 ad
2075 1189 2526 1256 canonicatum
2573 1192 2760 1272 atque

312 1293 449 1359 adeo
494 1295 805 1359 rationem
851 1295 1035 1377 pretii
1065 1295 1288 1359 habere
1324 1297 1610 1377 nequeat,
1650 1314 1721 1360 eo
1753 1295 1888 1378 ipso
1921 1296 2124 1359 cessat
2168 1295 2482 1377 quaelibet
2519 1295 2763 1370 contra·

308 1397 435 1460 ctus
463 1396 597 1460 sive
628 1396 895 1479 expressi
926 1396 1055 1460 sive
1087 1397 1266 1460 taciti
1297 1397 1585 1478 suspicio.
1618 1397 1880 1481 Pithing
1917 1397 2024 1461 lib.
2054 1399 2113 1461 5.
2143 1398 2242 1462 tit.
2273 1399 2334 1461 3.
2362 1418 2420 1460 n.
2453 1398 2598 1460 133.

394 1498 564 1563 Haec
592 1500 804 1562 tamen
829 1517 952 1562 non
983 1497 1270 1563 videntur
1300 1500 1504 1563 valere
1550 1499 1716 1580 quod
1762 1500 2182 1564 examinantes
2219 1500 2285 1563 in
2331 1518 2631 1564 concursu
2681 1499 2754 1562 ad

303 1603 666 1685 paroeciam.
699 1601 818 1666 His
848 1601 1011 1666 enim
1035 1601 1150 1666 sub
1175 1602 1385 1684 poenis
1418 1602 1717 1666 simoniae
1748 1603 2012 1685 propriis
2043 1602 2454 1678 interdicitur,
2483 1621 2561 1664 ne
2586 1601 2762 1682 quid-

305 1726 486 1786 quam
509 1724 782 1784 prorsus
810 1704 1112 1786 recipiant
1136 1704 1265 1768 sive
1303 1723 1339 1769 a
1370 1703 1697 1768 candidato
1730 1704 1868 1786 (qui
1905 1705 2105 1768 dando
2143 1705 2483 1768 incurreret
2513 1703 2758 1768 easdem

302 1827 548 1890 poenas,
582 1808 700 1872 etsi
736 1807 971 1889 alioqui
1008 1806 1379 1870 sufficientia
1409 1806 1721 1871 relaturus
1760 1806 1923 1871 esset
1959 1806 2284 1890 suffragia)
2317 1806 2446 1870 sive
2488 1807 2565 1870 ab
2597 1807 2757 1870 aliis.

301 1909 385 1973 Et
413 1910 693 1991 quamvis
726 1909 922 1991 aliqui
953 1929 989 1973 a
1021 1910 1234 1992 poenis
1271 1928 1558 1973 excusare
1590 1928 1695 1974 eos
1727 1909 1923 1973 velint
1962 1910 2038 1974 ob
2069 1909 2370 1973 materiae
2408 1909 2751 1986 levitatem,

296 2012 495 2076 veluti
533 2012 588 2075 si
616 2012 856 2076 modica
885 2011 1199 2076 esculenta
1231 2011 1329 2075 vel
1360 2011 1692 2094 poculenta
1723 2012 1863 2093 quis
1897 2012 2312 2077 examinatori
2350 2011 2620 2094 largitus
2652 2012 2760 2089 sit,

296 2115 552 2180 obstant
583 2117 789 2180 tamen
821 2117 958 2179 tum
996 2114 1183 2178 verba
1205 2113 1453 2190 decreti,
1488 2133 1565 2177 ne
1592 2113 1938 2195 quidquam
1959 2134 2251 2194 prorsus,
2287 2116 2424 2180 tum
2449 2133 2499 2179 s,
2526 2112 2758 2198 Congr.

287 2217 650 2283 declaratio.
674 2216 816 2281 Vid.
847 2217 1144 2281 Thesaur.
1180 2216 1253 2280 de
1288 2216 1526 2281 Poenis
1558 2215 1728 2281 Eccl.
1764 2216 1841 2280 V.
1878 2214 2181 2292 Simonias,
2221 2237 2355 2301 cap.
2399 2218 2460 2281 4.

395 2414 494 2465 Lll.
522 2414 677 2477 Resp.
704 2414 753 2464 2.
778 2409 991 2463 simonia
1038 2411 1085 2461 ¹⁰
1123 2417 1198 2462 est
1235 2409 1434 2475 triplex:
1464 2408 1619 2461 Prima
1650 2408 1830 2461 dicitur
1857 2409 2093 2473 Mentalis,
2124 2425 2234 2462 cum
2276 2411 2493 2463 exterius
2533 2415 2608 2463 vel
2637 2411 2762 2465 nibil

293 2498 434 2550 datur
473 2497 751 2563 temporale
779 2500 846 2555 (et
883 2494 1058 2547 dicitur
1084 2509 1206 2561 pure
1236 2493 1478 2560 mentalis)
1508 2497 1586 2546 vel
1612 2492 1795 2558 aliquid
1823 2495 1967 2547 datur
2004 2494 2078 2554 (et
2115 2493 2295 2547 dicitur
2335 2493 2483 2547 mixte
2514 2496 2757 2560 mentalis)

287 2597 396 2635 cum
431 2581 712 2636 intentione
749 2580 994 2644 obligandi
1044 2583 1105 2633 ad
1144 2581 1442 2633 reddendum
1480 2578 1745 2644 spirituale,
1787 2578 1890 2632 sine
1942 2581 2044 2632 ullo
2084 2584 2226 2645 pacto
2269 2585 2491 2632 externe.
2533 2582 2754 2633 Secunda

284 2666 466 2720 dicitur
501 2664 1070 2731 conventionalis,quae
1109 2667 1170 2718 acl
1207 2664 1366 2730 ipsum
1396 2671 1585 2729 pactum
1613 2663 1831 2716 exterius
1870 2662 2086 2729 procedit
2125 2663 2230 2716 sine
2267 2663 2389 2716 reali
2410 2663 2758 2719 exsecutionet

279 2750 560 2817 diciturque
581 2765 730 2818 pura,
751 2749 792 2803 si
817 2749 958 2802 sistat
983 2750 1031 2803 in
1058 2756 1222 2803 mutua
1250 2748 1602 2816 conventione3
1626 2749 1775 2801 mixta
1804 2756 1980 2809 autem,
2006 2748 2049 2802 si
2071 2750 2132 2801 de
2152 2748 2288 2813 reali,
2322 2756 2372 2802 et
2397 2750 2759 2804 conventio'nali

276 2835 778 2902 aliquidparticipet,
803 2841 858 2887 ut
888 2848 935 2887 v.
960 2849 1034 2898 gr.
1063 2835 1106 2887 si
1131 2848 1192 2886 cx
1218 2837 1370 2886 altera
1398 2839 1583 2885 tantum
1616 2840 1754 2899 parte
1781 2833 1977 2885 realiter
2009 2834 2324 2899 compleatur.
2353 2836 2513 2898 Atque
2570 2838 2667 2888 buc
2690 2851 2764 2890 re-

279 2920 473 2975 ducitur
513 2920 746 2975 Simonia
781 2919 1132 2984 Confidentiae,
1163 2934 1274 2971 cum
1310 2917 1422 2983 quis
1458 2916 1602 2970 alteri
1638 2919 1722 2970 dat
1764 2916 2064 2979 beneficium,
2107 2923 2159 2969 ut
2198 2916 2318 2970 illud
2361 2917 2471 2984 sibi,
2500 2922 2577 2971 vel
2617 2920 2758 2973 alteri

278 3005 509 3071 resignet,
526 3008 613 3060 vel
643 3018 756 3058 cum
785 3017 934 3056 onere
954 3002 1100 3056 dandi
1126 3007 1308 3056 certam
1332 3008 1517 3068 partem
1541 3005 1803 3054 fructuum.
1826 2999 1991 3054 Tertia
2020 2999 2201 3053 dicitur
2226 3001 2406 3067 Remis,
2428 3016 2552 3067 quae
2573 3002 2759 3057 scilicet

279 3089 506 3157 utrinqne
550 3089 765 3143 realiter
800 3092 1089 3153 completur.
1119 3089 1180 3140 V.
1211 3089 1344 3140 Less.
1375 3089 1405 3139 l.
1434 3102 1477 3139 c.
1504 3088 1552 3139 d.
1583 3089 1631 3138 6.

383 3178 440 3229 2⁰
465 3174 703 3230 simonia
727 3173 966 3241 dividitur
989 3173 1038 3226 in
1063 3187 1187 3233 eam,
1213 3187 1338 3237 quae
1362 3178 1437 3225 est
1468 3170 1591 3224 iuris
1616 3170 1770 3223 divini
1808 3177 1979 3237 estque
2020 3169 2265 3236 prohibita
2296 3178 2501 3237 propter
2527 3171 2762 3225 malitiam

275 3275 426 3326 suam,
456 3277 505 3314 v.
534 3276 617 3327 gr.
646 3259 860 3313 hostiam
896 3265 1231 3312 consecratam
1270 3259 1484 3311 vendere
1522 3262 1572 3310 et
1609 3270 1733 3319 eam,
1762 3271 1887 3321 quae
1925 3263 2000 3309 est
2037 3255 2162 3309 iuris
2200 3258 2396 3310 humani
2425 3264 2597 3323 estque
2638 3261 2768 3312 mala

274 3353 461 3401 tantum
503 3352 723 3414 propter
749 3343 1146 3409 prohibitionem.
1176 3346 1234 3394 Et
1272 3340 1343 3395 sic
1380 3345 1442 3394 ab
1480 3340 1695 3394 Ecclesia
1739 3339 2026 3406 prohibetur
2059 3343 2102 3393 l.
2131 3339 2363 3394 venditio
2393 3341 2761 3405 beneficiorum,

272 3435 546 3485 secuudum
576 3431 656 3494 id,
680 3430 808 3495 quod
830 3428 877 3481 in
897 3428 1017 3494 ipsis
1042 3428 1311 3493 temporale
1332 3433 1422 3487 est,
1443 3425 1629 3478 scilicet
1649 3427 1808 3490 quoad
1834 3425 1912 3478 ius
1935 3424 2206 3490 praecisum
2231 3423 2532 3491 percipiendi
2556 3430 2761 3480 fructus:

268 3520 316 3570 Ξ.
343 3518 595 3572 venditio
639 3513 932 3573 officiorum,
956 3512 1232 3567 extrinsece
1269 3516 1453 3564 tantum
1492 3509 1830 3561 ordinatorum
1871 3511 1929 3561 ad
1969 3523 2049 3561 res
2088 3523 2270 3573 sacras,
2314 3523 2360 3562 v.
2400 3524 2472 3571 gr.
2500 3510 2760 3575 sacristae,

267 3601 563 3663 oeconomi,
594 3597 845 3653 Advocati
871 3597 1133 3659 Ecclesiae,
1157 3594 1493 3649 Thesaurarii.
1524 3596 1571 3645 3.
1601 3592 1847 3657 obligatio
1876 3592 2111 3658 pecuniae
2141 3592 2284 3645 alicui
2313 3597 2451 3655 laeta,
2482 3602 2532 3646 ut
2559 3597 2763 3647 suadeat

266 3687 426 3751 alteri,
455 3694 513 3740 ut
554 3688 651 3739 det
691 3683 995 3737 beneficium.
1035 3681 1083 3734 4.
1124 3679 1289 3735 Pactio
1327 3681 1390 3732 de
1426 3677 1719 3742 resignando
1759 3676 2012 3739 beneflcio,
2039 3678 2124 3728 vel
2159 3678 2394 3729 solvenda
2441 3669 2690 3743 pensione,
2718 3678 2768 3731 si

266 3776 389 3825 alter
421 3770 740 3827 beneficium
781 3768 867 3821 tibi
904 3767 1145 3835 impetret.
1170 3768 1222 3819 5.
1251 3763 1549 3819 Permutatio
1576 3771 1627 3818 et
1650 3761 1912 3826 resignatio
1941 3761 2307 3828 beneficiorum,
2335 3762 2452 3815 item
2493 3763 2764 3817 reservatio
2794 3811 2798 3815 .

266 3858 524 3924 pensionis
565 3872 635 3910 ex
686 3853 921 3907 beneflcio
972 3850 1214 3917 resignato
1263 3858 1312 3905 et
1348 3850 1397 3903 in
1434 3863 1551 3902 casu
1591 3846 1958 3914 permutationis
1996 3846 2348 3901 beneficiorum
2398 3848 2622 3913 aequatio
2669 3852 2764 3903 tru-

265 3948 429 3997 ctuum
470 3948 598 4007 etc„
631 3936 679 3992 si
721 3940 903 4004 absque
940 3935 1210 4004 superior1s
1248 3934 1537 3988 auctoritate
1578 3936 1720 3986 flant:
1748 3947 1874 3998 quac
1915 3930 1957 3984 si
1993 3934 2209 3997 accedat,
2237 3930 2365 3985 licita
2411 3939 2565 3985 erunt.
2594 3936 2642 3985 6.
2674 3937 2764 3987 Ac·

264 4027 427 4096 ceptio
455 4023 718 4086 muneriS‚
748 4022 890 4075 etiarn
917 4028 1090 4088 sponte
1114 4019 1283 4084 oblati,
1305 4036 1393 4086 pro
1420 4018 1642 4071 examine
1669 4019 1729 4070 ad
1761 4015 2043 4070 parochiam
2076 4030 2138 4069 ex
2163 4014 2300 4069 Trid.
2332 4031 2451 4070 sess.
2478 4017 2561 4070 24.
2585 4034 2627 4070 c.
2663 4020 2760 4080 l8.‚

266 4128 353 4179 pro
378 4111 677 4167 collatione
707 4107 944 4168 ordinum,
966 4121 1053 4171 pro
1084 4113 1301 4168 tonsura,
1330 4103 1485 4158 literis
1509 4102 1802 4157 dimissoriis
1823 4118 1882 4156 ex
1910 4101 2047 4155 Trid.
2075 4116 2196 4155 sess.
2221 4104 2305 4157 al.
2328 4105 2478 4155 c.·lO.
2501 4102 2766 4168 Excipitur

265 4204 424 4251 tamen
463 4194 681 4250 decima
727 4205 839 4256 pars
875 4190 1009 4244 aurei
1050 4205 1138 4257 pro
1166 4189 1383 4251 Notario,
1408 4189 1449 4243 si
1477 4189 1703 4243 salarium
1743 4203 1838 4242 non
1867 4191 2044 4242 babeat
2077 4195 2126 4240 et
2164 4188 2470 4240 consuetudo
2499 4187 2760 4252 permittat.

262 4287 311 4338 7.
336 4284 558 4340 Exactio
604 4278 856 4347 pecuniae
892 4291 982 4345 pro
1007 4275 1302 4330 admissione
1326 4278 1388 4330 ad
1422 4276 1742 4341 Religionem,
1770 4290 1866 4328 non
1893 4289 1980 4341 pro
2016 4280 2149 4327 statu
2188 4281 2372 4327 tantum
2416 4273 2483 4339 (is
2509 4273 2636 4327 enim
2666 4272 2760 4340 spi·

264 4369 457 4425 ritualis
497 4375 583 4423 est
615 4365 841 4428 ideoque
874 4362 984 4416 iure
1020 4362 1187 4415 divino
1225 4360 1577 4428 invendibilis),
1610 4363 1695 4414 sed
1734 4360 1880 4414 etiam
1921 4375 2010 4425 pro
2049 4373 2198 4412 onere
2244 4357 2640 4412 sustentationis:
2670 4359 2764 4414 nisi

262 4453 552 4509 nonasterii
597 4446 831 4505 tenuitas
866 4450 944 4499 vel
982 4449 1286 4499 consuetudo
1326 4446 1569 4499 contraria
1603 4454 1855 4499 excusent.
1891 4444 2015 4497 Vide
2042 4446 2211 4508 Laym.
2241 4460 2282 4498 c.
2315 4445 2399 4497 ult.
2420 4445 2608 4496 Bonae.
2638 4445 2687 4496 (l.
2722 4446 2763 4495 l.

267 4555 310 4606 q.
340 4545 385 4594 l.
419 4548 472 4594 et
502 4543 558 4592 2.
588 4538 748 4590 Less.
776 4534 921 4595 Azor,
951 4533 998 4585 3.
1031 4546 1076 4596 p.
1104 4534 1135 4583 l.
1172 4533 1250 4583 12.
1279 4545 1322 4583 c.
1358 4530 1434 4582 lt.
