<?xml version="1.0" encoding="UTF-8"?>
<!DOCTYPE html PUBLIC "-//W3C//DTD XHTML 1.0 Transitional//EN"
    "http://www.w3.org/TR/xhtml1/DTD/xhtml1-transitional.dtd">
<html xmlns="http://www.w3.org/1999/xhtml" xml:lang="en" lang="en">
 <head>
  <title>
</title>
<meta http-equiv="Content-Type" content="text/html;charset=utf-8" />
  <meta name='ocr-system' content='tesseract 3.04.00' />
  <meta name='ocr-capabilities' content='ocr_page ocr_carea ocr_par ocr_line ocrx_word'/>
</head>
<body>
  <div class='ocr_page' id='page_1' title='image "./opustheologicum00ballgoog/opustheologicum00ballgoog_0038.png"; bbox 0 0 3497 5147; ppageno 0'>
   <div class='ocr_carea' id='block_1_1' title="bbox 313 370 2782 449">
    <p class='ocr_par' dir='ltr' id='par_1_1' title="bbox 313 370 2782 449">
     <span class='ocr_line' id='line_1_1' title="bbox 313 370 2782 449; baseline -0.001 -23"><span class='ocrx_word' id='word_1_1' title='bbox 313 372 425 449; x_wconf 82' lang='lat'>[49]</span> <span class='ocrx_word' id='word_1_2' title='bbox 538 385 625 427; x_wconf 69' lang='lat' dir='ltr'>An</span> <span class='ocrx_word' id='word_1_3' title='bbox 662 383 1022 432; x_wconf 55' lang='lat' dir='ltr'>audranno</span> <span class='ocrx_word' id='word_1_4' title='bbox 1059 383 1282 425; x_wconf 67' lang='lat' dir='ltr'>mcum</span> <span class='ocrx_word' id='word_1_5' title='bbox 1316 381 1619 424; x_wconf 74' lang='lat' dir='ltr'>nmmos</span> <span class='ocrx_word' id='word_1_6' title='bbox 1656 383 1852 424; x_wconf 68' lang='lat' dir='ltr'>mnam</span> <span class='ocrx_word' id='word_1_7' title='bbox 1892 385 2103 426; x_wconf 61' lang='lat' dir='ltr'>vunnu</span> <span class='ocrx_word' id='word_1_8' title='bbox 2142 384 2397 426; x_wconf 59' lang='grc'><strong>1111311113</strong></span> <span class='ocrx_word' id='word_1_9' title='bbox 2433 386 2563 426; x_wconf 77' lang='lat' dir='ltr'>mc.</span> <span class='ocrx_word' id='word_1_10' title='bbox 2711 370 2782 425; x_wconf 84' lang='lat'>31</span> 
     </span>
    </p>
   </div>
   <div class='ocr_carea' id='block_1_2' title="bbox 303 476 2785 4668">
    <p class='ocr_par' dir='ltr' id='par_1_2' title="bbox 314 476 2785 666">
     <span class='ocr_line' id='line_1_2' title="bbox 314 476 2785 567; baseline -0.002 -18"><span class='ocrx_word' id='word_1_11' title='bbox 314 503 385 549; x_wconf 90' lang='lat' dir='ltr'>eo</span> <span class='ocrx_word' id='word_1_12' title='bbox 432 484 570 566; x_wconf 88' lang='lat' dir='ltr'>ipso</span> <span class='ocrx_word' id='word_1_13' title='bbox 618 482 811 567; x_wconf 90' lang='lat' dir='ltr'>negat</span> <span class='ocrx_word' id='word_1_14' title='bbox 852 480 950 544; x_wconf 88' lang='lat' dir='ltr'>illi</span> <span class='ocrx_word' id='word_1_15' title='bbox 995 480 1273 543; x_wconf 89' lang='lat' dir='ltr'>debitum</span> <span class='ocrx_word' id='word_1_16' title='bbox 1318 479 1578 543; x_wconf 87' lang='lat' dir='ltr'>cultum.</span> <span class='ocrx_word' id='word_1_17' title='bbox 1614 476 1893 561; x_wconf 82' lang='lat' dir='ltr'><strong>Cumque</strong></span> <span class='ocrx_word' id='word_1_18' title='bbox 1939 481 2091 546; x_wconf 89' lang='lat' dir='ltr'>haec</span> <span class='ocrx_word' id='word_1_19' title='bbox 2122 481 2423 565; x_wconf 77' lang='lat' dir='ltr'>obligatio</span> <span class='ocrx_word' id='word_1_20' title='bbox 2472 483 2650 546; x_wconf 88' lang='lat' dir='ltr'>tanto</span> <span class='ocrx_word' id='word_1_21' title='bbox 2699 482 2785 546; x_wconf 90' lang='lat' dir='ltr'>sit</span> 
     </span>
     <span class='ocr_line' id='line_1_3' title="bbox 318 579 2778 666; baseline -0.001 -17"><span class='ocrx_word' id='word_1_22' title='bbox 318 585 519 649; x_wconf 91' lang='lat' dir='ltr'>maior</span> <span class='ocrx_word' id='word_1_23' title='bbox 549 583 618 647; x_wconf 91' lang='lat' dir='ltr'>in</span> <span class='ocrx_word' id='word_1_24' title='bbox 667 583 955 647; x_wconf 89' lang='lat' dir='ltr'>creatura</span> <span class='ocrx_word' id='word_1_25' title='bbox 990 582 1069 645; x_wconf 91' lang='lat' dir='ltr'>ad</span> <span class='ocrx_word' id='word_1_26' title='bbox 1100 579 1477 658; x_wconf 78' lang='lat' dir='ltr'>Creatorem,</span> <span class='ocrx_word' id='word_1_27' title='bbox 1520 581 1761 665; x_wconf 87' lang='lat' dir='ltr'>obligat</span> <span class='ocrx_word' id='word_1_28' title='bbox 1798 583 1989 647; x_wconf 89' lang='lat' dir='ltr'>etiam</span> <span class='ocrx_word' id='word_1_29' title='bbox 2021 602 2163 649; x_wconf 89' lang='lat' dir='ltr'>cum</span> <span class='ocrx_word' id='word_1_30' title='bbox 2200 584 2370 648; x_wconf 87' lang='lat' dir='ltr'>vitae</span> <span class='ocrx_word' id='word_1_31' title='bbox 2406 585 2676 666; x_wconf 91' lang='lat' dir='ltr'>periculo</span> <span class='ocrx_word' id='word_1_32' title='bbox 2717 608 2778 647; x_wconf 90' lang='lat'>».</span> 
     </span>
    </p>

    <p class='ocr_par' dir='ltr' id='par_1_3' title="bbox 312 683 2784 1276">
     <span class='ocr_line' id='line_1_4' title="bbox 403 683 2784 766; baseline -0.001 -15"><span class='ocrx_word' id='word_1_33' title='bbox 403 688 568 753; x_wconf 90' lang='lat' dir='ltr'>Item</span> <span class='ocrx_word' id='word_1_34' title='bbox 599 685 854 751; x_wconf 89' lang='lat' dir='ltr'>deficere</span> <span class='ocrx_word' id='word_1_35' title='bbox 902 684 1151 749; x_wconf 82' lang='lat' dir='ltr'>videtur</span> <span class='ocrx_word' id='word_1_36' title='bbox 1195 683 1476 748; x_wconf 89' lang='lat' dir='ltr'>doctrina</span> <span class='ocrx_word' id='word_1_37' title='bbox 1523 683 1834 761; x_wconf 75' lang='lat' dir='ltr'>Auctoris,</span> <span class='ocrx_word' id='word_1_38' title='bbox 1864 687 2171 766; x_wconf 88' lang='lat' dir='ltr'>quatenus</span> <span class='ocrx_word' id='word_1_39' title='bbox 2208 686 2366 751; x_wconf 87' lang='lat' dir='ltr'>nihil</span> <span class='ocrx_word' id='word_1_40' title='bbox 2409 687 2562 751; x_wconf 87' lang='lat' dir='ltr'>dicit</span> <span class='ocrx_word' id='word_1_41' title='bbox 2591 686 2665 750; x_wconf 92' lang='lat' dir='ltr'>de</span> <span class='ocrx_word' id='word_1_42' title='bbox 2697 687 2784 749; x_wconf 89' lang='lat' dir='ltr'>in·</span> 
     </span>
     <span class='ocr_line' id='line_1_5' title="bbox 312 786 2779 873; baseline -0.002 -16"><span class='ocrx_word' id='word_1_43' title='bbox 312 792 474 857; x_wconf 89' lang='lat' dir='ltr'>dicio</span> <span class='ocrx_word' id='word_1_44' title='bbox 520 788 886 871; x_wconf 76' lang='lat' dir='ltr'>formidinis</span> <span class='ocrx_word' id='word_1_45' title='bbox 954 788 1053 852; x_wconf 84' lang='lat' dir='ltr'>vel</span> <span class='ocrx_word' id='word_1_46' title='bbox 1106 787 1584 850; x_wconf 76' lang='lat' dir='ltr'>inconstantiae.</span> <span class='ocrx_word' id='word_1_47' title='bbox 1634 786 1724 851; x_wconf 89' lang='lat' dir='ltr'>Ut</span> <span class='ocrx_word' id='word_1_48' title='bbox 1755 788 1919 852; x_wconf 89' lang='lat' dir='ltr'>enim</span> <span class='ocrx_word' id='word_1_49' title='bbox 1965 787 2171 870; x_wconf 89' lang='lat' dir='ltr'>inquit</span> <span class='ocrx_word' id='word_1_50' title='bbox 2217 788 2380 853; x_wconf 92' lang='lat' dir='ltr'>idem</span> <span class='ocrx_word' id='word_1_51' title='bbox 2425 789 2604 873; x_wconf 87' lang='lat' dir='ltr'>Lugo</span> <span class='ocrx_word' id='word_1_52' title='bbox 2650 790 2693 852; x_wconf 91' lang='lat'>1.</span> <span class='ocrx_word' id='word_1_53' title='bbox 2727 808 2779 853; x_wconf 90' lang='lat' dir='ltr'>c.</span> 
     </span>
     <span class='ocr_line' id='line_1_6' title="bbox 314 888 2782 973; baseline -0.001 -15"><span class='ocrx_word' id='word_1_54' title='bbox 314 914 375 958; x_wconf 95' lang='lat' dir='ltr'>n.</span> <span class='ocrx_word' id='word_1_55' title='bbox 410 895 548 957; x_wconf 84' lang='lat'>37.:</span> <span class='ocrx_word' id='word_1_56' title='bbox 603 916 639 950; x_wconf 83' lang='lat'><strong>«</strong></span> <span class='ocrx_word' id='word_1_57' title='bbox 664 892 967 957; x_wconf 76' lang='lat' dir='ltr'>Doctores</span> <span class='ocrx_word' id='word_1_58' title='bbox 1012 890 1222 954; x_wconf 87' lang='lat' dir='ltr'>totum</span> <span class='ocrx_word' id='word_1_59' title='bbox 1266 888 1519 952; x_wconf 83' lang='lat' dir='ltr'>tandem</span> <span class='ocrx_word' id='word_1_60' title='bbox 1563 888 1866 954; x_wconf 88' lang='lat' dir='ltr'>reducunt</span> <span class='ocrx_word' id='word_1_61' title='bbox 1890 889 1968 954; x_wconf 89' lang='lat' dir='ltr'>ad</span> <span class='ocrx_word' id='word_1_62' title='bbox 1998 890 2520 970; x_wconf 82' lang='lat' dir='ltr'>circumstantias,</span> <span class='ocrx_word' id='word_1_63' title='bbox 2555 911 2626 955; x_wconf 82' lang='lat' dir='ltr'>ex</span> <span class='ocrx_word' id='word_1_64' title='bbox 2651 891 2782 973; x_wconf 91' lang='lat' dir='ltr'>qui-</span> 
     </span>
     <span class='ocr_line' id='line_1_7' title="bbox 316 991 2783 1078; baseline -0.001 -18"><span class='ocrx_word' id='word_1_65' title='bbox 316 996 434 1060; x_wconf 88' lang='lat' dir='ltr'>bus</span> <span class='ocrx_word' id='word_1_66' title='bbox 482 994 725 1078; x_wconf 77' lang='lat' dir='ltr'>pendet,</span> <span class='ocrx_word' id='word_1_67' title='bbox 767 1012 846 1056; x_wconf 87' lang='lat' dir='ltr'>an</span> <span class='ocrx_word' id='word_1_68' title='bbox 894 992 1011 1056; x_wconf 91' lang='lat' dir='ltr'>hoc</span> <span class='ocrx_word' id='word_1_69' title='bbox 1055 991 1376 1055; x_wconf 86' lang='lat' dir='ltr'>silentium</span> <span class='ocrx_word' id='word_1_70' title='bbox 1421 993 1589 1068; x_wconf 90' lang='lat' dir='ltr'>tunc,</span> <span class='ocrx_word' id='word_1_71' title='bbox 1636 991 1701 1055; x_wconf 90' lang='lat' dir='ltr'>in</span> <span class='ocrx_word' id='word_1_72' title='bbox 1751 991 1959 1055; x_wconf 83' lang='lat' dir='ltr'>ordine</span> <span class='ocrx_word' id='word_1_73' title='bbox 2005 991 2085 1056; x_wconf 89' lang='lat' dir='ltr'>ad</span> <span class='ocrx_word' id='word_1_74' title='bbox 2131 993 2654 1058; x_wconf 58' lang='lat' dir='ltr'>existimationem</span> <span class='ocrx_word' id='word_1_75' title='bbox 2683 993 2783 1057; x_wconf 84' lang='lat' dir='ltr'>vel</span> 
     </span>
     <span class='ocr_line' id='line_1_8' title="bbox 318 1091 2782 1179; baseline -0.001 -18"><span class='ocrx_word' id='word_1_76' title='bbox 318 1097 395 1161; x_wconf 86' lang='lat' dir='ltr'>ad</span> <span class='ocrx_word' id='word_1_77' title='bbox 441 1094 814 1160; x_wconf 81' lang='lat' dir='ltr'>scandalum</span> <span class='ocrx_word' id='word_1_78' title='bbox 856 1092 954 1157; x_wconf 85' lang='lat' dir='ltr'>vel</span> <span class='ocrx_word' id='word_1_79' title='bbox 997 1092 1087 1156; x_wconf 91' lang='lat' dir='ltr'>ad</span> <span class='ocrx_word' id='word_1_80' title='bbox 1127 1091 1387 1156; x_wconf 77' lang='lat' dir='ltr'>dedecus</span> <span class='ocrx_word' id='word_1_81' title='bbox 1431 1112 1611 1156; x_wconf 84' lang='lat' dir='ltr'>verae</span> <span class='ocrx_word' id='word_1_82' title='bbox 1640 1092 1991 1175; x_wconf 75' lang='lat' dir='ltr'>reliyionis,</span> <span class='ocrx_word' id='word_1_83' title='bbox 2026 1095 2419 1176; x_wconf 86' lang='lat' dir='ltr'>aequivaleat</span> <span class='ocrx_word' id='word_1_84' title='bbox 2461 1095 2782 1179; x_wconf 88' lang='lat' dir='ltr'>negationi</span> 
     </span>
     <span class='ocr_line' id='line_1_9' title="bbox 315 1195 2502 1276; baseline -0.002 -13"><span class='ocrx_word' id='word_1_85' title='bbox 315 1201 415 1265; x_wconf 83' lang='lat' dir='ltr'>vel</span> <span class='ocrx_word' id='word_1_86' title='bbox 443 1197 702 1262; x_wconf 79' lang='lat' dir='ltr'>indiciis</span> <span class='ocrx_word' id='word_1_87' title='bbox 726 1195 1091 1276; x_wconf 78' lang='lat' dir='ltr'>fomidinis</span> <span class='ocrx_word' id='word_1_88' title='bbox 1134 1198 1250 1258; x_wconf 82' lang='lat' dir='ltr'>aut</span> <span class='ocrx_word' id='word_1_89' title='bbox 1291 1196 1750 1259; x_wconf 71' lang='lat' dir='ltr'>inconstantiae</span> <span class='ocrx_word' id='word_1_90' title='bbox 1795 1200 1910 1259; x_wconf 82' lang='lat' dir='ltr'>aut</span> <span class='ocrx_word' id='word_1_91' title='bbox 1952 1196 2409 1261; x_wconf 78' lang='lat' dir='ltr'>erubescentiae</span> <span class='ocrx_word' id='word_1_92' title='bbox 2440 1222 2474 1257; x_wconf 83' lang='lat'><strong>»</strong></span> <span class='ocrx_word' id='word_1_93' title='bbox 2488 1245 2502 1259; x_wconf 90' lang='lat'>.</span> 
     </span>
    </p>

    <p class='ocr_par' dir='ltr' id='par_1_4' title="bbox 314 1297 2780 1981">
     <span class='ocr_line' id='line_1_10' title="bbox 406 1297 2777 1383; baseline -0.001 -17"><span class='ocrx_word' id='word_1_94' title='bbox 406 1302 641 1366; x_wconf 88' lang='lat' dir='ltr'>Verum</span> <span class='ocrx_word' id='word_1_95' title='bbox 672 1299 834 1364; x_wconf 85' lang='lat' dir='ltr'>forte</span> <span class='ocrx_word' id='word_1_96' title='bbox 870 1298 1111 1363; x_wconf 79' lang='lat' dir='ltr'>Auctor</span> <span class='ocrx_word' id='word_1_97' title='bbox 1164 1298 1335 1362; x_wconf 87' lang='lat' dir='ltr'>brevi</span> <span class='ocrx_word' id='word_1_98' title='bbox 1387 1297 1498 1360; x_wconf 91' lang='lat' dir='ltr'>illa</span> <span class='ocrx_word' id='word_1_99' title='bbox 1547 1297 1819 1362; x_wconf 85' lang='lat' dir='ltr'>formula</span> <span class='ocrx_word' id='word_1_100' title='bbox 1864 1299 2017 1362; x_wconf 89' lang='lat' dir='ltr'>haec</span> <span class='ocrx_word' id='word_1_101' title='bbox 2071 1299 2278 1363; x_wconf 89' lang='lat' dir='ltr'>omnia</span> <span class='ocrx_word' id='word_1_102' title='bbox 2324 1300 2777 1383; x_wconf 83' lang='lat' dir='ltr'>complectitur.</span> 
     </span>
     <span class='ocr_line' id='line_1_11' title="bbox 318 1401 2780 1486; baseline -0.001 -16"><span class='ocrx_word' id='word_1_103' title='bbox 318 1405 692 1470; x_wconf 88' lang='lat' dir='ltr'>Scandalum</span> <span class='ocrx_word' id='word_1_104' title='bbox 724 1403 891 1468; x_wconf 90' lang='lat' dir='ltr'>enim</span> <span class='ocrx_word' id='word_1_105' title='bbox 921 1402 1021 1467; x_wconf 84' lang='lat' dir='ltr'>vel</span> <span class='ocrx_word' id='word_1_106' title='bbox 1045 1401 1422 1466; x_wconf 81' lang='lat' dir='ltr'>existimatio</span> <span class='ocrx_word' id='word_1_107' title='bbox 1448 1401 1614 1483; x_wconf 88' lang='lat' dir='ltr'>quod</span> <span class='ocrx_word' id='word_1_108' title='bbox 1644 1401 1788 1466; x_wconf 91' lang='lat' dir='ltr'>fidei</span> <span class='ocrx_word' id='word_1_109' title='bbox 1824 1402 2146 1486; x_wconf 89' lang='lat' dir='ltr'>negationi</span> <span class='ocrx_word' id='word_1_110' title='bbox 2177 1404 2572 1485; x_wconf 84' lang='lat' dir='ltr'>aequivaleat</span> <span class='ocrx_word' id='word_1_111' title='bbox 2601 1404 2780 1468; x_wconf 85' lang='lat' dir='ltr'>silen-</span> 
     </span>
     <span class='ocr_line' id='line_1_12' title="bbox 315 1503 2779 1588; baseline -0.002 -15"><span class='ocrx_word' id='word_1_112' title='bbox 315 1509 477 1573; x_wconf 88' lang='lat' dir='ltr'>tium</span> <span class='ocrx_word' id='word_1_113' title='bbox 504 1509 617 1572; x_wconf 89' lang='lat' dir='ltr'>aut</span> <span class='ocrx_word' id='word_1_114' title='bbox 639 1506 899 1570; x_wconf 85' lang='lat' dir='ltr'>dedecus</span> <span class='ocrx_word' id='word_1_115' title='bbox 924 1504 1261 1588; x_wconf 79' lang='lat' dir='ltr'>religioniS,</span> <span class='ocrx_word' id='word_1_116' title='bbox 1284 1503 1423 1567; x_wconf 91' lang='lat' dir='ltr'>inde</span> <span class='ocrx_word' id='word_1_117' title='bbox 1447 1506 1596 1568; x_wconf 89' lang='lat' dir='ltr'>sunt</span> <span class='ocrx_word' id='word_1_118' title='bbox 1620 1505 1785 1586; x_wconf 90' lang='lat' dir='ltr'>quod</span> <span class='ocrx_word' id='word_1_119' title='bbox 1809 1523 1931 1569; x_wconf 92' lang='lat' dir='ltr'>non</span> <span class='ocrx_word' id='word_1_120' title='bbox 1964 1505 2238 1569; x_wconf 83' lang='lat' dir='ltr'>fateatur</span> <span class='ocrx_word' id='word_1_121' title='bbox 2255 1505 2413 1586; x_wconf 86' lang='lat' dir='ltr'>(sive</span> <span class='ocrx_word' id='word_1_122' title='bbox 2437 1505 2627 1569; x_wconf 90' lang='lat' dir='ltr'>timor</span> <span class='ocrx_word' id='word_1_123' title='bbox 2651 1505 2779 1569; x_wconf 88' lang='lat' dir='ltr'>sive</span> 
     </span>
     <span class='ocr_line' id='line_1_13' title="bbox 315 1605 2778 1690; baseline -0.002 -14"><span class='ocrx_word' id='word_1_124' title='bbox 315 1610 737 1675; x_wconf 85' lang='lat' dir='ltr'>erubescentia</span> <span class='ocrx_word' id='word_1_125' title='bbox 768 1627 912 1673; x_wconf 90' lang='lat' dir='ltr'>eum</span> <span class='ocrx_word' id='word_1_126' title='bbox 934 1607 1232 1690; x_wconf 87' lang='lat' dir='ltr'>moveat),</span> <span class='ocrx_word' id='word_1_127' title='bbox 1267 1606 1512 1687; x_wconf 89' lang='lat' dir='ltr'>quando</span> <span class='ocrx_word' id='word_1_128' title='bbox 1546 1605 1728 1670; x_wconf 87' lang='lat' dir='ltr'>fateri</span> <span class='ocrx_word' id='word_1_129' title='bbox 1763 1606 2028 1684; x_wconf 89' lang='lat' dir='ltr'>deberet,</span> <span class='ocrx_word' id='word_1_130' title='bbox 2063 1626 2137 1671; x_wconf 91' lang='lat' dir='ltr'>ne</span> <span class='ocrx_word' id='word_1_131' title='bbox 2176 1608 2316 1688; x_wconf 89' lang='lat' dir='ltr'>quis</span> <span class='ocrx_word' id='word_1_132' title='bbox 2354 1608 2606 1689; x_wconf 89' lang='lat' dir='ltr'>putaret</span> <span class='ocrx_word' id='word_1_133' title='bbox 2638 1626 2778 1670; x_wconf 88' lang='lat' dir='ltr'>emn</span> 
     </span>
     <span class='ocr_line' id='line_1_14' title="bbox 314 1705 2778 1793; baseline -0.002 -16"><span class='ocrx_word' id='word_1_134' title='bbox 314 1713 449 1778; x_wconf 92' lang='lat' dir='ltr'>ideo</span> <span class='ocrx_word' id='word_1_135' title='bbox 488 1715 710 1788; x_wconf 85' lang='lat' dir='ltr'>tacere,</span> <span class='ocrx_word' id='word_1_136' title='bbox 743 1710 893 1793; x_wconf 90' lang='lat' dir='ltr'>quia</span> <span class='ocrx_word' id='word_1_137' title='bbox 923 1709 1022 1774; x_wconf 84' lang='lat' dir='ltr'>vel</span> <span class='ocrx_word' id='word_1_138' title='bbox 1053 1708 1361 1772; x_wconf 87' lang='lat' dir='ltr'>erubescit</span> <span class='ocrx_word' id='word_1_139' title='bbox 1404 1705 1744 1783; x_wconf 88' lang='lat' dir='ltr'>Christum,</span> <span class='ocrx_word' id='word_1_140' title='bbox 1786 1710 1883 1773; x_wconf 85' lang='lat' dir='ltr'>vel</span> <span class='ocrx_word' id='word_1_141' title='bbox 1921 1727 2044 1774; x_wconf 91' lang='lat' dir='ltr'>non</span> <span class='ocrx_word' id='word_1_142' title='bbox 2069 1711 2165 1772; x_wconf 91' lang='lat' dir='ltr'>est</span> <span class='ocrx_word' id='word_1_143' title='bbox 2187 1710 2446 1792; x_wconf 88' lang='lat' dir='ltr'>paratus</span> <span class='ocrx_word' id='word_1_144' title='bbox 2484 1708 2645 1772; x_wconf 91' lang='lat' dir='ltr'>mori</span> <span class='ocrx_word' id='word_1_145' title='bbox 2669 1727 2778 1790; x_wconf 91' lang='lat' dir='ltr'>pro</span> 
     </span>
     <span class='ocr_line' id='line_1_15' title="bbox 316 1808 2774 1895; baseline -0.001 -17"><span class='ocrx_word' id='word_1_146' title='bbox 316 1812 600 1890; x_wconf 81' lang='lat' dir='ltr'>Christ03</span> <span class='ocrx_word' id='word_1_147' title='bbox 648 1812 808 1876; x_wconf 91' lang='lat' dir='ltr'>unde</span> <span class='ocrx_word' id='word_1_148' title='bbox 854 1811 1137 1876; x_wconf 86' lang='lat' dir='ltr'>censetur</span> <span class='ocrx_word' id='word_1_149' title='bbox 1183 1808 1409 1875; x_wconf 88' lang='lat' dir='ltr'>idcirco</span> <span class='ocrx_word' id='word_1_150' title='bbox 1448 1810 1654 1875; x_wconf 87' lang='lat' dir='ltr'>venire</span> <span class='ocrx_word' id='word_1_151' title='bbox 1690 1811 1755 1874; x_wconf 88' lang='lat' dir='ltr'>in</span> <span class='ocrx_word' id='word_1_152' title='bbox 1794 1812 2164 1875; x_wconf 86' lang='lat' dir='ltr'>sententiam</span> <span class='ocrx_word' id='word_1_153' title='bbox 2212 1811 2774 1895; x_wconf 80' lang='lat' dir='ltr'>interrogantium3</span> 
     </span>
     <span class='ocr_line' id='line_1_16' title="bbox 316 1915 1258 1981; baseline -0.002 -1"><span class='ocrx_word' id='word_1_154' title='bbox 316 1916 459 1981; x_wconf 90' lang='lat' dir='ltr'>inde</span> <span class='ocrx_word' id='word_1_155' title='bbox 490 1920 555 1979; x_wconf 93' lang='lat' dir='ltr'>et</span> <span class='ocrx_word' id='word_1_156' title='bbox 586 1916 841 1980; x_wconf 88' lang='lat' dir='ltr'>aliorum</span> <span class='ocrx_word' id='word_1_157' title='bbox 877 1915 1258 1979; x_wconf 88' lang='lat' dir='ltr'>scandalum.</span> 
     </span>
    </p>

    <p class='ocr_par' dir='ltr' id='par_1_5' title="bbox 314 2015 2778 2203">
     <span class='ocr_line' id='line_1_17' title="bbox 405 2015 2778 2101; baseline -0.001 -19"><span class='ocrx_word' id='word_1_158' title='bbox 405 2018 622 2100; x_wconf 83' lang='lat' dir='ltr'>Atqui,</span> <span class='ocrx_word' id='word_1_159' title='bbox 657 2021 731 2082; x_wconf 90' lang='lat' dir='ltr'>ut</span> <span class='ocrx_word' id='word_1_160' title='bbox 756 2019 950 2101; x_wconf 86' lang='lat' dir='ltr'>patet,</span> <span class='ocrx_word' id='word_1_161' title='bbox 983 2018 1133 2082; x_wconf 89' lang='lat' dir='ltr'>haec</span> <span class='ocrx_word' id='word_1_162' title='bbox 1166 2018 1373 2082; x_wconf 90' lang='lat' dir='ltr'>omnia</span> <span class='ocrx_word' id='word_1_163' title='bbox 1402 2018 1467 2081; x_wconf 91' lang='lat' dir='ltr'>in</span> <span class='ocrx_word' id='word_1_164' title='bbox 1499 2016 1768 2081; x_wconf 87' lang='lat' dir='ltr'>formula</span> <span class='ocrx_word' id='word_1_165' title='bbox 1803 2016 1915 2080; x_wconf 85' lang='lat' dir='ltr'>illa</span> <span class='ocrx_word' id='word_1_166' title='bbox 1946 2041 1981 2075; x_wconf 79' lang='lat'>«</span> <span class='ocrx_word' id='word_1_167' title='bbox 2013 2017 2144 2080; x_wconf 82' lang='lat' dir='ltr'>nisi</span> <span class='ocrx_word' id='word_1_168' title='bbox 2170 2019 2452 2080; x_wconf 81' lang='lat' dir='ltr'>teneatur</span> <span class='ocrx_word' id='word_1_169' title='bbox 2472 2015 2667 2095; x_wconf 80' lang='lat' dir='ltr'>fateri</span> <span class='ocrx_word' id='word_1_170' title='bbox 2701 2035 2778 2079; x_wconf 88' lang='lat' dir='ltr'>ne</span> 
     </span>
     <span class='ocr_line' id='line_1_18' title="bbox 314 2119 1542 2203; baseline -0.002 -18"><span class='ocrx_word' id='word_1_171' title='bbox 314 2141 548 2203; x_wconf 72' lang='lat' dir='ltr'>neqare</span> <span class='ocrx_word' id='word_1_172' title='bbox 579 2119 867 2183; x_wconf 77' lang='lat' dir='ltr'>videatur</span> <span class='ocrx_word' id='word_1_173' title='bbox 902 2123 1011 2183; x_wconf 83' lang='lat' dir='ltr'>etc.</span> <span class='ocrx_word' id='word_1_174' title='bbox 1062 2144 1097 2179; x_wconf 87' lang='lat'><strong>»</strong></span> <span class='ocrx_word' id='word_1_175' title='bbox 1128 2120 1542 2184; x_wconf 87' lang='lat' dir='ltr'>continentur.</span> 
     </span>
    </p>

    <p class='ocr_par' dir='ltr' id='par_1_6' title="bbox 310 2221 2777 2698">
     <span class='ocr_line' id='line_1_19' title="bbox 403 2221 2775 2306; baseline -0.001 -18"><span class='ocrx_word' id='word_1_176' title='bbox 403 2223 487 2288; x_wconf 85' lang='lat' dir='ltr'>Et</span> <span class='ocrx_word' id='word_1_177' title='bbox 518 2222 811 2288; x_wconf 85' lang='lat' dir='ltr'>satisfieri</span> <span class='ocrx_word' id='word_1_178' title='bbox 833 2222 921 2286; x_wconf 89' lang='lat' dir='ltr'>sic</span> <span class='ocrx_word' id='word_1_179' title='bbox 951 2222 1293 2287; x_wconf 88' lang='lat' dir='ltr'>sententiae</span> <span class='ocrx_word' id='word_1_180' title='bbox 1317 2221 1734 2287; x_wconf 85' lang='lat' dir='ltr'>damnationis</span> <span class='ocrx_word' id='word_1_181' title='bbox 1768 2221 2076 2289; x_wconf 88' lang='lat' dir='ltr'>consentit</span> <span class='ocrx_word' id='word_1_182' title='bbox 2106 2224 2170 2286; x_wconf 88' lang='lat' dir='ltr'>et</span> <span class='ocrx_word' id='word_1_183' title='bbox 2184 2222 2348 2287; x_wconf 90' lang='lat' dir='ltr'>Viva</span> <span class='ocrx_word' id='word_1_184' title='bbox 2379 2223 2443 2286; x_wconf 92' lang='lat' dir='ltr'>in</span> <span class='ocrx_word' id='word_1_185' title='bbox 2468 2242 2640 2306; x_wconf 85' lang='lat' dir='ltr'>prop.</span> <span class='ocrx_word' id='word_1_186' title='bbox 2672 2223 2775 2286; x_wconf 87' lang='grc'>18.</span> 
     </span>
     <span class='ocr_line' id='line_1_20' title="bbox 311 2323 2773 2405; baseline -0.001 -14"><span class='ocrx_word' id='word_1_187' title='bbox 311 2327 519 2391; x_wconf 92' lang='lat' dir='ltr'>Innoc.</span> <span class='ocrx_word' id='word_1_188' title='bbox 538 2325 651 2389; x_wconf 89' lang='lat' dir='ltr'>XI.</span> <span class='ocrx_word' id='word_1_189' title='bbox 672 2344 732 2388; x_wconf 92' lang='lat' dir='ltr'>n.</span> <span class='ocrx_word' id='word_1_190' title='bbox 769 2324 866 2387; x_wconf 84' lang='lat'>6.:</span> <span class='ocrx_word' id='word_1_191' title='bbox 901 2323 1311 2388; x_wconf 80' lang='lat' dir='ltr'>«Ostenditur</span> <span class='ocrx_word' id='word_1_192' title='bbox 1340 2323 1618 2401; x_wconf 82' lang='lat' dir='ltr'>falsitas3</span> <span class='ocrx_word' id='word_1_193' title='bbox 1653 2324 1821 2405; x_wconf 88' lang='lat' dir='ltr'>quia,</span> <span class='ocrx_word' id='word_1_194' title='bbox 1857 2326 1929 2388; x_wconf 89' lang='lat' dir='ltr'>ut</span> <span class='ocrx_word' id='word_1_195' title='bbox 1955 2324 2226 2389; x_wconf 88' lang='lat' dir='ltr'>advertit</span> <span class='ocrx_word' id='word_1_196' title='bbox 2249 2344 2297 2390; x_wconf 92' lang='lat' dir='ltr'>s.</span> <span class='ocrx_word' id='word_1_197' title='bbox 2333 2326 2605 2389; x_wconf 85' lang='lat' dir='ltr'>Thomas</span> <span class='ocrx_word' id='word_1_198' title='bbox 2631 2327 2692 2388; x_wconf 81' lang='lat'>2.</span> <span class='ocrx_word' id='word_1_199' title='bbox 2714 2327 2773 2388; x_wconf 83' lang='lat'>2.</span> 
     </span>
     <span class='ocr_line' id='line_1_21' title="bbox 312 2425 2777 2512; baseline -0 -19"><span class='ocrx_word' id='word_1_200' title='bbox 312 2450 368 2512; x_wconf 89' lang='lat' dir='ltr'>q.</span> <span class='ocrx_word' id='word_1_201' title='bbox 404 2430 464 2493; x_wconf 86' lang='lat'>3.</span> <span class='ocrx_word' id='word_1_202' title='bbox 501 2430 621 2493; x_wconf 90' lang='lat' dir='ltr'>art.</span> <span class='ocrx_word' id='word_1_203' title='bbox 648 2429 731 2504; x_wconf 87' lang='grc'>2.,</span> <span class='ocrx_word' id='word_1_204' title='bbox 767 2427 1130 2509; x_wconf 88' lang='lat' dir='ltr'>obsequium</span> <span class='ocrx_word' id='word_1_205' title='bbox 1162 2427 1292 2491; x_wconf 91' lang='lat' dir='ltr'>Deo</span> <span class='ocrx_word' id='word_1_206' title='bbox 1317 2446 1388 2490; x_wconf 89' lang='lat' dir='ltr'>ac</span> <span class='ocrx_word' id='word_1_207' title='bbox 1418 2425 1561 2490; x_wconf 88' lang='lat' dir='ltr'>fidei</span> <span class='ocrx_word' id='word_1_208' title='bbox 1584 2426 1862 2491; x_wconf 85' lang='lat' dir='ltr'>debitum</span> <span class='ocrx_word' id='word_1_209' title='bbox 1896 2427 2197 2510; x_wconf 88' lang='lat' dir='ltr'>postulat,</span> <span class='ocrx_word' id='word_1_210' title='bbox 2224 2430 2298 2491; x_wconf 92' lang='lat' dir='ltr'>ut</span> <span class='ocrx_word' id='word_1_211' title='bbox 2328 2428 2570 2510; x_wconf 89' lang='lat' dir='ltr'>publice</span> <span class='ocrx_word' id='word_1_212' title='bbox 2600 2428 2777 2493; x_wconf 86' lang='lat' dir='ltr'>illam</span> 
     </span>
     <span class='ocr_line' id='line_1_22' title="bbox 310 2528 2775 2616; baseline -0 -19"><span class='ocrx_word' id='word_1_213' title='bbox 310 2531 717 2616; x_wconf 87' lang='lat' dir='ltr'>profiteamur</span> <span class='ocrx_word' id='word_1_214' title='bbox 753 2528 999 2611; x_wconf 89' lang='lat' dir='ltr'>quando</span> <span class='ocrx_word' id='word_1_215' title='bbox 1040 2528 1438 2594; x_wconf 85' lang='lat' dir='ltr'>taciturnitas</span> <span class='ocrx_word' id='word_1_216' title='bbox 1493 2528 1734 2594; x_wconf 89' lang='lat' dir='ltr'>cederet</span> <span class='ocrx_word' id='word_1_217' title='bbox 1793 2529 1858 2594; x_wconf 90' lang='lat' dir='ltr'>in</span> <span class='ocrx_word' id='word_1_218' title='bbox 1919 2530 2051 2596; x_wconf 90' lang='lat' dir='ltr'>eius</span> <span class='ocrx_word' id='word_1_219' title='bbox 2097 2531 2524 2615; x_wconf 89' lang='lat' dir='ltr'>contemptum</span> <span class='ocrx_word' id='word_1_220' title='bbox 2562 2533 2676 2597; x_wconf 90' lang='lat' dir='ltr'>aut</span> <span class='ocrx_word' id='word_1_221' title='bbox 2711 2532 2775 2596; x_wconf 92' lang='lat' dir='ltr'>in</span> 
     </span>
     <span class='ocr_line' id='line_1_23' title="bbox 312 2631 1067 2698; baseline -0.007 1"><span class='ocrx_word' id='word_1_222' title='bbox 312 2635 580 2698; x_wconf 82' lang='lat' dir='ltr'>alieuius</span> <span class='ocrx_word' id='word_1_223' title='bbox 611 2631 973 2697; x_wconf 88' lang='lat' dir='ltr'>scandalum</span> <span class='ocrx_word' id='word_1_224' title='bbox 1005 2656 1067 2694; x_wconf 80' lang='lat'>».</span> 
     </span>
    </p>

    <p class='ocr_par' dir='ltr' id='par_1_7' title="bbox 305 2730 2780 3535">
     <span class='ocr_line' id='line_1_24' title="bbox 401 2730 2773 2823; baseline 0.002 -25"><span class='ocrx_word' id='word_1_225' title='bbox 401 2730 527 2805; x_wconf 76' lang='grc'>49.</span> <span class='ocrx_word' id='word_1_226' title='bbox 568 2733 963 2799; x_wconf 88' lang='lat' dir='ltr'>Advertenda</span> <span class='ocrx_word' id='word_1_227' title='bbox 992 2733 1143 2797; x_wconf 87' lang='lat' dir='ltr'>haec</span> <span class='ocrx_word' id='word_1_228' title='bbox 1172 2734 1359 2798; x_wconf 86' lang='lat' dir='ltr'>verba</span> <span class='ocrx_word' id='word_1_229' title='bbox 1391 2736 1542 2799; x_wconf 89' lang='lat' dir='ltr'>sunt</span> <span class='ocrx_word' id='word_1_230' title='bbox 1577 2734 1755 2819; x_wconf 89' lang='lat' dir='ltr'>Lugo</span> <span class='ocrx_word' id='word_1_231' title='bbox 1802 2735 1847 2798; x_wconf 93' lang='lat' dir='ltr'>l.</span> <span class='ocrx_word' id='word_1_232' title='bbox 1886 2755 1936 2800; x_wconf 90' lang='lat' dir='ltr'>c.</span> <span class='ocrx_word' id='word_1_233' title='bbox 1987 2756 2047 2800; x_wconf 92' lang='lat' dir='ltr'>n.</span> <span class='ocrx_word' id='word_1_234' title='bbox 2088 2738 2225 2801; x_wconf 82' lang='lat'>39.:</span> <span class='ocrx_word' id='word_1_235' title='bbox 2268 2761 2304 2795; x_wconf 66' lang='lat' dir='ltr'>c&lt;</span> <span class='ocrx_word' id='word_1_236' title='bbox 2336 2737 2579 2820; x_wconf 84' lang='lat' dir='ltr'>Regula</span> <span class='ocrx_word' id='word_1_237' title='bbox 2626 2757 2773 2823; x_wconf 88' lang='lat' dir='ltr'>ergo</span> 
     </span>
     <span class='ocr_line' id='line_1_25' title="bbox 310 2835 2776 2926; baseline 0.001 -23"><span class='ocrx_word' id='word_1_238' title='bbox 310 2840 407 2903; x_wconf 87' lang='lat' dir='ltr'>est</span> <span class='ocrx_word' id='word_1_239' title='bbox 450 2836 837 2915; x_wconf 83' lang='lat' dir='ltr'>universalis,</span> <span class='ocrx_word' id='word_1_240' title='bbox 870 2838 946 2900; x_wconf 89' lang='lat' dir='ltr'>ut</span> <span class='ocrx_word' id='word_1_241' title='bbox 975 2835 1226 2918; x_wconf 88' lang='lat' dir='ltr'>quando</span> <span class='ocrx_word' id='word_1_242' title='bbox 1256 2837 1693 2921; x_wconf 85' lang='lat' dir='ltr'>tergiversatio</span> <span class='ocrx_word' id='word_1_243' title='bbox 1727 2838 1825 2902; x_wconf 88' lang='lat' dir='ltr'>vel</span> <span class='ocrx_word' id='word_1_244' title='bbox 1858 2838 2176 2903; x_wconf 90' lang='lat' dir='ltr'>silentium</span> <span class='ocrx_word' id='word_1_245' title='bbox 2209 2841 2564 2922; x_wconf 85' lang='lat' dir='ltr'>aequivalet</span> <span class='ocrx_word' id='word_1_246' title='bbox 2586 2860 2776 2926; x_wconf 88' lang='lat' dir='ltr'>nega-</span> 
     </span>
     <span class='ocr_line' id='line_1_26' title="bbox 308 2938 2777 3008; baseline 0.001 -3"><span class='ocrx_word' id='word_1_247' title='bbox 308 2941 467 3006; x_wconf 87' lang='lat' dir='ltr'>tioni</span> <span class='ocrx_word' id='word_1_248' title='bbox 513 2939 616 3004; x_wconf 83' lang='lat' dir='ltr'>vel</span> <span class='ocrx_word' id='word_1_249' title='bbox 651 2938 1109 3004; x_wconf 86' lang='lat' dir='ltr'>erubescentiae</span> <span class='ocrx_word' id='word_1_250' title='bbox 1169 2940 1282 3003; x_wconf 89' lang='lat' dir='ltr'>aut</span> <span class='ocrx_word' id='word_1_251' title='bbox 1327 2939 1673 3004; x_wconf 87' lang='lat' dir='ltr'>formidinis</span> <span class='ocrx_word' id='word_1_252' title='bbox 1717 2940 1945 3005; x_wconf 85' lang='lat' dir='ltr'>indicio</span> <span class='ocrx_word' id='word_1_253' title='bbox 1993 2942 2056 3005; x_wconf 89' lang='lat' dir='ltr'>in</span> <span class='ocrx_word' id='word_1_254' title='bbox 2106 2942 2317 3006; x_wconf 89' lang='lat' dir='ltr'>ordine</span> <span class='ocrx_word' id='word_1_255' title='bbox 2367 2943 2443 3006; x_wconf 88' lang='lat' dir='ltr'>ad</span> <span class='ocrx_word' id='word_1_256' title='bbox 2489 2943 2777 3008; x_wconf 86' lang='lat' dir='ltr'>inconve-</span> 
     </span>
     <span class='ocr_line' id='line_1_27' title="bbox 305 3041 2780 3127; baseline 0 -20"><span class='ocrx_word' id='word_1_257' title='bbox 305 3044 539 3108; x_wconf 87' lang='lat' dir='ltr'>nientia</span> <span class='ocrx_word' id='word_1_258' title='bbox 573 3042 653 3108; x_wconf 91' lang='lat' dir='ltr'>ob</span> <span class='ocrx_word' id='word_1_259' title='bbox 680 3060 839 3124; x_wconf 89' lang='lat' dir='ltr'>quae</span> <span class='ocrx_word' id='word_1_260' title='bbox 894 3041 1044 3108; x_wconf 87' lang='lat' dir='ltr'>haec</span> <span class='ocrx_word' id='word_1_261' title='bbox 1089 3043 1237 3106; x_wconf 89' lang='lat' dir='ltr'>sunt</span> <span class='ocrx_word' id='word_1_262' title='bbox 1282 3041 1523 3118; x_wconf 84' lang='lat' dir='ltr'>illicita,</span> <span class='ocrx_word' id='word_1_263' title='bbox 1558 3042 1669 3106; x_wconf 86' lang='lat' dir='ltr'>illa</span> <span class='ocrx_word' id='word_1_264' title='bbox 1701 3042 1894 3107; x_wconf 87' lang='lat' dir='ltr'>etiam</span> <span class='ocrx_word' id='word_1_265' title='bbox 1925 3063 2048 3108; x_wconf 92' lang='lat' dir='ltr'>non</span> <span class='ocrx_word' id='word_1_266' title='bbox 2097 3045 2348 3121; x_wconf 86' lang='lat' dir='ltr'>liceant,</span> <span class='ocrx_word' id='word_1_267' title='bbox 2381 3047 2508 3109; x_wconf 80' lang='lat' dir='ltr'>sive</span> <span class='ocrx_word' id='word_1_268' title='bbox 2546 3045 2620 3108; x_wconf 84' lang='lat' dir='ltr'>id</span> <span class='ocrx_word' id='word_1_269' title='bbox 2659 3046 2780 3127; x_wconf 76' lang='lat' dir='ltr'>fiat</span> 
     </span>
     <span class='ocr_line' id='line_1_28' title="bbox 305 3141 2776 3232; baseline 0.003 -25"><span class='ocrx_word' id='word_1_270' title='bbox 305 3147 376 3209; x_wconf 70' lang='lat' dir='ltr'>in</span> <span class='ocrx_word' id='word_1_271' title='bbox 394 3143 675 3226; x_wconf 76' lang='lat' dir='ltr'>publice,</span> <span class='ocrx_word' id='word_1_272' title='bbox 707 3145 835 3208; x_wconf 80' lang='lat' dir='ltr'>sive</span> <span class='ocrx_word' id='word_1_273' title='bbox 873 3144 942 3206; x_wconf 83' lang='lat' dir='ltr'>in</span> <span class='ocrx_word' id='word_1_274' title='bbox 978 3141 1230 3219; x_wconf 79' lang='lat' dir='ltr'>occulto,</span> <span class='ocrx_word' id='word_1_275' title='bbox 1271 3145 1399 3208; x_wconf 89' lang='lat' dir='ltr'>sive</span> <span class='ocrx_word' id='word_1_276' title='bbox 1424 3144 1588 3227; x_wconf 89' lang='lat' dir='ltr'>apud</span> <span class='ocrx_word' id='word_1_277' title='bbox 1619 3146 2084 3230; x_wconf 85' lang='lat' dir='ltr'>magistratum,</span> <span class='ocrx_word' id='word_1_278' title='bbox 2118 3148 2248 3213; x_wconf 86' lang='lat' dir='ltr'>sive</span> <span class='ocrx_word' id='word_1_279' title='bbox 2267 3149 2430 3232; x_wconf 87' lang='lat' dir='ltr'>apud</span> <span class='ocrx_word' id='word_1_280' title='bbox 2462 3149 2776 3213; x_wconf 89' lang='lat' dir='ltr'>hominem</span> 
     </span>
     <span class='ocr_line' id='line_1_29' title="bbox 306 3246 2776 3333; baseline 0.002 -22"><span class='ocrx_word' id='word_1_281' title='bbox 306 3248 656 3331; x_wconf 77' lang='lat' dir='ltr'>privatum3</span> <span class='ocrx_word' id='word_1_282' title='bbox 690 3265 837 3310; x_wconf 89' lang='lat' dir='ltr'>cum</span> <span class='ocrx_word' id='word_1_283' title='bbox 868 3246 1033 3310; x_wconf 90' lang='lat' dir='ltr'>enim</span> <span class='ocrx_word' id='word_1_284' title='bbox 1070 3246 1349 3311; x_wconf 85' lang='lat' dir='ltr'>formalis</span> <span class='ocrx_word' id='word_1_285' title='bbox 1396 3248 1647 3333; x_wconf 88' lang='lat' dir='ltr'>negatio</span> <span class='ocrx_word' id='word_1_286' title='bbox 1679 3247 1823 3312; x_wconf 87' lang='lat' dir='ltr'>fidei</span> <span class='ocrx_word' id='word_1_287' title='bbox 1853 3250 2185 3331; x_wconf 85' lang='lat' dir='ltr'>utrobique</span> <span class='ocrx_word' id='word_1_288' title='bbox 2216 3251 2301 3315; x_wconf 88' lang='lat' dir='ltr'>sit</span> <span class='ocrx_word' id='word_1_289' title='bbox 2330 3252 2573 3330; x_wconf 88' lang='lat' dir='ltr'>illicita,</span> <span class='ocrx_word' id='word_1_290' title='bbox 2606 3253 2776 3316; x_wconf 91' lang='lat' dir='ltr'>utro·</span> 
     </span>
     <span class='ocr_line' id='line_1_30' title="bbox 307 3348 2776 3434; baseline 0.002 -20"><span class='ocrx_word' id='word_1_291' title='bbox 307 3349 490 3432; x_wconf 90' lang='lat' dir='ltr'>bique</span> <span class='ocrx_word' id='word_1_292' title='bbox 537 3349 731 3413; x_wconf 88' lang='lat' dir='ltr'>etiam</span> <span class='ocrx_word' id='word_1_293' title='bbox 776 3349 896 3413; x_wconf 90' lang='lat' dir='ltr'>erit</span> <span class='ocrx_word' id='word_1_294' title='bbox 940 3348 1164 3412; x_wconf 87' lang='lat' dir='ltr'>illicita</span> <span class='ocrx_word' id='word_1_295' title='bbox 1210 3350 1460 3434; x_wconf 85' lang='lat' dir='ltr'>negatio</span> <span class='ocrx_word' id='word_1_296' title='bbox 1492 3350 1781 3414; x_wconf 85' lang='lat' dir='ltr'>virtualis</span> <span class='ocrx_word' id='word_1_297' title='bbox 1821 3352 1917 3416; x_wconf 86' lang='lat' dir='ltr'>vel</span> <span class='ocrx_word' id='word_1_298' title='bbox 1952 3354 2378 3434; x_wconf 87' lang='lat' dir='ltr'>aequivalens:</span> <span class='ocrx_word' id='word_1_299' title='bbox 2413 3355 2575 3419; x_wconf 91' lang='lat' dir='ltr'>unde</span> <span class='ocrx_word' id='word_1_300' title='bbox 2606 3355 2776 3419; x_wconf 89' lang='lat' dir='ltr'>libel-</span> 
     </span>
     <span class='ocr_line' id='line_1_31' title="bbox 305 3451 1946 3535; baseline 0.002 -19"><span class='ocrx_word' id='word_1_301' title='bbox 305 3452 480 3516; x_wconf 87' lang='lat' dir='ltr'>latici</span> <span class='ocrx_word' id='word_1_302' title='bbox 514 3451 667 3516; x_wconf 91' lang='lat' dir='ltr'>olim</span> <span class='ocrx_word' id='word_1_303' title='bbox 700 3451 1056 3535; x_wconf 84' lang='lat' dir='ltr'>gravissimi</span> <span class='ocrx_word' id='word_1_304' title='bbox 1087 3452 1320 3533; x_wconf 86' lang='lat' dir='ltr'>peccati</span> <span class='ocrx_word' id='word_1_305' title='bbox 1352 3452 1442 3516; x_wconf 88' lang='lat' dir='ltr'>rei</span> <span class='ocrx_word' id='word_1_306' title='bbox 1474 3453 1673 3517; x_wconf 91' lang='lat' dir='ltr'>habiti</span> <span class='ocrx_word' id='word_1_307' title='bbox 1704 3457 1852 3518; x_wconf 81' lang='lat' dir='ltr'>sunt</span> <span class='ocrx_word' id='word_1_308' title='bbox 1885 3481 1946 3519; x_wconf 85' lang='lat'>».</span> 
     </span>
    </p>

    <p class='ocr_par' dir='ltr' id='par_1_8' title="bbox 303 3553 2775 4668">
     <span class='ocr_line' id='line_1_32' title="bbox 392 3553 2775 3643; baseline 0.003 -26"><span class='ocrx_word' id='word_1_309' title='bbox 392 3554 567 3618; x_wconf 90' lang='lat' dir='ltr'>Haec</span> <span class='ocrx_word' id='word_1_310' title='bbox 596 3554 927 3630; x_wconf 87' lang='lat' dir='ltr'>notantur,</span> <span class='ocrx_word' id='word_1_311' title='bbox 963 3554 1130 3635; x_wconf 90' lang='lat' dir='ltr'>quia,</span> <span class='ocrx_word' id='word_1_312' title='bbox 1158 3554 1233 3618; x_wconf 89' lang='lat' dir='ltr'>ut</span> <span class='ocrx_word' id='word_1_313' title='bbox 1266 3553 1472 3636; x_wconf 89' lang='lat' dir='ltr'>inquit</span> <span class='ocrx_word' id='word_1_314' title='bbox 1504 3554 1729 3620; x_wconf 86' lang='lat' dir='ltr'>Suarez</span> <span class='ocrx_word' id='word_1_315' title='bbox 1760 3557 1915 3642; x_wconf 87' lang='lat' dir='ltr'>disp.</span> <span class='ocrx_word' id='word_1_316' title='bbox 1950 3559 2050 3622; x_wconf 84' lang='lat'>14.</span> <span class='ocrx_word' id='word_1_317' title='bbox 2085 3561 2232 3623; x_wconf 88' lang='lat' dir='ltr'>sect.</span> <span class='ocrx_word' id='word_1_318' title='bbox 2261 3562 2320 3624; x_wconf 88' lang='lat'>3.</span> <span class='ocrx_word' id='word_1_319' title='bbox 2356 3581 2414 3624; x_wconf 90' lang='grc'>11.</span> <span class='ocrx_word' id='word_1_320' title='bbox 2453 3562 2512 3624; x_wconf 86' lang='grc'>5.</span> <span class='ocrx_word' id='word_1_321' title='bbox 2565 3560 2775 3643; x_wconf 87' lang='lat' dir='ltr'>aliqua</span> 
     </span>
     <span class='ocr_line' id='line_1_33' title="bbox 307 3655 2775 3739; baseline 0.004 -21"><span class='ocrx_word' id='word_1_322' title='bbox 307 3655 606 3720; x_wconf 87' lang='lat' dir='ltr'>dissensio</span> <span class='ocrx_word' id='word_1_323' title='bbox 634 3655 707 3719; x_wconf 88' lang='lat' dir='ltr'>de</span> <span class='ocrx_word' id='word_1_324' title='bbox 738 3656 854 3720; x_wconf 91' lang='lat' dir='ltr'>hac</span> <span class='ocrx_word' id='word_1_325' title='bbox 886 3674 952 3720; x_wconf 90' lang='lat' dir='ltr'>re</span> <span class='ocrx_word' id='word_1_326' title='bbox 987 3656 1111 3720; x_wconf 90' lang='lat' dir='ltr'>fuit</span> <span class='ocrx_word' id='word_1_327' title='bbox 1134 3675 1316 3739; x_wconf 86' lang='lat' dir='ltr'>penes</span> <span class='ocrx_word' id='word_1_328' title='bbox 1348 3657 1673 3722; x_wconf 84' lang='lat' dir='ltr'>Auctores.</span> <span class='ocrx_word' id='word_1_329' title='bbox 1708 3657 1974 3738; x_wconf 82' lang='lat' dir='ltr'>Quidam</span> <span class='ocrx_word' id='word_1_330' title='bbox 2016 3661 2178 3724; x_wconf 90' lang='lat' dir='ltr'>enim</span> <span class='ocrx_word' id='word_1_331' title='bbox 2209 3662 2566 3726; x_wconf 87' lang='lat' dir='ltr'>indistincte</span> <span class='ocrx_word' id='word_1_332' title='bbox 2598 3662 2775 3727; x_wconf 86' lang='lat' dir='ltr'>illam</span> 
     </span>
     <span class='ocr_line' id='line_1_34' title="bbox 308 3755 2774 3847; baseline 0.004 -29"><span class='ocrx_word' id='word_1_333' title='bbox 308 3755 545 3833; x_wconf 87' lang='lat' dir='ltr'>docent,</span> <span class='ocrx_word' id='word_1_334' title='bbox 578 3759 654 3822; x_wconf 89' lang='lat' dir='ltr'>ut</span> <span class='ocrx_word' id='word_1_335' title='bbox 677 3777 727 3821; x_wconf 90' lang='lat' dir='ltr'>s.</span> <span class='ocrx_word' id='word_1_336' title='bbox 757 3757 1126 3824; x_wconf 88' lang='lat' dir='ltr'>Thomas...:</span> <span class='ocrx_word' id='word_1_337' title='bbox 1155 3759 1264 3823; x_wconf 89' lang='lat' dir='ltr'>alii</span> <span class='ocrx_word' id='word_1_338' title='bbox 1295 3779 1440 3824; x_wconf 82' lang='lat' dir='ltr'>vero</span> <span class='ocrx_word' id='word_1_339' title='bbox 1476 3760 1981 3844; x_wconf 89' lang='lat' dir='ltr'>distinguendum</span> <span class='ocrx_word' id='word_1_340' title='bbox 2014 3765 2240 3846; x_wconf 90' lang='lat' dir='ltr'>putant</span> <span class='ocrx_word' id='word_1_341' title='bbox 2264 3764 2424 3827; x_wconf 90' lang='lat' dir='ltr'>inter</span> <span class='ocrx_word' id='word_1_342' title='bbox 2447 3783 2774 3847; x_wconf 89' lang='lat' dir='ltr'>personam</span> 
     </span>
     <span class='ocr_line' id='line_1_35' title="bbox 305 3857 2773 3951; baseline 0.004 -30"><span class='ocrx_word' id='word_1_343' title='bbox 305 3857 794 3944; x_wconf 86' lang='lat' dir='ltr'>interrogantem</span> <span class='ocrx_word' id='word_1_344' title='bbox 831 3860 1145 3943; x_wconf 87' lang='lat' dir='ltr'>publicam</span> <span class='ocrx_word' id='word_1_345' title='bbox 1172 3862 1267 3925; x_wconf 90' lang='lat' dir='ltr'>vel</span> <span class='ocrx_word' id='word_1_346' title='bbox 1291 3863 1630 3945; x_wconf 80' lang='lat' dir='ltr'>privatam3</span> <span class='ocrx_word' id='word_1_347' title='bbox 1667 3864 1813 3944; x_wconf 87' lang='lat' dir='ltr'>quia</span> <span class='ocrx_word' id='word_1_348' title='bbox 1838 3864 2083 3946; x_wconf 89' lang='lat' dir='ltr'>quando</span> <span class='ocrx_word' id='word_1_349' title='bbox 2108 3885 2367 3947; x_wconf 89' lang='lat' dir='ltr'>persona</span> <span class='ocrx_word' id='word_1_350' title='bbox 2401 3869 2495 3931; x_wconf 91' lang='lat' dir='ltr'>est</span> <span class='ocrx_word' id='word_1_351' title='bbox 2527 3868 2773 3951; x_wconf 89' lang='lat' dir='ltr'>publica</span> 
     </span>
     <span class='ocr_line' id='line_1_36' title="bbox 305 3961 2771 4053; baseline 0.003 -27"><span class='ocrx_word' id='word_1_352' title='bbox 305 3961 369 4026; x_wconf 86' lang='lat' dir='ltr'>id</span> <span class='ocrx_word' id='word_1_353' title='bbox 398 3962 496 4026; x_wconf 87' lang='lat' dir='ltr'>est</span> <span class='ocrx_word' id='word_1_354' title='bbox 542 3962 853 4045; x_wconf 85' lang='lat' dir='ltr'>publicam</span> <span class='ocrx_word' id='word_1_355' title='bbox 901 3963 1134 4028; x_wconf 90' lang='lat' dir='ltr'>habens</span> <span class='ocrx_word' id='word_1_356' title='bbox 1180 3965 1555 4047; x_wconf 85' lang='lat' dir='ltr'>potestatem</span> <span class='ocrx_word' id='word_1_357' title='bbox 1604 3966 1702 4030; x_wconf 83' lang='lat' dir='ltr'>vel</span> <span class='ocrx_word' id='word_1_358' title='bbox 1748 3966 1925 4030; x_wconf 89' lang='lat' dir='ltr'>illam</span> <span class='ocrx_word' id='word_1_359' title='bbox 1972 3986 2296 4050; x_wconf 77' lang='lat' dir='ltr'>usurpanS,</span> <span class='ocrx_word' id='word_1_360' title='bbox 2337 3971 2411 4033; x_wconf 89' lang='lat' dir='ltr'>ut</span> <span class='ocrx_word' id='word_1_361' title='bbox 2450 3971 2771 4053; x_wconf 86' lang='lat' dir='ltr'>tyrannus,</span> 
     </span>
     <span class='ocr_line' id='line_1_37' title="bbox 306 4065 2770 4154; baseline 0.003 -25"><span class='ocrx_word' id='word_1_362' title='bbox 306 4067 455 4130; x_wconf 85' lang='lat' dir='ltr'>tunc</span> <span class='ocrx_word' id='word_1_363' title='bbox 478 4065 747 4130; x_wconf 87' lang='lat' dir='ltr'>resultat</span> <span class='ocrx_word' id='word_1_364' title='bbox 772 4066 1075 4150; x_wconf 88' lang='lat' dir='ltr'>obligatio</span> <span class='ocrx_word' id='word_1_365' title='bbox 1098 4067 1527 4150; x_wconf 78' lang='lat' dir='ltr'>respondendi3</span> <span class='ocrx_word' id='word_1_366' title='bbox 1555 4069 1703 4151; x_wconf 91' lang='lat' dir='ltr'>quia</span> <span class='ocrx_word' id='word_1_367' title='bbox 1728 4070 1970 4152; x_wconf 89' lang='lat' dir='ltr'>publice</span> <span class='ocrx_word' id='word_1_368' title='bbox 2004 4071 2215 4154; x_wconf 88' lang='lat' dir='ltr'>agitur</span> <span class='ocrx_word' id='word_1_369' title='bbox 2237 4071 2313 4136; x_wconf 90' lang='lat' dir='ltr'>de</span> <span class='ocrx_word' id='word_1_370' title='bbox 2337 4073 2567 4137; x_wconf 88' lang='lat' dir='ltr'>honore</span> <span class='ocrx_word' id='word_1_371' title='bbox 2592 4073 2770 4138; x_wconf 90' lang='lat' dir='ltr'>fidei:</span> 
     </span>
     <span class='ocr_line' id='line_1_38' title="bbox 306 4169 2773 4257; baseline 0.004 -25"><span class='ocrx_word' id='word_1_372' title='bbox 306 4186 477 4234; x_wconf 85' lang='lat' dir='ltr'>secus</span> <span class='ocrx_word' id='word_1_373' title='bbox 526 4187 672 4233; x_wconf 88' lang='lat' dir='ltr'>vero</span> <span class='ocrx_word' id='word_1_374' title='bbox 720 4187 850 4233; x_wconf 89' lang='lat' dir='ltr'>esse</span> <span class='ocrx_word' id='word_1_375' title='bbox 898 4169 1131 4247; x_wconf 89' lang='lat' dir='ltr'>dicunt,</span> <span class='ocrx_word' id='word_1_376' title='bbox 1173 4169 1417 4252; x_wconf 89' lang='lat' dir='ltr'>quando</span> <span class='ocrx_word' id='word_1_377' title='bbox 1465 4189 1725 4255; x_wconf 86' lang='lat' dir='ltr'>persona</span> <span class='ocrx_word' id='word_1_378' title='bbox 1759 4173 1853 4236; x_wconf 90' lang='lat' dir='ltr'>est</span> <span class='ocrx_word' id='word_1_379' title='bbox 1883 4173 2163 4255; x_wconf 80' lang='lat' dir='ltr'>privata3</span> <span class='ocrx_word' id='word_1_380' title='bbox 2201 4173 2346 4255; x_wconf 91' lang='lat' dir='ltr'>quia</span> <span class='ocrx_word' id='word_1_381' title='bbox 2386 4175 2535 4240; x_wconf 91' lang='lat' dir='ltr'>tunc</span> <span class='ocrx_word' id='word_1_382' title='bbox 2564 4178 2773 4257; x_wconf 89' lang='lat' dir='ltr'>potest</span> 
     </span>
     <span class='ocr_line' id='line_1_39' title="bbox 303 4269 2769 4353; baseline 0.004 -20"><span class='ocrx_word' id='word_1_383' title='bbox 303 4269 498 4335; x_wconf 87' lang='lat' dir='ltr'>fidelis</span> <span class='ocrx_word' id='word_1_384' title='bbox 532 4269 937 4353; x_wconf 82' lang='lat' dir='ltr'>respondere3</span> <span class='ocrx_word' id='word_1_385' title='bbox 982 4270 1153 4351; x_wconf 77' lang='lat' dir='ltr'>Quid</span> <span class='ocrx_word' id='word_1_386' title='bbox 1180 4276 1288 4336; x_wconf 82' lang='lat' dir='ltr'>tua</span> <span class='ocrx_word' id='word_1_387' title='bbox 1324 4274 1600 4352; x_wconf 77' lang='lat' dir='ltr'>interest,</span> <span class='ocrx_word' id='word_1_388' title='bbox 1636 4274 1735 4338; x_wconf 87' lang='lat' dir='ltr'>vel</span> <span class='ocrx_word' id='word_1_389' title='bbox 1767 4295 1832 4338; x_wconf 88' lang='lat' dir='ltr'>se</span> <span class='ocrx_word' id='word_1_390' title='bbox 1863 4274 2026 4339; x_wconf 79' lang='lat' dir='ltr'>nolle</span> <span class='ocrx_word' id='word_1_391' title='bbox 2065 4275 2138 4338; x_wconf 84' lang='lat' dir='ltr'>dc</span> <span class='ocrx_word' id='word_1_392' title='bbox 2181 4276 2294 4339; x_wconf 71' lang='lat' dir='ltr'>illa</span> <span class='ocrx_word' id='word_1_393' title='bbox 2329 4297 2399 4340; x_wconf 80' lang='lat' dir='ltr'>re</span> <span class='ocrx_word' id='word_1_394' title='bbox 2433 4281 2769 4343; x_wconf 68' lang='lat' dir='ltr'>tractczre...</span> 
     </span>
     <span class='ocr_line' id='line_1_40' title="bbox 306 4372 2769 4466; baseline 0.004 -31"><span class='ocrx_word' id='word_1_395' title='bbox 306 4372 429 4437; x_wconf 86' lang='lat' dir='ltr'>Alii</span> <span class='ocrx_word' id='word_1_396' title='bbox 460 4373 653 4437; x_wconf 89' lang='lat' dir='ltr'>etiam</span> <span class='ocrx_word' id='word_1_397' title='bbox 683 4373 758 4437; x_wconf 93' lang='lat' dir='ltr'>de</span> <span class='ocrx_word' id='word_1_398' title='bbox 801 4373 1067 4457; x_wconf 81' lang='lat' dir='ltr'>tyranno</span> <span class='ocrx_word' id='word_1_399' title='bbox 1091 4375 1505 4459; x_wconf 85' lang='lat' dir='ltr'>distinguunt,</span> <span class='ocrx_word' id='word_1_400' title='bbox 1544 4397 1621 4441; x_wconf 88' lang='lat' dir='ltr'>an</span> <span class='ocrx_word' id='word_1_401' title='bbox 1652 4377 1896 4460; x_wconf 90' lang='lat' dir='ltr'>publice</span> <span class='ocrx_word' id='word_1_402' title='bbox 1927 4379 2024 4443; x_wconf 88' lang='lat' dir='ltr'>vel</span> <span class='ocrx_word' id='word_1_403' title='bbox 2055 4379 2294 4462; x_wconf 87' lang='lat' dir='ltr'>private</span> <span class='ocrx_word' id='word_1_404' title='bbox 2331 4380 2769 4466; x_wconf 88' lang='lat' dir='ltr'>interroget...,</span> 
     </span>
     <span class='ocr_line' id='line_1_41' title="bbox 309 4473 2774 4564; baseline 0.004 -27"><span class='ocrx_word' id='word_1_405' title='bbox 309 4473 433 4539; x_wconf 90' lang='lat' dir='ltr'>imo</span> <span class='ocrx_word' id='word_1_406' title='bbox 465 4475 656 4539; x_wconf 88' lang='lat' dir='ltr'>etiam</span> <span class='ocrx_word' id='word_1_407' title='bbox 708 4474 782 4539; x_wconf 88' lang='lat' dir='ltr'>de</span> <span class='ocrx_word' id='word_1_408' title='bbox 819 4494 1078 4558; x_wconf 88' lang='lat' dir='ltr'>persona</span> <span class='ocrx_word' id='word_1_409' title='bbox 1116 4477 1362 4560; x_wconf 87' lang='lat' dir='ltr'>publica</span> <span class='ocrx_word' id='word_1_410' title='bbox 1394 4481 1603 4561; x_wconf 89' lang='lat' dir='ltr'>posset</span> <span class='ocrx_word' id='word_1_411' title='bbox 1633 4479 1955 4564; x_wconf 87' lang='lat' dir='ltr'>distingui,</span> <span class='ocrx_word' id='word_1_412' title='bbox 1998 4502 2075 4545; x_wconf 88' lang='lat' dir='ltr'>an</span> <span class='ocrx_word' id='word_1_413' title='bbox 2110 4482 2195 4546; x_wconf 88' lang='lat' dir='ltr'>sit</span> <span class='ocrx_word' id='word_1_414' title='bbox 2237 4483 2515 4564; x_wconf 89' lang='lat' dir='ltr'>superior</span> <span class='ocrx_word' id='word_1_415' title='bbox 2551 4485 2624 4547; x_wconf 89' lang='lat' dir='ltr'>ut</span> <span class='ocrx_word' id='word_1_416' title='bbox 2670 4503 2774 4546; x_wconf 84' lang='lat' dir='ltr'>rex</span> 
     </span>
     <span class='ocr_line' id='line_1_42' title="bbox 307 4579 2774 4668; baseline 0.002 -27"><span class='ocrx_word' id='word_1_417' title='bbox 307 4579 402 4643; x_wconf 76' lang='lat' dir='ltr'>vel</span> <span class='ocrx_word' id='word_1_418' title='bbox 426 4579 705 4663; x_wconf 83' lang='lat' dir='ltr'>princeps</span> <span class='ocrx_word' id='word_1_419' title='bbox 738 4579 1046 4663; x_wconf 77' lang='lat' dir='ltr'>propriuS,</span> <span class='ocrx_word' id='word_1_420' title='bbox 1081 4600 1159 4645; x_wconf 90' lang='lat' dir='ltr'>an</span> <span class='ocrx_word' id='word_1_421' title='bbox 1192 4584 1481 4646; x_wconf 84' lang='lat' dir='ltr'>extranea</span> <span class='ocrx_word' id='word_1_422' title='bbox 1505 4602 1833 4665; x_wconf 89' lang='lat' dir='ltr'>persona...</span> <span class='ocrx_word' id='word_1_423' title='bbox 1867 4585 1993 4649; x_wconf 88' lang='lat' dir='ltr'>Alii</span> <span class='ocrx_word' id='word_1_424' title='bbox 2024 4588 2340 4668; x_wconf 88' lang='lat' dir='ltr'>praeterea</span> <span class='ocrx_word' id='word_1_425' title='bbox 2378 4586 2774 4668; x_wconf 89' lang='lat' dir='ltr'>distinguunt</span> 
     </span>
    </p>
   </div>
  </div>
 </body>
</html>
