3497 5147
662 328 774 384 872
1011 341 1221 382 ‘reae-r.
1251 342 1356 383 vn.
1382 341 1544 382 sacr.
1572 340 1662 381 111.
1695 339 1781 378 11111
1806 336 2162 379 nummo
2188 336 2493 378 convexum
2513 337 2786 379 naeuus
2950 323 3143 399 [1164]

660 440 990 516 rarchiam‚
1025 438 1144 502 nisi
1190 439 1513 503 naturale:
1554 437 1631 501 cf.
1667 456 1717 500 3.
1754 436 2062 499 Thomam
2097 435 2155 496 1.
2198 435 2257 497 2.
2294 453 2353 516 q.
2401 435 2549 498 108.
2585 453 2640 499 a.
2679 436 2741 497 2.
2787 435 2983 500 Porro
3029 455 3141 501 na-

658 545 803 608 tura
852 561 973 607 non
1021 542 1395 606 determinat
1440 561 1548 625 per
1594 559 1658 604 se
1709 536 1998 615 decimae,
2039 536 2147 601 sed
2193 537 2402 603 solum
2445 537 2512 601 in
2531 530 2779 621 'genere
2816 537 2985 619 quod
3031 558 3142 604 su-

654 645 957 710 stentatio
1005 644 1351 708 necessaria
1399 643 1705 707 ministris
1755 640 2139 705 exhibeatur.

746 748 896 812 Inde
931 747 1351 829 consequitur,
1386 746 1667 810 debitum
1701 745 1819 808 hoc
1851 742 2230 807 auctoritate
2261 742 2571 807 Ecclesiae
2604 742 2834 806 variari
2865 760 3048 824 posse
3070 746 3137 808 et

658 851 740 914 ab
763 870 833 915 eo
859 850 1220 933 dispensari.
1249 848 1546 931 Sequitur
1578 866 1827 929 quoque
1850 845 2053 929 legem
2076 845 2234 909 hanc
2258 843 2587 920 Ecclesiae,
2613 847 2800 927 prout
2823 845 3135 910 Ecclesiae

661 956 776 1031 est,
811 972 988 1036 posse
1024 952 1309 1036 legitima
1335 949 1786 1016 consuetudine
1813 947 2123 1031 abrogari.
2149 946 2370 1024 Prout,
2396 947 2673 1028 inquam,
2699 946 2797 1011 lex
2828 947 3137 1013 Ecclesiae

656 1058 787 1131 est;
823 1075 967 1119 nam
1000 1074 1241 1137 semper
1279 1073 1523 1119 necesse
1577 1052 1675 1117 est
1723 1052 1922 1115 facere
1969 1050 2125 1114 satis
2173 1050 2501 1132 praecepto
2548 1050 2827 1114 naturali
2871 1049 3138 1132 ideoque

666 1157 790 1221 alio
840 1158 1061 1238 quovis
1115 1155 1300 1221 modo
1333 1154 1657 1220 consulere
1695 1153 1992 1217 honestae
2047 1151 2494 1217 sustentationi
2540 1169 2777 1225 eorum,
2810 1152 2919 1234 qui
2965 1152 3144 1234 spiri-

665 1259 869 1323 tualia
899 1258 1281 1321 ministrant.

761 1355 947 1429 1164.
982 1358 1305 1439 Quaerunt
1338 1358 1664 1442 Theologi‚
1702 1377 1781 1421 an
1811 1356 1965 1420 haec
1995 1357 2093 1422 lex
2124 1355 2431 1420 Ecclesiae
2463 1355 2632 1420 iusta
2670 1355 2773 1420 sit.
2806 1356 2999 1421 Ratio
3030 1354 3142 1419 du-

666 1461 908 1525 bitandi
932 1465 1057 1537 est3
1092 1462 1260 1543 quia,
1295 1461 1351 1525 si
1374 1460 1741 1543 praesertim
1767 1459 1930 1523 ratio
1955 1458 2261 1523 habeatur
2286 1458 2688 1540 antiquarum
2707 1456 2943 1541 legum,
2976 1476 3139 1539 quae

666 1583 738 1628 ex
776 1563 1062 1628 omnibus
1109 1564 1413 1628 fructibus
1445 1563 1637 1626 etiam
1685 1561 2114 1644 personalibus
2137 1559 2406 1624 decimas
2431 1560 2760 1644 exigebant
2789 1561 2854 1624 et
2883 1560 3140 1641 quidem

666 1665 858 1730 etiam
904 1667 1048 1749 post
1092 1666 1388 1730 instituta
1434 1664 1748 1740 beneficia,
1799 1664 2065 1728 nimium
2112 1665 2176 1727 et
2223 1663 2426 1728 multo
2474 1662 2614 1746 plus
2645 1682 2836 1745 quam
2881 1682 2997 1746 par
3042 1665 3140 1728 est

664 1768 973 1850 postulari
1019 1767 1284 1832 videtur.
1340 1767 1630 1831 Decimae
1677 1767 1843 1830 enim
1896 1765 2197 1829 debentur
2227 1765 2466 1830 clericis
2521 1784 2737 1830 curam
2782 1766 3141 1832 animarum

661 1870 1065 1934 habentibus:
1102 1870 1280 1952 atqui
1326 1870 1393 1933 hi
1441 1867 1802 1952 paucissimi
1848 1869 1998 1931 sunt
2044 1886 2190 1951 prae
2238 1869 2375 1932 toto
2408 1868 2638 1950 populo
2686 1866 3056 1945 christiano;
3081 1869 3139 1933 si

664 1972 874 2035 autem
925 1973 1158 2056 singuli
1207 1991 1419 2036 omnes
1467 1972 1735 2035 decimas
1805 1989 1878 2035 ex
1935 1970 2064 2035 suis
2128 1968 2394 2033 subditis
2458 1969 2783 2052 accipiant,
2841 1970 3144 2036 ditissimi

661 2074 837 2137 brevi
883 2073 1166 2146 evadent,
1198 2074 1361 2137 inter
1391 2075 1627 2138 ceteros
1664 2072 1895 2150 fideleS,
1928 2072 2132 2136 multo
2182 2071 2323 2154 plus
2369 2071 2534 2135 certe
2578 2071 2896 2149 habentes,
2943 2091 3140 2154 quam

668 2194 822 2259 opus
855 2176 940 2240 sit
975 2195 1087 2258 pro
1135 2176 1232 2241 vel
1270 2176 1707 2240 honestissima
1747 2174 2223 2239 sustentatione.
2260 2171 2352 2238 Cf.
2388 2172 2759 2239 Caietanum
2789 2175 2853 2239 in
2901 2176 3022 2239 art.
3075 2177 3136 2239 1.

660 2297 725 2359 q.
759 2278 864 2342 cit.
900 2298 948 2342 3.
990 2278 1288 2343 Thomae.

759 2381 951 2445 Plura
985 2381 1316 2464 respondet
1348 2381 1595 2445 Lessius
1632 2380 1674 2443 l.
1709 2400 1763 2445 c.
1789 2401 1848 2444 n.
1895 2381 1997 2444 10.
2033 2398 2104 2444 ex
2149 2379 2375 2461 quibus
2420 2380 2544 2445 duo
2590 2379 2931 2464 seligimus.
2962 2380 3139 2445 Alte-

663 2502 806 2546 rum
838 2485 952 2560 est,
987 2482 1156 2565 quod
1188 2483 1369 2547 affert
1414 2503 1486 2547 ex
1533 2481 1835 2546 Caietano
1884 2480 2171 2563 quodque
2216 2481 2393 2546 unice
2439 2479 2740 2547 Caietano
2787 2482 3125 2564 probatur:

665 2586 934 2651 decimas
980 2586 1219 2651 scilicet
1263 2586 1552 2667 quamvis
1598 2585 1897 2666 primario
1933 2584 2250 2649 ordinatas
2284 2584 2732 2649 sustentationi
2761 2603 2993 2663 eorum,
3016 2585 3135 2666 qui

664 2690 931 2774 pascunt
976 2706 1231 2772 gregem
1278 2687 1529 2751 Domini
1579 2736 1593 2765 ‚
1644 2686 2006 2751 secundario
2056 2704 2200 2750 vero
2251 2685 2522 2750 ordinari
2569 2705 2816 2768 quoque
2853 2685 2932 2751 ad
2984 2705 3138 2769 pau·

663 2810 883 2875 perum
929 2791 1295 2867 utilitatem,
1330 2808 1599 2872 quorum
1645 2788 1993 2853 sacerdotes
2024 2789 2233 2870 patres
2271 2790 2453 2864 sunt3
2488 2788 2598 2870 qui
2634 2788 2888 2871 proinde
2917 2790 3140 2855 iuben-

665 2895 773 2958 tur
818 2893 1127 2976 superfiua
1176 2895 1238 2958 in
1286 2912 1584 2977 pauperes
1632 2911 1906 2977 erogare.
1964 2917 2000 2950 «
2031 2892 2103 2955 In
2168 2909 2332 2957 nova
2385 2891 2524 2976 lege
2585 2891 2859 2957 decimae
2904 2892 3139 2959 dantur

663 2996 900 3061 clericis
932 3014 1053 3060 non
1087 2997 1292 3060 solum
1324 2998 1574 3080 propter
1611 2996 1710 3059 sui
1741 2995 2263 3060 sustentationem
2295 2994 2405 3059 sed
2438 2995 2629 3059 etiam
2661 2997 2737 3060 ut
2766 3014 2841 3060 011
2872 2996 2961 3061 013
2994 2997 3138 3061 sub-

658 3099 916 3164 veniant
962 3099 1335 3181 pauperibus
1375 3100 1439 3163 et
1490 3098 1627 3162 ideo
1682 3116 1804 3162 non
1860 3096 2269 3180 superfluunt,
2320 3097 2426 3162 sed
2464 3098 2543 3161 ad
2587 3098 2706 3163 1100
2751 3099 3135 3165 necessariae

658 3202 812 3270 sunt
857 3201 1271 3284 possessiones
1308 3201 1759 3265 ecclesiasticae
1806 3202 1869 3264 et
1917 3199 2260 3264 oblationes
2308 3202 2373 3264 et
2401 3200 2713 3282 primitiae
2758 3201 2952 3265 simul
2989 3221 3134 3266 cum

660 3302 915 3368 decimis
948 3328 1011 3366 ».
1037 3322 1086 3367 3.
1126 3303 1345 3368 Τ110111.
1380 3322 1440 3384 (1.
1473 3322 1524 3366 0.
1561 3322 1617 3366 a.
1652 3303 1713 3366 3.
1750 3301 1827 3366 ad
1857 3303 1914 3366 1.
1955 3301 2071 3384 (a).
2105 3301 2394 3366 Alterum
2427 3303 2524 3366 est
2559 3301 2830 3367 decimas
2855 3303 3133 3368 ordinari

662 3424 908 3488 quoque
946 3405 1020 3469 ad
1055 3405 1577 3470 sustentationem
1609 3405 1876 3469 aliorum
1923 3403 2308 3480 clericorum,
2359 3405 2470 3487 qui
2500 3404 2803 3469 adiuvant
2847 3407 3136 3488 pastores

661 3508 1078 3584 ecclesiarum,
1112 3526 1269 3589 quos
1319 3526 1586 3588 aequum
1632 3510 1727 3572 est
1774 3526 1848 3571 ex
1894 3506 2197 3571 reditibus
2243 3506 2523 3572 fidelium
2569 3507 2794 3573 vivere.
2842 3508 3020 3573 Adde
3064 3510 3133 3576 in

663 3629 826 3675 nova
858 3611 993 3694 lege
1039 3609 1517 3673 innumerabilia
1555 3628 1687 3674 esse
1719 3608 1977 3692 templa,
2010 3627 2169 3690 quae
2207 3609 2460 3693 singula
2491 3609 2620 3674 suis
2654 3610 3037 3675 ornamentis
3071 3614 3137 3677 et

660 3731 839 3776 sacra
885 3711 1257 3795 supellectili
1300 3711 1529 3776 instrui
1563 3712 1812 3794 oportet
1858 3731 1930 3776 ac
1974 3712 2149 3776 sarta
2196 3713 2365 3776 tecta
2412 3711 2665 3776 servari.
2699 3710 2768 3776 Si
2797 3712 2950 3777 haec
2996 3731 3138 3779 con-

660 3815 890 3880 sideres
937 3818 1000 3877 et
1046 3815 1234 3878 simul
1280 3817 1550 3897 reputeS,
1585 3814 1752 3896 quod
1785 3801 1950 3879 certe
1982 3814 2257 3878 Ecclesia
2297 3832 2444 3896 prae
2491 3813 2686 3879 oculis
2724 3814 2969 3890 habuit,
3019 3815 3136 3880 dif-

660 3915 821 3979 ficile
853 3915 1188 3980 admodum
1227 3935 1356 3980 esse
1393 3917 1457 3980 in
1504 3916 1679 3999 praxi
1704 3917 1769 3981 id
1809 3916 2072 3998 assequi,
2106 3918 2181 3980 ut
2217 3916 2425 3980 cuncti
2457 3915 2708 3980 solvant
2752 3914 3025 3982 decimas
3066 3920 3133 3982 et

658 4017 910 4100 quidem
944 4037 1187 4083 omnes:
1216 4037 1335 4083 non
1362 4018 1676 4083 abnormis
1708 4018 2020 4083 videbitur
2051 4018 2202 4082 haec
2231 4018 2349 4095 lex,
2382 4037 2562 4100 quae,
2596 4018 2765 4082 iusto
2799 4019 3136 4084 exsistente

655 4119 868 4197 titulo,
908 4120 1292 4184 consuluerit
1322 4138 1393 4184 eo
1431 4119 1636 4196 modo,
1663 4139 1787 4202 quo
1815 4121 2043 4202 potuit,
2078 4120 2376 4184 honestae
2409 4119 2854 4184 sustentationi
2884 4119 3137 4186 clerico-

655 4240 798 4286 rum
845 4223 909 4286 et
953 4242 1296 4305 pauperum
1343 4222 1532 4303 atque
1577 4222 1977 4287 ecclesiarum
2024 4222 2247 4288 decori.
2306 4221 2597 4286 Ceterum
2645 4220 2907 4287 assertio
2955 4222 3131 4300 haec,

678 4369 717 4377 -ο

772 4454 1075 4507 (a)Adve1-te
1102 4453 1250 4496 iuxta
1267 4466 1307 4496 s.
1324 4452 1568 4496 'rhomam
1595 4453 1876 4497 oblationes
1906 4455 2038 4498 alias
2065 4458 2290 4509 (praeter
2318 4455 2556 4507 decimae)
2575 4457 2736 4509 atque
2751 4454 3007 4509 primitia·
3025 4467 3136 4501 σοι

654 4519 1095 4640 ζὲὶὲιέτῒζτὲῗιαὲἓτ
1121 4532 1190 4572 se,
1220 4519 1321 4563 nisi
1351 4519 1485 4562 adsit
1510 4519 1794 4574 indigentia
1823 4522 2177 4565 ministrorum
2200 4529 2293 4565 aut
2327 4521 2661 4566 consuetudo.
2682 4522 2726 4566 2.
2742 4522 2786 4566 2.
2802 4534 2851 4576 q.
2867 4521 2939 4566 88.
2957 4526 3061 4567 art.
3090 4526 3135 4568 4.
