3497 5147
732 369 841 424 308
934 382 1148 423 TRAOT.
1181 384 1259 423 vl.
1290 381 1453 423 88:01⁸.
1484 384 1523 421 1.
1551 382 1636 422 DE
1660 379 1852 420 PRIMO
1878 379 2091 419 PRAEO.
2119 379 2448 420 DEOALOGI.
2473 377 2607 418 CAP.
2640 379 2706 418 11.
2735 378 2882 419 DUB.
2913 379 2976 417 11.
3050 365 3198 440 [415]

820 475 978 549 415.
1027 480 1132 554 113,
1182 479 1407 560 quibus
1456 477 1778 561 sepultura
1824 474 2237 540 ecclesiastica
2283 473 2693 550 interdicitur,
2747 473 3191 538 adnumerandi

732 600 804 646 ex
848 582 981 646 iure
1019 582 1166 645 sunt
1211 580 1442 663 publici
1489 581 1553 644 et
1600 577 1910 644 manifesti
1957 577 2247 654 usurarii,
2297 577 2416 640 nisi
2464 576 2737 640 alienum
2783 576 3189 654 restituerint,

733 684 833 748 vel
878 684 1128 748 idoneas
1175 683 1453 747 dederint
1497 682 1571 745 de
1615 679 2012 745 restitutione
2066 679 2438 743 cautionem.
2490 677 2792 758 Quocirca
2838 697 2943 743 eos
2992 681 3197 761 potest

730 786 1069 869 Episcopus
1115 784 1534 850 exhumandos
1581 783 1946 866 praecipere,
1981 782 2228 845 etiamsi
2259 781 2489 865 sepulti
2526 781 2763 846 fuerint
2809 781 2874 844 in
2925 781 3194 845 ecclesiis

732 889 1115 974 regularium
1147 888 1463 970 exemptis.
1498 887 1776 950 Barbosa
1815 885 1856 947 l.
1892 903 1942 948 c.
1977 905 2037 947 n.
2074 884 2178 947 42.

822 991 960 1055 Hoc
983 1010 1228 1073 quoque
1252 991 1460 1053 tamen
1484 1009 1625 1054 cum
1650 986 2066 1071 praecipiatur
2087 987 2151 1050 in
2175 1006 2436 1069 poenam
2460 986 2670 1069 potius
2688 986 2984 1062 criminiS‚
3002 1006 3189 1068 quam

730 1094 795 1158 111
827 1094 949 1158 1001
985 1093 1144 1156 sacri
1173 1090 1601 1168 reverentiam,
1636 1109 1831 1171 neque
1863 1088 2178 1152 inducitur
2208 1089 2496 1153 ecclesiae
2527 1088 2794 1172 pollutio
2833 1109 3033 1171 neque
3066 1108 3193 1152 ma·

730 1195 871 1258 litia
902 1194 1229 1278 sacrilegii,
1264 1193 1383 1258 nisi
1415 1192 1785 1257 nominatim
1821 1191 2053 1254 fuerint
2083 1191 2619 1255 excommunicati.

822 1295 992 1375 Quae
1038 1296 1245 1360 locum
1289 1295 1520 1358 habent
1566 1293 1799 1376 pariter
1835 1291 2040 1374 quoad
2070 1292 2433 1357 manifestos
2472 1294 2754 1376 raptores
2794 1287 2857 1357 et
2887 1293 3193 1357 incendia-

732 1398 879 1471 rios,
918 1398 1037 1461 nisi
1085 1397 1295 1461 ablata
1341 1396 1572 1460 fuerint
1618 1395 1913 1459 restituta
1953 1395 2065 1458 aut
2096 1394 2255 1458 alius
2302 1414 2412 1477 pro
2460 1394 2611 1478 ipsis
2648 1395 2980 1459 restituere
3019 1395 3188 1459 velit.

733 1500 1011 1564 Barbosa
1041 1499 1085 1562 1.
1121 1519 1171 1563 0.
1207 1520 1266 1562 n.
1301 1500 1406 1561 44.

823 1599 1067 1666 Clarius
1106 1600 1482 1684 Schmalzgr.
1508 1601 1573 1663 in
1602 1598 1710 1662 lib.
1740 1599 1800 1661 5.
1827 1598 1928 1662 tit.
1960 1599 2061 1661 17.
2088 1619 2148 1662 n.
2180 1599 2313 1663 71.:
2355 1625 2388 1657 «
2423 1597 2489 1664 Si
2527 1603 2671 1665 ante
2706 1600 2950 1665 obitum
2982 1603 3193 1683 raptor

731 1723 855 1769 non
884 1703 1255 1769 satisfecerit
1286 1702 1383 1765 vel
1413 1701 1477 1764 in
1509 1700 1643 1783 ipsa
1675 1698 2149 1783 depraedatione
2194 1700 2521 1780 moriatur,
2562 1704 2865 1785 tanquam
2902 1706 3191 1768 mortuus

731 1807 794 1871 in
842 1808 1091 1890 peccato
1122 1804 1377 1870 mortali
1407 1803 1691 1886 privatur
1723 1801 2044 1885 sepultura
2076 1803 2488 1868 ecclesiastica
2523 1805 2586 1868 et
2621 1805 2931 1869 Ecclesiae
2980 1805 3194 1869 suffra·

728 1910 850 1994 giis
881 1911 945 1972 et
969 1908 1352 1973 orationibus
1384 1905 1645 1988 publicis
1683 1904 1962 1968 fidelium
1995 1931 2055 1965 ».
2089 1903 2320 1969 Contra
2369 1907 2422 1970 si
2468 1906 2799 1983 satisfecit3
2836 1907 2988 1971 tunc
3029 1908 3190 1971 enim

728 2010 793 2073 in
824 2010 956 2074 vita
990 2009 1065 2073 ad
1097 2007 1542 2092 poenitentiam
1573 2009 1636 2071 et
1672 2007 1734 2069 in
1767 2009 1968 2071 morte
2007 2007 2083 2070 ad
2121 2008 2507 2090 sepulturam
2549 2009 2931 2074 admittitur.

822 2112 998 2192 Quod
1022 2112 1076 2176 si
1107 2112 1171 2174 in
1196 2112 1346 2187 vita,
1380 2129 1522 2173 cum
1545 2108 1773 2192 posset,
1807 2110 2120 2191 praestare
2149 2110 2353 2174 noluit
2384 2113 2446 2175 et
2477 2112 2540 2175 in
2564 2114 2785 2188 morte,
2812 2131 2950 2176 cum
2973 2112 3186 2189 vellet,

730 2234 851 2279 non
888 2215 1114 2297 potest,
1148 2212 1527 2295 poenitentia
1564 2209 1814 2292 quidem
1845 2210 2216 2285 conceditur,
2252 2213 2356 2277 sed
2401 2213 2576 2278 iuxta
2615 2214 2920 2295 quosdam
2966 2213 3047 2277 ad
3092 2214 3188 2278 de-

730 2317 1129 2382 testationem
1150 2315 1424 2379 criminis
1448 2313 1860 2377 ecclesiastica
1886 2314 2205 2396 sepultura
2230 2317 2522 2400 negatum
2548 2317 2724 2381 iuxta
2746 2317 2903 2382 alios
2922 2319 3189 2402 negatur

728 2419 979 2484 tantum
1015 2419 1369 2501 sepulturae
1401 2416 1761 2479 solemnitas
1795 2417 1857 2479 et
1893 2415 2253 2481 clericorum
2286 2420 2635 2500 praesentia
2669 2419 2891 2484 funeri.

816 2522 1012 2588 Nota:
1046 2521 1289 2603 Rapina
1313 2519 1555 2602 proprie
1582 2520 1830 2601 accepta
1863 2520 1926 2582 et
1949 2521 2136 2601 prout
2159 2519 2570 2607 distinguitur
2594 2542 2631 2587 a
2654 2525 2841 2606 raptu
2866 2524 3029 2607 (scil.
3057 2544 3188 2589 mu-

726 2627 943 2708 lieris),
976 2624 1143 2687 furto
1177 2623 1240 2685 et
1275 2620 1600 2684 latrocinio
1633 2619 1743 2701 (sc.
1780 2640 1922 2684 cum
1955 2622 2314 2707 homicidio)
2352 2626 2446 2689 est
2482 2624 2878 2709 depraedatio
2911 2629 3185 2693 violenta

728 2747 857 2792 sme
896 2743 1217 2790 occisione.

817 2823 975 2897 416.
1014 2826 1352 2889 Privantur
1398 2824 1717 2907 sepultura
1767 2824 2180 2890 ecclesiastica
2227 2830 2559 2895 morientes
2606 2832 2669 2895 in
2716 2832 2924 2897 duello
2975 2853 3049 2897 ex
3093 2835 3192 2899 de-

726 2932 874 2995 cret.
913 2930 1014 2993 19.
1048 2926 1122 2991 dc
1152 2924 1433 3005 Reform.
1467 2945 1613 2990 sess.
1651 2928 1756 2990 25.
1790 2926 2135 3017 Tridentini
2167 2925 2445 3009 Concilii,
2473 2933 2698 3015 quibus
2729 2934 3053 3018 iungendi,
3080 2936 3187 3019 qui

725 3033 788 3097 in
827 3029 1270 3097 torneamentis
1309 3030 1369 3092 et
1408 3028 1763 3092 hastiludiis
1796 3030 2165 3107 moriuntur,
2202 3034 2447 3114 quando
2496 3034 2800 3100 eiusmodi
2833 3036 2961 3100 sint
3013 3041 3087 3102 ut
3116 3058 3189 3102 ex

724 3135 850 3199 illis
883 3132 1197 3217 probabile
1229 3131 1572 3214 perieulum
1602 3131 1822 3195 mortis
1852 3131 2194 3196 immineat.
2230 3134 2489 3201 BarboS.
2525 3137 2567 3202 l.
2601 3157 2653 3201 c.
2686 3158 2746 3202 n.
2781 3140 2888 3203 45.

814 3238 895 3300 Et
941 3234 1144 3318 quoad
1193 3235 1523 3299 morientes
1570 3233 1633 3295 in
1680 3232 1886 3297 duello
1921 3235 2104 3298 verba
2136 3236 2484 3303 Tridentini
2527 3241 2676 3305 11300
2723 3244 2900 3307 sunt:
2948 3268 2985 3303 «
3019 3243 3085 3308 Si
3121 3245 3185 3308 in

723 3340 857 3423 ipso
904 3338 1195 3403 conflictu
1240 3335 1625 3411 decesserint,
1674 3336 1968 3417 perpetuo
2016 3340 2267 3402 careant
2303 3341 2712 3426 ecclesiastica
2763 3346 3086 3428 sepultura
3121 3371 3186 3410 ιι.

725 3442 1002 3524 Quorum
1026 3440 1503 3505 declarationem
1536 3439 1693 3502 hanc
1723 3438 2022 3503 habemus
2061 3460 2131 3504 ex
2163 3439 2625 3511 Constitutione
2656 3448 2976 3514 Benedicti
3007 3450 3180 3515 XIV.

722 3545 1169 3613 Detestabilem
1202 3545 1284 3607 10
1318 3542 1477 3606 Nov.
1516 3542 1707 3605 1752.
1745 3542 1803 3625 ἓ.
1840 3543 1930 3606 9.:
1972 3567 2006 3601 «
2039 3543 2365 3610 Praeterea
2413 3549 2604 3614 simili
2639 3553 2820 3616 motu
2866 3554 2932 3617 et
2963 3557 3184 3618 aucto-

721 3651 910 3715 ritate
942 3648 1323 3713 decernimus
1354 3647 1417 3709 et
1453 3644 1858 3721 declaramus,
1892 3647 2247 3728 sepulturae
2294 3668 2504 3715 sacrae
2536 3652 2952 3735 privationem
3001 3676 3038 3720 a
3087 3677 3182 3721 sa·

721 3752 1041 3816 crosancta
1089 3747 1446 3812 Tridentina
1494 3744 1738 3829 Synodo
1786 3745 2087 3811 inflictam
2133 3750 2538 3817 morientibus
2582 3753 2646 3817 in
2693 3754 2829 3821 loco
2878 3756 3075 3823 duelli
3120 3763 3182 3823 et

721 3851 1062 3927 conflictuS,
1103 3849 1530 3914 incurrendam
1577 3851 1873 3932 perpetuo
1920 3849 2067 3927 fore,
2101 3852 2292 3915 etiam
2340 3856 2483 3919 ante
2529 3858 2901 3923 sententiam
2938 3861 3183 3938 iudiciS,

724 3976 759 4019 a
796 3953 1118 4018 decedente
1164 3971 1407 4033 quoque
1440 3953 1612 4014 extra
1644 3951 1852 4015 locum
1883 3952 2203 4017 conflictus
2241 3974 2312 4019 ex
2349 3957 2601 4023 vulnere
2639 3959 2869 4025 ibidem
2906 3940 3182 4047 accepto,

721 4060 849 4124 sive
896 4055 1171 4120 duellum
1218 4053 1459 4137 publice
1506 4054 1634 4116 sive
1680 4054 1976 4135 privatim
2012 4056 2312 4121 indictum
2349 4059 2540 4124 fuerit
2576 4080 2647 4125 ac
2678 4064 2930 4128 etiamsi
2973 4067 3188 4132 vulne-

719 4163 894 4226 ratus
943 4161 1085 4224 ante
1132 4158 1396 4221 mortem
1443 4174 1563 4220 non
1620 4157 1853 4219 incerta
1909 4157 2323 4240 poenitentiae
2378 4162 2556 4246 signa
2613 4163 2849 4229 dederit
2907 4170 3097 4250 atque
3143 4190 3182 4233 3

720 4262 986 4346 peccatis
1013 4264 1076 4324 et
1096 4258 1366 4323 censuris
1401 4257 1854 4321 absolutionem
1887 4259 2257 4335 obtinuerit3
2293 4262 2540 4327 sublata
2571 4264 2895 4350 Episcopis
2920 4273 2984 4334 et
3011 4271 3186 4336 Ordi-

719 4369 908 4434 nariis
938 4369 1217 4432 locorum
1247 4383 1431 4446 super
1460 4364 1576 4426 hac
1606 4382 1802 4445 poena
1833 4363 2274 4448 interpetrandi
2315 4387 2384 4432 ac
2408 4368 2800 4453 dispensandi
2850 4374 3176 4451 facultate,

718 4490 840 4554 quo
878 4470 1094 4534 ceteris
1141 4467 1579 4533 documentum
1628 4464 1996 4546 praebeatur
2042 4467 2319 4551 fugiendi
2350 4471 2592 4537 sceleris
2625 4493 2695 4538 ac
2741 4474 3020 4541 debitam
3067 4476 3182 4541 Ec-

716 4575 935 4641 clesiae
979 4572 1222 4656 legibus
1270 4565 1680 4633 obedientiam
1727 4569 2171 4649 praestandi».
