3497 5147
687 319 796 372 666
870 333 1083 374 mac-r.
1107 335 1186 375 vr.
1215 332 1379 375 seor.
1406 334 1460 374 v.
1489 334 1574 373 ma
1598 333 1827 382 Qnmro
1851 334 2070 376 manc,
2091 334 2421 377 pacamur.
2453 333 2585 374 car.
2613 334 2652 373 1.
2678 333 2818 374 nus.
2849 333 2938 375 ιιι.
3012 317 3158 393 [898]

690 430 989 513 religione
1027 450 1315 515 spargere
1351 430 1694 496 minantem
1735 431 2025 508 occidere,
2059 431 2306 513 quando
2340 431 2502 496 alius
2538 429 2761 495 modus
2797 429 3155 495 defendendi

690 550 810 596 non
859 533 1163 614 suppetit:
1205 532 1299 596 uti
1347 534 1673 615 suppetere
1721 552 1845 597 non
1891 534 2156 611 videtur,
2206 535 2258 599 si
2305 533 2721 598 calumniator
2766 533 2852 597 sit
2896 536 3151 616 paratus

689 632 790 697 vel
827 633 946 715 ipsi
983 634 1275 717 religioso
1308 635 1406 698 vel
1438 635 1571 699 eius
1608 635 1924 719 Religioni
1956 637 2198 719 publice
2230 639 2293 700 et
2324 653 2532 701 coram
2579 634 2968 719 gravissimis
3006 634 3153 699 viris

692 734 1005 817 praedicta
1037 736 1398 821 impingere,
1434 738 1553 802 nisi
1586 738 1903 802 occidatur
1935 765 1995 803 ».

781 837 963 919 Prop.
1006 838 1107 901 18.
1163 865 1197 896 «
1230 838 1406 904 Licet
1451 840 1790 905 interficere
1836 841 2067 906 falsum
2116 843 2560 918 accusatorem,
2610 839 2802 904 falsos
2849 839 3038 903 testes
3085 857 3156 903 ac

691 938 883 1003 etiam
911 939 1198 1018 iudicem,
1235 961 1270 1005 a
1310 961 1432 1024 quo
1480 943 1693 1025 iniqua
1741 946 1909 1008 certo
1956 944 2242 1009 imminet
2287 943 2614 1022 sententia,
2648 942 2701 1006 si
2738 941 2863 1006 alia
2899 941 3002 1005 via
3033 959 3155 1006 non

693 1042 901 1123 potest
946 1042 1236 1107 innocens
1273 1043 1571 1110 damnum
1617 1047 1818 1109 vitare
1851 1070 1912 1109 ».

783 1141 961 1220 Quod
994 1143 1071 1208 ad
1101 1145 1202 1207 17.
1231 1146 1479 1223 attinet,
1507 1148 1762 1229 quidam
1788 1148 1923 1212 ideo
1950 1149 2339 1232 Religiosum
2364 1150 2428 1213 91
2449 1146 2758 1212 Clericum
2789 1148 2852 1211 in
2881 1146 3153 1212 medium

695 1248 1024 1318 vocarunt:
1066 1246 1213 1327 quia
1252 1247 1351 1311 hic
1384 1267 1562 1312 casus
1594 1250 1797 1334 magis
1829 1251 2084 1315 idoneus
2113 1252 2441 1315 videbatur
2472 1248 2877 1334 significando
2911 1248 3154 1326 damno,

694 1348 859 1429 quod
908 1368 944 1412 a
990 1351 1302 1415 calumnia
1346 1352 1718 1435 impendeat.
1760 1354 1923 1419 Hinc
1969 1374 2113 1420 vero
2163 1356 2271 1420 alii
2304 1374 2523 1419 ansam
2568 1353 2967 1436 sumpserunt
2997 1352 3159 1416 affir—

695 1449 904 1514 mandi
951 1451 1009 1514 id
1059 1451 1309 1534 quidem
1364 1455 1672 1539 religiosis
1721 1476 1793 1521 ac
1838 1458 2074 1522 clericis
2139 1458 2542 1541 prohibitum,
2592 1476 2717 1521 non
2770 1474 2915 1520 vero
2960 1454 3154 1519 laicis.

694 1551 834 1615 Vid.
864 1551 1044 1617 Croix
1069 1553 1175 1619 lib.
1205 1558 1265 1619 3.
1292 1560 1452 1639 part.
1478 1558 1535 1622 1.
1558 1579 1615 1622 n.
1641 1561 1790 1623 800.
1817 1558 1932 1624 Sed
1959 1561 2316 1641 praeclusus
2349 1561 2446 1624 est
2477 1560 2683 1624 aditus
2715 1558 2862 1621 huic
2885 1556 3160 1621 evasioni

691 1672 798 1735 per
829 1653 1292 1722 damnationem
1329 1679 1502 1743 prop.
1538 1662 1643 1724 30.
1681 1662 1779 1725 ab.
1816 1662 2025 1727 Innoc.
2060 1661 2171 1727 XI.
2207 1682 2365 1744 quae
2404 1663 2500 1727 est
2534 1659 2917 1726 huiusmodi:

791 1781 825 1813 «
858 1756 979 1821 Fas
1012 1761 1107 1822 est
1137 1759 1269 1825 viro
1317 1762 1623 1827 honorato
1658 1764 1975 1828 occidere
1961 1784 2330 1843 invasorem,
2370 1766 2480 1847 qui
2523 1763 2750 1828 nititur
2780 1760 3158 1826 calumniam

694 1856 934 1937 inferre,
971 1860 1023 1923 si
1061 1861 1244 1926 aliter
1273 1862 1470 1927 haec
1456 1866 1799 1949 ignominia
1833 1867 2021 1930 vitari
2053 1867 2268 1949 nequit
2299 1892 2360 1930 ›.

783 1956 959 2030 898.
994 1962 1250 2040 Auctor,
1284 1966 1359 2029 111
1391 1967 1633 2045 videtiS,
1669 1969 1918 2032 monuit
1949 1970 2292 2052 periculum
2324 1986 2698 2052 magnorum
2730 1964 3089 2030 abusuum
3074 1983 3161 2027 in-

694 2063 861 2126 stare
894 2081 965 2127 ex
994 2062 1296 2143 doctrina,
1323 2087 1513 2149 quam
1544 2090 1616 2133 ex
1641 2072 2020 2136 auctoritate
2058 2072 2325 2136 aliorum
2357 2069 2676 2154 proponit:
2711 2086 2894 2152 porro
2920 2067 2981 2131 id
3007 2068 3159 2132 satis

693 2166 808 2241 est,
844 2166 917 2229 ut
952 2167 1335 2248 reprobanda
1382 2174 1725 2247 censeatur,
1763 2173 2012 2253 quando
2048 2173 2405 2253 periculum
2449 2177 2545 2236 est
2582 2171 2995 2235 intrinsecum
3039 2169 3163 2250 ignei

692 2265 1051 2331 doctrinae:
1098 2269 1497 2337 intrinsecum
1548 2278 1761 2339 autem
1808 2279 1902 2339 est
1948 2277 2069 2359 ipsi
2117 2276 2469 2351 doctrinae:
2504 2274 2654 2356 quia
2699 2272 3022 2337 moraliter
3053 2271 3160 2333 im-

678 2369 982 2448 possibile
1029 2376 1137 2448 est,
1174 2376 1523 2453 quempiam
1568 2383 1804 2440 eertum
1836 2397 1965 2441 esse
1999 2399 2185 2458 posse
2216 2380 2291 2443 cle
2322 2376 2798 2453 conditionibus,
2837 2376 2908 2438 ²⁶⁷2
2939 2372 3160 2455 Quibus

679 2480 896 2555 posset
940 2477 1229 2540 occidere.
1266 2479 1427 2543 Hinc
1457 2479 1657 2563 LugO,
1698 2482 1805 2562 qui
1847 2484 2218 2548 sententiam
2253 2484 2669 2549 affirmantem
2700 2479 2990 2545 Auctoris
3020 2495 3157 2559 pro-

693 2579 960 2644 babilem
994 2583 1221 2655 censet,
1247 2581 1401 2663 disp.
1436 2583 1537 2644 10.
1565 2603 1624 2646 n.
1653 2583 1799 2648 165.
1826 2586 2165 2652 concludit:
2208 2611 2243 2646 «
2269 2589 2340 2651 111
2372 2586 2549 2670 praxi
2577 2586 2787 2649 tamen
2820 2583 2922 2648 vix
2950 2580 3158 2664 potest

697 2699 1010 2745 occurrere
1059 2701 1257 2758 casus,
1309 2683 1370 2747 in
1418 2703 1541 2765 quo
1590 2685 1651 2749 id
1707 2690 2122 2753 necessarium
2170 2691 2234 2754 et
2277 2689 2523 2754 licitum
2569 2686 2746 2750 sit».
2794 2685 3001 2767 Atque
3045 2700 3156 2764 pro

695 2784 1061 2849 declaranda
1086 2785 1326 2851 ratione
1350 2789 1702 2871 pontificiae
1725 2793 2165 2870 damnationis,
2185 2795 2307 2858 huc
2331 2792 2580 2858 omnino
2604 2787 2969 2865 revocanda,
2995 2803 3151 2868 quae

696 2886 859 2949 idem
896 2886 1074 2971 Lugo
1107 2887 1180 2952 de
1227 2890 1414 2954 simili
1462 2912 1611 2957 casu
1656 2897 2028 2977 pronunciat
2075 2897 2231 2978 disp.
2268 2898 2371 2960 10.
2406 2914 2465 2958 n.
2505 2895 2653 2958 189.
2694 2916 2730 2951 ‹
2763 2891 2829 2956 Si
2874 2890 3025 2953 haec
3072 2888 3156 2951 in-

696 2989 1141 3068 convenientia,
1176 2991 1398 3074 inquit,
1433 3015 1539 3077 per
1586 3016 1650 3061 se
1687 3016 1759 3062 ex
1805 2999 1916 3062 illa
1965 2999 2270 3063 sententia
2318 2996 2798 3078 consequuntur,
2841 2994 3004 3057 certe
3049 3007 3156 3054 nec

694 3090 1065 3171 speculative
1097 3095 1214 3158 erit
1244 3097 1606 3178 probabilis;
1644 3101 1719 3165 ad
1755 3102 2259 3182 probabilitatem
2292 3101 2455 3164 enim
2487 3099 2679 3164 etiam
2710 3094 3156 3180 speculativam

695 3194 782 3257 rei
809 3194 1083 3272 111013113,
1113 3199 1357 3279 oportet
1381 3201 1541 3281 quod
1573 3203 1838 3267 materia
1870 3205 1955 3268 sit
1979 3204 2145 3280 13113,
2174 3203 2332 3267 utin
2359 3199 2843 3267 circumstantiis
2865 3196 3154 3262 humanis

696 3314 817 3360 non
852 3297 1068 3361 afferat
1098 3298 1610 3380 inconvenientia,
1646 3324 1804 3386 quae
1838 3325 1975 3368 eam
2011 3305 2272 3369 reddant
2302 3304 2624 3380 illicitam:
2659 3302 2715 3367 si
2746 3301 2958 3365 autem
2990 3318 3060 3362 ex
3091 3315 3156 3361 se

694 3398 851 3462 talia
881 3399 1373 3468 inconvenientia
1405 3405 1602 3481 affert,
1643 3425 1713 3470 eo
1763 3407 1898 3488 ipso
1932 3409 2028 3472 est
2070 3406 2400 3472 intrinsece
2445 3406 2671 3470 illicita
2715 3404 2904 3467 etiam
2951 3420 3157 3481 specu-

696 3502 882 3567 lative
912 3505 1217 3587 loquendo
1244 3534 1304 3569 ».
1339 3507 1637 3587 Quocirca
1671 3511 1778 3574 ubi
1817 3511 2120 3577 eiusmodi
2145 3511 2460 3576 doctrinae
2484 3510 2776 3574 dicuntur
2795 3503 3156 3587 probabiles

693 3606 1083 3687 speculative,
1124 3611 1211 3675 sic
1257 3612 1555 3697 intellige,
1597 3632 1727 3678 esse
1776 3614 2124 3696 probabiles
2172 3612 2646 3697 praescindendo
2695 3611 2773 3675 ab
2819 3609 2898 3673 iis
2947 3607 3157 3672 adiun-

696 3711 832 3785 0113,
870 3729 903 3773 3
943 3712 1167 3792 quibus
1201 3714 1409 3778 tamen
1443 3716 1503 3778 in
1539 3717 1713 3798 praxi
1753 3717 2023 3800 separari
2057 3737 2374 3799 nunquam
2407 3715 2687 3798 possunt.

786 3812 978 3876 Porro
1029 3834 1186 3896 quae
1233 3817 1293 3881 in
1342 3818 1516 3900 praxi
1563 3819 1788 3884 (19311111
1834 3821 2105 3884 rationes
2169 3819 2383 3884 utendi
2430 3818 2546 3882 hac
2592 3814 2961 3890 defensione,
3009 3811 3156 3876 sunt

703 3915 768 3975 1⁰
806 3915 953 3994 qnia
994 3917 1239 3982 evidens
1286 3940 1405 3984 non
1453 3923 1566 3996 est,
1603 3941 1724 3985 non
1756 3941 1933 4004 posse
1968 3922 2149 3986 aliter
2185 3941 2440 4007 gravem
2485 3920 2809 3984 infamiam
2840 3913 3153 3986 declinari,

696 4037 803 4101 per
848 4018 1078 4084 iudices
1126 4042 1341 4106 nempe
1389 4027 1452 4089 et
1500 4025 1654 4088 alios
1701 4027 1892 4088 testes
1927 4026 2041 4088 etc.
2082 4025 2271 4107 (Viva
2319 4025 2396 4090 ad
2443 4043 2615 4108 prop.
2655 4023 2755 4086 17.
2795 4021 2969 4085 Alex.
3009 4017 3151 4081 VII.

694 4141 753 4184 n.
791 4120 958 4204 IV.):
996 4124 1065 4185 2⁰
1096 4125 1243 4205 quia
1290 4126 1567 4189 homines
1609 4126 1786 4189 facile
1817 4126 2279 4193 hallucinantur
2310 4148 2380 4193 ex
2418 4128 2728 4211 passione:
2764 4122 2977 4187 debuit
3008 4137 3153 4203 ergo

697 4242 733 4286 a
765 4226 990 4288 natura
1038 4227 1165 4290 tale
1197 4228 1535 4291 remedium
1574 4227 1885 4310 prohiberi
1924 4228 2000 4292 ad
2035 4230 2319 4296 vitandas
2352 4228 2722 4294 calumnias:
2757 4226 2961 4290 maius
2994 4222 3154 4288 enim

697 4324 995 4390 damnum
1034 4333 1194 4391 esset
1226 4329 1285 4392 in
1327 4330 1640 4412 republica
1674 4349 1745 4393 ex
1778 4331 2200 4413 frequentibus
2247 4333 2534 4398 caedibus
2572 4350 2731 4414 quae
2761 4327 3154 4400 haberent-ur,

697 4444 888 4506 quam
936 4428 1185 4506 bonum,
1227 4432 1391 4511 quod
1440 4432 1579 4495 inde
1626 4435 2004 4514 speraretur:
2041 4433 2271 4512 bonum
2311 4437 2523 4500 autem
2561 4433 2876 4516 publicum
2908 4444 3160 4512 praeva-
