3497 5147
384 337 530 407 [797]
1232 356 1319 397 ns
1357 355 1683 398 onaromis
1721 358 2004 404 smnus
2737 346 2844 403 585

1285 505 1387 571 De
1432 510 1932 590 consanyuineiS.

470 659 642 732 796.
672 660 739 727 S.
778 662 963 745 Alph.
1004 683 1063 726 n.
1099 664 1250 728 318.
1289 661 1496 728 Claus.
1525 665 1585 727 9.
1619 664 1825 746 quoad
1863 666 2077 730 affines
2114 668 2179 730 et
2200 667 2686 751 consanguineos
2710 686 2842 732 cen-

380 766 476 829 set
505 765 848 850 constringi
879 765 1096 831 debere
1134 765 1533 850 privilegium
1571 766 1649 829 ad
1687 768 1747 829 4.
1787 786 1977 849 usque
2009 767 2295 851 gradum.

467 865 526 932 S.
560 869 918 952 Alphonsus
947 870 1138 954 negat
1168 869 1210 933 1.
1238 888 1289 932 c.
1323 868 1447 934 frui
1464 869 1991 953 posselprivilegio
2015 888 2124 935 eos
2136 872 2439 954 cognatos
2463 872 2591 936 sive
2622 873 2839 940 affines

375 970 799 1053 principaliter
828 971 1225 1055 privilegiati,
1261 971 1369 1052 qui
1400 971 1546 1035 licet
1569 973 1863 1035 maneant
1893 972 1958 1035 in
1990 971 2205 1038 eodem
2249 972 2657 1040 habitationis
2678 974 2835 1054 locO,

362 1072 439 1137 -in
476 1073 779 1155 separatis
803 1074 1013 1138 tamen
1036 1073 1309 1137 eiusdem
1347 1073 1568 1136 domus
1601 1073 1884 1156 partibus
1916 1075 2137 1138 vivunt
2169 1075 2234 1136 et
2264 1075 2529 1157 propriis
2561 1077 2837 1158 expensis

374 1193 446 1238 ac
478 1174 849 1258 sumptibus.
914 1175 1123 1251 Ratio,
1188 1175 1335 1257 quia
1380 1194 1504 1240 non
1551 1178 1700 1240 sunt
1743 1175 1818 1240 de
1864 1177 2125 1241 familia.
2157 1176 2246 1239 At
2291 1176 2473 1254 enim,
2531 1180 2603 1242 ut
2655 1181 2839 1245 notat

373 1275 665 1341 Gatticus
718 1296 850 1359 cap.
906 1278 1012 1341 25.
1057 1297 1118 1342 n.
1157 1279 1281 1354 11.,
1315 1277 1379 1341 in
1427 1278 1739 1342 consuetis
1793 1278 2026 1342 Indulti
2075 1278 2360 1344 formulis
2407 1280 2838 1346 discernuntur

368 1379 523 1455 nati,
560 1379 1000 1463 consanguinei
1033 1381 1098 1443 et
1122 1380 1336 1444 affines
1369 1397 1407 1443 a
1451 1378 1901 1458 familiaribus.
1929 1380 2101 1464 Ergo
2133 1381 2282 1447 licet
2313 1382 2619 1466 exigatur,
2646 1387 2719 1448 ut
2747 1384 2838 1448 in-

371 1480 558 1545 simul
594 1480 880 1545 habitent
923 1481 987 1545 in
1033 1481 1248 1546 eadem
1285 1481 1490 1558 dome,
1524 1500 1647 1546 non
1694 1483 1904 1546 tamen
1954 1483 2245 1567 exigitur,
2269 1487 2343 1548 ut
2369 1503 2556 1549 unam
2603 1485 2834 1550 consti-

373 1584 556 1647 tuant
600 1584 923 1650 familiam.
956 1585 1128 1650 Unde
1178 1586 1333 1651 falsa
1366 1587 1463 1650 est
1506 1586 1670 1650 ratio
1708 1605 1759 1650 s.
1793 1587 1977 1669 Alph.
2019 1587 2182 1668 quod
2231 1588 2535 1672 exigatur,
2585 1590 2659 1652 ut
2701 1590 2838 1653 sint

369 1686 443 1750 de
475 1687 609 1751 eius
635 1688 903 1767 familia.

1174 1789 1277 1856 De
1312 1789 1628 1855 nobilibus
1658 1789 2021 1871 hospitibus

458 1946 710 2011 Accedit
747 1966 794 2011 s.
836 1946 1019 2030 Alph.
1069 1948 1111 2010 l.
1146 1967 1197 2010 c.
1247 1947 1590 2011 sententiae
1635 1946 1910 2023 illorum,
1959 1948 2065 2030 qui
2113 1948 2462 2031 hospitibus
2511 1953 2830 2015 accensent

367 2048 510 2114 illos
548 2067 809 2131 quoque,
859 2049 966 2131 qui
1015 2049 1091 2113 ad
1140 2049 1467 2132 prandium
1516 2068 1551 2112 a.
1598 2048 1996 2132 privilegiato
2029 2049 2395 2114 invitantur.
2430 2050 2571 2114 Non
2620 2051 2826 2115 tamen

363 2151 640 2236 gaudent
686 2152 1009 2236 privilegio
1058 2151 1278 2215 famuli
1326 2151 1676 2233 hospitum;
1712 2151 1860 2233 quia
1907 2170 2030 2216 non
2063 2153 2210 2216 sunt
2256 2152 2329 2216 de
2365 2152 2606 2216 familia
2645 2154 2829 2237 privi-

364 2254 603 2339 legiati.

1301 2366 1401 2432 De
1432 2367 1882 2448 familiaribus

449 2509 783 2577 CLAUSULA
812 2511 890 2575 X.
929 2548 1013 2557 -
1064 2509 1360 2575 Vol-umus
1397 2512 1625 2584 autem,
1657 2507 1827 2591 quod
1850 2507 2221 2590 ftzmiliaaere&
2254 2511 2507 2575 servitio
2542 2515 2642 2577 tuo
2677 2515 2824 2578 tem-

352 2636 506 2695 pore
529 2617 691 2679 dicto
713 2618 857 2678 actu
888 2634 1016 2678 non
1045 2614 1404 2687 ηεοεεεαήί,
1431 2612 1662 2677 ibidem
1684 2614 1934 2679 Elissae
1970 2613 2329 2679 huiusmodi
2370 2616 2820 2695 interessentes,

358 2717 440 2781 ab
472 2717 847 2799 obliyatione
877 2715 1183 2781 audiendi
1215 2716 1494 2780 Missam
1540 2716 1609 2780 in
1640 2714 1899 2780 ecclesia
1929 2716 2146 2780 diebus
2180 2717 2361 2797 festis
2390 2716 2466 2779 de
2483 2725 2823 2800 praecepto

360 2820 615 2883 mamma
647 2818 832 2884 liber-i
853 2822 1244 2883 censeantur.

448 2917 620 2992 797.
662 2921 1037 2999 Familiaris,
1088 2920 1335 3002 quando
1381 2919 1793 3004 distinguitur
1830 2940 1867 2984 a
1904 2921 2381 3005 consanguineo,
2421 2922 2649 2989 dicitur
2693 2925 2818 3004 ille,

356 3026 467 3109 qui
514 3024 774 3089 alterius
805 3024 1058 3089 servitio
1095 3023 1403 3088 incumbit
1432 3023 1685 3105 eiusque
1722 3024 2016 3106 impensis
2048 3024 2224 3089 vivit.

445 3128 526 3192 Et
552 3127 757 3209 quoad
780 3126 1054 3209 primum
1084 3127 1235 3190 nota
1273 3126 1339 3189 1⁰
1372 3126 1669 3202 sufficere,
1703 3126 1778 3189 ut
1803 3145 1943 3190 vere
1976 3126 2226 3192 domino
2260 3126 2662 3203 famulentur,
2689 3128 2819 3194 sive

355 3230 713 3296 immediate
759 3229 857 3292 illi
885 3228 1224 3307 serviend0,
1264 3228 1394 3293 sive
1430 3228 1718 3304 mediate,
1759 3228 2064 3310 quaedam
2102 3229 2306 3293 officia
2342 3230 2691 3314 peragendo
2740 3230 2818 3294 ad

353 3334 487 3397 eius
533 3331 914 3395 famulatum
960 3330 1243 3394 ordinata
1292 3332 1367 3394 ut
1416 3348 1819 3405 oeconomus;
1856 3331 1973 3394 etsi
2014 3334 2084 3393 2⁰
2116 3330 2515 3395 deserviendo
2553 3334 2817 3416 propriis

352 3434 621 3499 dominis
652 3435 959 3517 cogantur
1004 3433 1177 3496 extra
1225 3431 1358 3495 eius
1405 3430 1661 3495 domum
1708 3451 1975 3509 manere,
2009 3433 2083 3495 ut
2129 3432 2403 3495 villicus:
2438 3432 2692 3513 proinde
2740 3434 2815 3498 ad

351 3534 769 3600 conditionem
803 3533 1148 3613 familiae-ts
1178 3551 1300 3596 non
1334 3534 1429 3596 est
1476 3532 1761 3597 absolute
1799 3533 2139 3597 necessaria
2188 3532 2437 3597 assidua
2468 3552 2644 3597 mora
2675 3554 2816 3598 cum

351 3637 600 3722 proprio
640 3636 888 3701 domino
936 3636 1000 3699 in
1033 3635 1247 3699 eadem
1293 3634 1714 3698 habitatione:
1757 3632 1863 3697 sed
1900 3635 1970 3696 3⁰
2007 3634 2258 3711 sufficit,
2299 3636 2373 3698 ut
2407 3634 2548 3715 quis
2580 3635 2667 3698 sit
2711 3655 2817 3717 per

352 3760 416 3807 se
463 3741 757 3806 continuo
805 3740 1089 3805 addictus
1135 3740 1371 3806 domini
1417 3739 1673 3804 servitio
1720 3739 1786 3802 in
1834 3739 2044 3820 aliquo
2090 3757 2362 3817 munere,
2411 3740 2557 3804 licet
2587 3759 2815 3806 munus

346 3845 552 3927 ipsum
591 3844 908 3909 assiduam
939 3846 1052 3909 aut
1088 3843 1472 3926 frequentem
1512 3842 1982 3924 occupationem
2014 3859 2135 3907 non
2167 3842 2464 3922 requirat,
2506 3842 2670 3907 sicut
2715 3863 2817 3910 ra-

351 3948 706 4013 tiocinator.
754 3946 835 4010 Et
865 3947 954 4011 sic
1001 3966 1037 4011 a
1083 3946 1434 4011 domesticis
1469 3944 1963 4030 distinguuntur,
2004 3945 2113 4027 qui
2151 3946 2468 4027 praeterea
2503 3945 2566 4009 in
2600 3946 2812 4012 eadem

336 4050 530 4116 ,domo
577 4068 826 4115 manere
873 4051 1216 4115 censentur.
1268 4048 1501 4116 Gattic.
1551 4068 1685 4132 cap.
1736 4049 1843 4111 25.
1893 4067 1995 4112 nn.
2047 4048 2150 4112 13.
2205 4048 2307 4111 14.
2341 4048 2504 4112 Hinc
2541 4067 2589 4112 s.
2624 4049 2810 4131 Alph.

346 4153 453 4217 lib.
495 4154 557 4216 3.
591 4173 651 4216 n.
686 4154 838 4216 319.
873 4152 1114 4235 probat,
1149 4152 1315 4234 quod
1353 4151 1555 4216 valide
1585 4152 1650 4216 hi
1684 4150 1989 4216 assistunt
2025 4150 2256 4215 Missae
2292 4151 2376 4232 (si
2413 4150 2572 4215 aliae
2604 4150 2813 4215 adsint

258 4304 268 4313 .
343 4255 775 4339 conditiones),
809 4255 955 4319 licet
986 4253 1273 4318 habitent
1301 4255 1473 4318 extra
1504 4254 1740 4320 domini
1771 4254 2047 4319 domum.

430 4357 650 4439 Quoad
680 4358 949 4421 alterum
982 4354 1251 4431 adverte,
1286 4355 1442 4418 nihil
1474 4356 1717 4435 referre,
1752 4375 1877 4438 qua
1906 4357 2150 4420 ratione
2188 4354 2286 4418 vel
2318 4355 2676 4422 immediate
2711 4359 2808 4423 vel

340 4462 650 4527 mediante
675 4459 936 4543 pecunia
960 4457 1133 4521 cibus
1158 4456 1684 4533 subministretur.
1719 4459 1965 4523 Etenim
1989 4459 2118 4531 sive
2154 4456 2228 4521 de
2259 4459 2508 4541 proprio
2534 4460 2805 4539 cellario,

340 4565 470 4630 sive
514 4563 823 4647 stipendio
871 4560 1218 4627 constituto
1268 4558 1555 4623 dominus
1601 4559 1940 4625 familiares
1987 4562 2223 4644 pascat,
2281 4580 2520 4643 semper
2567 4561 2804 4627 domini

340 4666 695 4751 sumptibus
732 4665 826 4730 illi
858 4666 1064 4729 vivere
1101 4661 1413 4725 dicuntur.
1448 4659 1682 4725 Gattic.
1716 4680 1850 4743 cap.
1887 4663 1990 4725 25.
2027 4682 2086 4727 n.
2127 4663 2228 4727 16.
