3497 5147
653 332 762 386 612
973 345 1184 386 macr.
1208 346 1288 386 w.
1307 343 1469 385 sacr.
1492 345 1555 384 11.
1584 344 1668 383 nn:
1690 342 1935 391 Qum-ro
1958 341 2174 383 Panno.
2204 341 2536 383 umanum.
2556 341 2701 384 nun.
2722 343 2787 383 11.
2969 326 3111 403 [829]

744 443 1066 506 Institutio
1099 444 1309 505 autem
1339 441 1686 524 praecipua,
1720 460 1911 523 quam
1942 442 2226 523 parentes
2257 440 2404 504 filiis
2436 439 2679 517 debent,
2706 441 2803 505 est
2825 440 3111 506 educatio

656 563 763 608 seu
787 544 1131 609 efformatio
1154 563 1399 608 morum
1433 544 1511 607 ad
1542 562 1751 607 veram
1775 543 2075 607 virtutem
2105 543 2168 606 et
2197 542 2561 626 religionem
2586 544 2652 606 et
2681 542 2726 605 ii
2757 560 2881 606 non
2905 544 3110 608 solum

653 645 1025 727 obligatione
1061 648 1366 723 tenentur,
1402 647 1473 708 ut
1510 646 1608 709 vel
1640 664 1747 727 per
1776 664 1842 709 se
1874 645 1972 708 vel
2008 664 2116 727 per
2153 644 2328 720 alioS,
2368 662 2526 726 quos
2563 644 2685 726 ipsi
2731 645 2848 708 sibi
2889 646 3114 710 substi-

654 750 857 823 tuant,
891 748 954 811 id
985 750 1226 817 curent:
1246 748 1353 812 sed
1385 747 1461 811 ad
1494 747 1555 811 id
1579 748 1681 810 ius
1710 766 1954 828 quoque
1985 746 2233 824 habent,
2261 746 2426 828 quod
2458 765 2529 810 ex
2569 746 2703 828 ipsa
2729 746 3112 831 obligatione

650 851 792 915 fluit
837 850 901 914 et
946 850 1310 914 auctoritati
1357 851 1648 932 paternae
1694 848 1973 913 inhaeret
2016 848 2393 925 necessari03
2443 867 2587 911 cum
2632 848 3104 913 matrimonium

649 952 786 1016 ideo
819 952 1010 1016 etiam
1048 953 1131 1016 sit
1176 954 1562 1035 perpetuum,
1596 953 1670 1014 ut
1700 952 1893 1035 prolis
1939 950 2292 1016 educationi
2322 970 2542 1016 vacare
2573 951 2834 1034 possint.
2870 951 3104 1017 Idcirco

650 1056 949 1120 nonlicet
995 1056 1162 1119 civili
1209 1056 1540 1127 Potestati,
1580 1055 1697 1119 hoc
1732 1056 1852 1131 ius,
1884 1054 2244 1137 parentibus
2289 1054 2566 1129 semotis,
2610 1053 2730 1118 sibi
2763 1054 3106 1126 vindicare:

652 1156 789 1238 ipsa
836 1176 981 1219 sane
1027 1174 1096 1220 eo
1144 1158 1403 1238 spectat,
1438 1158 1510 1219 ut
1555 1146 1946 1240 singulorum
1992 1156 2130 1219 iura
2163 1175 2199 1219 a
2235 1156 2462 1219 natura
2508 1154 2786 1237 profecta
2832 1157 3105 1233 tueatur,

654 1275 778 1321 non
812 1261 884 1321 ut
913 1258 1052 1321 iura
1082 1259 1296 1323 nativa
1326 1258 1694 1322 habentibus
1726 1278 1791 1321 se
1822 1258 2168 1322 substituat
2199 1257 2534 1339 eademque
2566 1256 2684 1320 sibi
2718 1260 2968 1341 arroget
3000 1259 3116 1321 aut

654 1377 719 1422 se
749 1358 1143 1423 constituisse
1181 1361 1535 1424 arbitretur.
1570 1360 1803 1423 Munus
1849 1359 2100 1441 proinde
2133 1357 2351 1423 Status
2382 1359 2496 1435 est,
2531 1377 2605 1422 ea
2638 1359 2850 1423 omnia
2895 1378 3114 1443 suppe-

654 1459 874 1539 ditare,
890 1462 1115 1544 quibus
1139 1463 1496 1527 exercitium
1520 1462 1754 1545 proprii
1776 1462 1930 1526 iuris
1955 1462 2311 1544 parentibus
2334 1461 2516 1525 facile
2549 1460 2793 1525 evadat.
2812 1461 3114 1526 Parentes

657 1564 868 1627 autem
899 1583 1180 1629 normam
1204 1565 1585 1630 educationis
1617 1565 1888 1647 accipere
1918 1565 2141 1628 debent
2164 1565 2243 1627 ab
2272 1564 2546 1628 Ecclesia
2569 1582 2607 1627 a
2630 1564 2762 1628 Deo
2792 1564 3112 1641 instituta,

654 1667 725 1729 ut
755 1665 973 1729 doceat
1019 1685 1229 1731 omnes
1275 1668 1443 1731 viam
1489 1667 1740 1731 salutis:
1777 1686 1935 1749 quae
1980 1666 2206 1730 idcirco
2253 1667 2356 1730 ius
2403 1666 2611 1741 habet,
2648 1665 3110 1750 negligentibus

655 1785 841 1832 suum
858 1767 1130 1832 officium
1144 1769 1522 1851 parentibus,
1541 1769 1929 1833 committere
1943 1768 2244 1832 ministris
2260 1768 2388 1831 suis
2405 1767 2834 1831 educationem
2851 1785 3111 1832 suorum

658 1870 1071 1934 alumnorum.
1098 1872 1133 1909 *

765 2016 895 2068 Xlll.
935 2018 984 2068 6.
1011 2016 1259 2067 Tenentur
1296 2014 1440 2066 eliam
1480 2013 1605 2080 proli
1641 2012 1910 2078 relinquere
1950 2012 2221 2066 libertatem
2263 2011 2390 2064 circa
2431 2011 2719 2066 electionem
2759 2020 2932 2067 slatus,
2974 2016 3112 2068 Unde

656 2105 858 2164 peccant
894 2098 1076 2151 invitos
1113 2100 1174 2150 ad
1212 2096 1590 2163 matrimonium,
1617 2099 1693 2151 vel
1733 2096 2016 2161 religionem
2053 2098 2290 2162 cogendo,
2318 2098 2394 2149 vel
2433 2100 2784 2151 abstrahendo.
2816 2101 2877 2151 El
2915 2098 3113 2165 quidem

655 2180 791 2235 'ri-id.
818 2197 940 2236 sess.
967 2184 1054 2236 25.
1079 2184 1140 2235 de
1177 2196 1276 2246 reg.
1308 2184 1390 2236 ⁴8.
1415 2180 1804 2235 excommunicat
1837 2187 2068 2245 cogentes
2105 2182 2166 2233 ad
2199 2180 2541 2233 monasterium
2581 2180 2724 2234 nlius.

741 2298 919 2374 829.
959 2304 1131 2369 Haec
1160 2322 1281 2368 non
1311 2304 1676 2386 impediunt,
1710 2303 2042 2385 quominus
2074 2304 2138 2367 et
2168 2303 2450 2385 parentes
2483 2303 2757 2368 consiliis
2795 2304 3014 2371 iuvent
3046 2308 3111 2369 et

653 2404 766 2468 fflii
798 2406 1010 2470 audire
1049 2408 1394 2470 teneantur.

739 2508 775 2545 *
803 2508 997 2572 Docet
1026 2528 1075 2572 s.
1110 2508 1293 2592 Alph.
1333 2528 1393 2570 n.
1423 2508 1571 2570 335.
1598 2506 1801 2569 filium
1836 2525 1959 2571 non
1997 2507 2190 2571 teneri
2230 2507 2473 2572 obedire
2510 2508 2874 2593 parentibus
2913 2510 2975 2573 in
3005 2510 3105 2588 iis,

653 2630 811 2693 quae
848 2610 1157 2692 pertinent
1194 2609 1270 2672 ad
1308 2611 1548 2672 statum
1593 2609 1976 2693 elegendum‚
2011 2610 2140 2674 sive
2170 2610 2534 2694 religiosum
2580 2612 2710 2676 sive
2741 2613 3109 2693 clericalem,

651 2714 779 2779 sive
811 2713 1199 2797 coniugalem
1231 2714 1293 2776 et
1321 2712 1522 2777 reiicit
1551 2732 1661 2797 pro
1696 2714 1993 2796 ampliore
2022 2714 2110 2777 rei
2141 2714 2555 2779 declaratione
2594 2716 2672 2779 ad
2705 2735 2848 2779 eum
2879 2716 3108 2794 locum,

651 2816 760 2880 ubi
784 2816 857 2879 de
889 2817 1061 2879 statu
1092 2815 1381 2900 religioso
1408 2815 1560 2900 agit.
1595 2814 1754 2881 Sane
1784 2818 1976 2882 etiam
2006 2818 2156 2881 haec
2187 2818 2488 2899 quaestio,
2515 2819 2590 2883 ut
2610 2818 2740 2882 iam
2763 2820 3111 2904 generatim

648 2917 965 2981 innuimus
990 2937 1049 2981 n.
1071 2918 1241 2995 820..
1267 2918 1332 2981 in
1357 2918 1497 2982 aliis
1520 2920 1894 2984 tractatibus
1919 2920 2395 2984 commodiorem
2419 2920 2656 2985 invenit
2684 2922 2907 2986 sedem.
2929 2922 2988 2986 N
2991 2942 3112 2987 unc

651 3020 805 3084 satis
852 3020 936 3083 sit
980 3019 1102 3083 duo
1150 3019 1361 3084 afferre
1407 3020 1706 3103 principia
1754 3041 1825 3085 ex
1871 3040 1919 3084 s,
1961 3022 2219 3084 Thoma.
2258 3021 2342 3085 1¹¹¹
2373 3022 2437 3085 in
2478 3024 2537 3086 2.
2582 3025 2642 3087 2.
2679 3043 2737 3105 q.
2771 3025 2916 3088 104.
2959 3044 3014 3090 a.
3042 3027 3103 3090 4.

658 3146 693 3180 α
740 3120 804 3185 Si
850 3121 1056 3185 cultus
1102 3125 1431 3204 parentum
1484 3123 1811 3187 abstrahat
1856 3141 1967 3188 nos
2016 3142 2052 3186 a
2097 3123 2275 3188 cultu
2321 3125 2500 3189 Dei...
2548 3124 2916 3191 dimittenda
2963 3129 3110 3194 sunt

651 3224 855 3289 officia
879 3223 1129 3307 pietatis
1160 3224 1224 3288 in
1255 3225 1558 3307 parenteS,
1583 3227 1835 3307 propter
1858 3224 2138 3288 divinum
2159 3225 2478 3309 religionis
2503 3228 2744 3292 cultum
2761 3253 2823 3293 ».
2844 3231 2932 3292 2¹¹²
2956 3229 3104 3294 ibid.

650 3346 707 3409 q.
753 3327 899 3392 101.
934 3346 989 3390 a.
1028 3328 1087 3389 5.
1122 3351 1156 3384 «
1188 3326 1331 3390 Non
1362 3327 1605 3390 tenetur
1634 3326 1886 3390 inferior
1917 3345 2028 3391 suo
2062 3328 2363 3410 superiori
2395 3329 2661 3408 obedire,
2696 3330 2750 3395 si
2782 3331 2838 3395 ei
2871 3331 3106 3415 aliquid

648 3431 1006 3514 praecipiat,
1046 3431 1107 3494 in
1148 3449 1270 3512 quo
1309 3431 1363 3494 ei
1400 3448 1522 3494 non
1555 3429 1843 3494 subditur
1867 3454 1928 3494 ».

735 3539 966 3604 Utrum
999 3557 1141 3603 vero
1180 3540 1243 3602 et
1274 3539 1580 3618 quatenus
1611 3539 1862 3620 peccent
1890 3538 2023 3615 filii,
2049 3537 2263 3602 invitis
2295 3539 2674 3621 parentibuS,
2703 3541 2942 3604 certum
2975 3559 3106 3605 ma·

648 3642 1013 3706 trimonium
1044 3640 1493 3716 contrahenteS,
1533 3639 1955 3723 disputabitur
1990 3641 2054 3704 in
2086 3640 2188 3704 Tr.
2223 3640 2298 3704 dc
2330 3639 2768 3705 Matrimonio.
2797 3643 2832 3681 '¹‘

737 3745 771 3779 *
796 3743 993 3806 Putat
1029 3741 1209 3806 Card.
1244 3741 1547 3805 D’Annib.
1582 3742 1659 3806 V.
1704 3743 1761 3806 1.
1801 3763 1860 3806 11.
1904 3743 2007 3806 53.
2046 3743 2422 3826 potestatem
2461 3743 2733 3825 patriam
2770 3747 3103 3827 parentum

649 3862 796 3927 erga
827 3842 1007 3918 filios,
1042 3843 1104 3906 in
1136 3844 1211 3907 iis
1243 3862 1401 3925 quae
1434 3844 1741 3926 pertinent
1777 3845 1864 3907 ad
1889 3844 2154 3908 salutem
2188 3843 2438 3907 animae
2467 3843 2633 3908 finiri
2671 3846 3009 3928 septenni0‚
3043 3847 3106 3912 in

647 3944 725 4010 iis
777 3964 934 4027 quae
980 3944 1288 4027 pertinent
1335 3945 1411 4008 ad
1458 3945 1809 4010 electionem
1853 3950 2073 4023 statue,
2123 3946 2286 4011 finiri
2331 3948 2679 4030 pubertate,
2712 3948 2778 4011 in
2822 3948 2899 4013 iis
2949 3969 3108 4031 quae

645 4048 952 4132 pertinent
984 4047 1060 4111 ad
1107 4045 1507 4127 disciplinam
1536 4050 1697 4110 vitae
1744 4053 1806 4110 ct
1833 4045 2049 4111 curam
2093 4047 2506 4126 domesticam,
2541 4049 2708 4113 finiri
2757 4053 3106 4135 emancipa—

647 4152 833 4217 tione.
867 4150 1114 4216 Scilicet
1142 4149 1330 4225 filius,
1363 4151 1624 4215 rationis
1657 4168 1843 4214 usum
1874 4149 2154 4233 adeptae,
2189 4153 2288 4216 sui
2335 4152 2490 4216 iuris
2523 4153 2637 4230 est,
2675 4172 2754 4217 an
2800 4154 3106 4237 baptizari

646 4254 798 4317 velit
826 4273 1011 4317 necne
1057 4254 1193 4329 etc„
1229 4253 1618 4335 pubertatem
1666 4256 1986 4317 assecutus
2019 4253 2352 4320 deliberare
2401 4275 2471 4320 ex
2509 4273 2576 4320 se
2609 4255 2745 4338 ipso
2794 4260 3000 4338 potest
3032 4258 3105 4323 de

643 4355 818 4418 statu
863 4354 1259 4436 capessendo:
1310 4353 1731 4433 emancipatus
1780 4356 1875 4417 est
1903 4373 2154 4437 prorsus
2201 4356 2300 4420 sui
2345 4356 2517 4421 iuris
2553 4356 2842 4422 Alterum
2890 4378 2961 4423 ex
3008 4360 3106 4426 his

640 4475 854 4521 verum
886 4458 998 4533 est,
1031 4457 1310 4539 spectato
1345 4455 1475 4518 iure
1512 4455 1774 4518 naturae
1806 4456 1870 4519 et
1900 4457 2226 4522 canonico:
2261 4478 2312 4522 c.
2343 4459 2445 4523 12.
2474 4458 2549 4522 dc
2580 4457 2810 4540 Rcyul.
2857 4484 2891 4517 «
2927 4460 3102 4526 Tunc
