3497 5147
377 324 522 401 [990]
901 339 983 379 An
1020 340 1098 379 m·
1134 339 1384 387 QUANTA
1422 339 1697 383 PmoATA
1735 342 1874 384 81111·
1910 343 2142 388 11861116
2185 346 2314 388 mc,
2735 331 2845 386 729

376 438 515 502 tum
545 436 796 521 propter
841 435 1222 513 scandalum,
1258 438 1395 501 tum
1441 440 1693 522 propter
1738 440 2019 507 animum
2065 442 2484 521 libidinosum,
2520 462 2641 526 quo
2690 444 2843 508 haec

377 540 796 625 proferuntur.

464 641 889 707 Nihilominus
942 641 1311 725 quandoque
1364 643 1505 708 finis
1558 644 1857 710 honestus
1917 666 2047 712 esse
2102 649 2312 732 potest
2365 647 2714 712 narrationi
2769 647 2844 712 de

375 745 735 810 huiusmodi
762 745 948 810 rebus
981 747 1094 809 aut
1130 745 1325 830 gestis
1371 746 1647 829 graviter
1681 747 1986 813 obscenis:
2027 752 2100 814 ut
2132 751 2187 814 si
2217 769 2290 815 ea
2335 750 2710 816 confessario
2745 751 2843 814 vel

374 848 563 914 iudici
611 849 725 912 aut
768 846 1005 912 medico
1054 850 1167 914 aut
1214 848 1415 922 alteri,
1464 849 1708 913 consilii
1753 851 2000 933 petendi
2044 852 2273 936 gratia,
2317 851 2643 935 aperienda
2692 852 2839 916 sint.

375 948 494 1014 Sed
526 951 662 1013 tum
693 951 857 1015 certe
890 950 955 1014 in
991 949 1193 1015 forma
1224 951 1599 1016 narrationis
1628 951 1937 1018 modestia
1968 954 2337 1019 servabitur.

466 1048 639 1123 989.
674 1051 853 1132 Quod
886 1071 1029 1117 vero
1062 1052 1134 1117 de
1182 1053 1464 1136 turpium
1495 1054 1827 1118 verborum
1874 1056 2221 1138 prolatione
2254 1058 2316 1120 et
2354 1057 2523 1139 turpi
2563 1075 2845 1121 sermone

374 1155 613 1221 dictum
658 1158 772 1234 est,
822 1156 1068 1220 valetne
1114 1155 1305 1220 etiam
1366 1155 1440 1220 de
1495 1156 1853 1222 eorumdem
1915 1159 2268 1242 scriptione,
2317 1178 2443 1242 qua
2496 1160 2560 1223 in
2613 1160 2843 1243 vulgus

373 1259 685 1325 edantur?
720 1260 1005 1326 Profecto
1053 1259 1218 1342 quod
1250 1259 1325 1324 de
1372 1260 1757 1325 sermonibus
1805 1263 1869 1326 et
1915 1261 2378 1327 narrationibus
2416 1261 2696 1345 graviter
2743 1261 2845 1325 ob-

373 1362 570 1426 scenis
617 1363 854 1427 dictum
900 1363 1015 1440 est,
1049 1361 1251 1426 multo
1298 1361 1502 1446 magis
1540 1363 1709 1428 valet
1754 1363 1828 1429 de
1876 1363 2058 1430 editis
2109 1364 2172 1428 in
2220 1363 2556 1446 publicum,
2591 1363 2844 1445 propter

373 1462 737 1528 scandalum
780 1463 985 1529 maius
1018 1464 1458 1546 maioremque,
1484 1483 1644 1546 quae
1691 1485 1822 1531 esse
1869 1467 2049 1542 solet,
2085 1466 2473 1530 affectionem
2521 1464 2842 1548 scriptoris

374 1565 452 1629 ad
485 1566 713 1648 turpia.
747 1565 876 1631 Nec
920 1566 1030 1630 illa
1079 1565 1291 1632 addita
1339 1566 1611 1649 exceptio
1659 1567 1795 1632 heic
1841 1568 2028 1643 valet,
2063 1587 2222 1650 quae
2269 1587 2376 1650 per
2422 1586 2487 1632 se
2534 1568 2841 1631 secretum

373 1668 674 1751 postulat.

462 1768 641 1848 Quod
695 1770 924 1835 attinet
968 1789 1114 1835 vero
1170 1771 1249 1835 ad
1294 1773 1427 1836 sola
1476 1773 1664 1837 verba
1710 1773 1808 1837 vel
1863 1772 2120 1838 dicteria
2167 1773 2397 1856 turpia,
2447 1792 2570 1837 non
2623 1771 2838 1837 eadem

375 1891 625 1954 prorsus
650 1873 812 1937 ratio
845 1892 976 1938 esse
998 1873 1265 1938 videtur.
1292 1873 1457 1938 Nam
1480 1894 1669 1939 66686
1692 1875 1824 1953 1116,
1851 1894 2276 1958 11116666611166
2302 1875 2404 1952 811,
2433 1894 2590 1956 11666
2623 1873 2838 1939 11611611

372 1976 580 2057 1101681
615 1995 725 2038 661
770 1994 842 2040 66
881 1995 985 2040 016
1029 1975 1325 2058 proferas,
1360 1977 1438 2040 ob
1476 1976 1680 2042 iocum
1726 1996 1946 2060 nempe
1992 1978 2092 2042 vel
2131 1997 2362 2042 vanum
2395 1977 2715 2054 solatium,
2766 1995 2837 2041 66

372 2076 472 2140 vel
501 2095 641 2141 raro
667 2077 765 2141 vel
796 2096 1116 2159 nunquam
1148 2077 1367 2156 aderit,
1393 2099 1503 2144 cur
1533 2080 1746 2145 eadem
1779 2081 2032 2158 scribae,
2058 2080 2179 2145 nisi
2200 2081 2433 2145 scribas
2465 2079 2834 2156 comoedias,

371 2178 598 2260 quibus
644 2179 799 2243 talia
844 2181 1231 2245 conveniant.
1275 2181 1437 2246 Nam
1485 2183 1549 2247 et
1595 2183 1946 2265 scriptores,
1995 2202 2152 2266 quos
2198 2184 2272 2248 de
2319 2184 2501 2247 rebus
2548 2183 2837 2265 turpibus

246 2274 271 2299 ⁶
371 2281 641 2345 tractare
689 2284 951 2364 oportet,
986 2301 1109 2348 non
1158 2302 1313 2366 opus
1360 2286 1455 2349 est
1502 2286 1575 2349 ut
1621 2285 1826 2350 verbis
1865 2286 2141 2351 obscenis
2187 2286 2471 2360 utantur,
2506 2284 2628 2348 nisi
2673 2284 2836 2349 forte

370 2382 723 2461 identidem,
752 2404 894 2449 cum
923 2385 987 2449 in
1024 2383 1397 2468 quibusdam
1430 2386 1716 2469 operibus
1754 2407 1851 2453 res
1883 2389 2012 2453 suis
2045 2386 2397 2453 nominibus
2431 2385 2834 2468 appellandae

369 2487 535 2561 sunt,
564 2486 729 2568 quod
757 2487 919 2551 solet
949 2508 1193 2571 quoque
1226 2508 1514 2554 excusare
1544 2491 2033 2576 lexicographos,
2060 2489 2168 2572 qui
2199 2491 2408 2553 tamen
2435 2507 2471 2551 a
2506 2487 2833 2570 phrasibus

369 2591 646 2656 obscenis
678 2591 924 2657 edendis
958 2593 1264 2658 abstinere
1294 2594 1543 2671 debent,
1567 2614 1673 2660 eae
1706 2596 1871 2659 enim
1901 2614 2024 2660 non
2049 2595 2334 2678 spectant
2357 2593 2436 2657 ad
2467 2593 2833 2656 thesaurum

368 2693 639 2777 linguae.
673 2694 896 2776 Itaque
932 2696 1297 2780 generatim,
1333 2699 1406 2761 ut
1438 2697 1735 2761 iudicium
1773 2697 2011 2762 feratur
2048 2697 2122 2761 de
2154 2696 2468 2780 gravitate
2499 2694 2737 2778 peccati
2765 2694 2832 2757 in

369 2796 467 2861 his
513 2797 743 2880 scripto
791 2797 1056 2875 6116111118,
1091 2798 1460 2882 spectandus
1506 2799 1602 2863 est
1662 2800 1906 2864 animus
1946 2799 2268 2864 scribentis
2317 2799 2381 2862 61
2427 2794 2832 2881 spectandum

368 2899 465 2963 est
493 2901 669 2964 cuius
707 2900 983 2965 scandali
1014 2900 1358 2984 periculum
1389 2900 1673 2965 futurum
1705 2901 1792 2965 sit
1823 2902 1986 2984 apud
2023 2901 2304 2967 lectores,

460 3002 699 3067 Pariter
744 3022 935 3089 grave
981 3005 1076 3069 681
1121 3006 1444 3086 1166661661
1490 3002 1831 3067 cantilenas
1892 3003 2070 3068 valde
2126 3004 2418 3068 obscenas
2465 3020 2830 3084 componere

367 3104 496 3170 sive
529 3109 779 3190 propter
823 3126 1014 3191 grave
1060 3107 1440 3184 scandalum,
1476 3106 1604 3171 sive
1636 3106 1887 3188 propter
1926 3106 2203 3169 animum
2241 3104 2662 3177 libidinosum,
2704 3122 2827 3185 1160

365 3206 429 3270 111
475 3207 575 3271 fit:
603 3227 747 3273 nam
780 3209 896 3275 1166
941 3229 1130 3274 66686
1162 3211 1458 3285 cessante,
1486 3211 1648 3273 certe
1681 3227 1787 3273 666
1819 3227 1916 3272 168
1948 3225 2070 3271 11011
2108 3207 2540 3271 scriberentur.
2569 3206 2831 3290 Propter

364 3310 609 3375 easdem
654 3312 927 3376 rationes
974 3330 1163 3396 grave
1211 3314 1308 3377 est
1353 3331 1459 3393 per
1506 3331 1568 3375 se
1608 3311 1751 3374 illas
1797 3329 2047 3386 canere,
2084 3310 2294 3374 abesse
2341 3312 2550 3375 tamen
2599 3310 2831 3392 poterit

365 3412 534 3494 prior
567 3414 752 3490 ratio,
780 3414 834 3477 si
863 3413 1054 3491 solus,
1081 3413 1323 3478 nemine
1359 3413 1666 3489 audiente,
1693 3432 1880 3479 canas
1913 3414 1976 3476 et
2007 3412 2167 3476 forte
2192 3432 2300 3494 per
2333 3411 2610 3476 accidens
2636 3413 2827 3476 etiam

364 3514 562 3577 altera
601 3516 783 3593 ratio,
809 3515 863 3579 si
895 3515 1089 3579 solius
1135 3514 1495 3578 harmoniae
1543 3516 1655 3577 aut
1700 3514 2003 3578 melodiae
2051 3516 2270 3596 captus
2320 3532 2527 3578 amore
2566 3516 2629 3578 et
2658 3516 2723 3579 in
2756 3534 2827 3579 ea

365 3614 617 3691 defixuS,
651 3618 745 3681 ita
792 3636 1013 3700 parum
1045 3617 1124 3682 ad
1153 3616 1340 3681 verba
1378 3616 1665 3680 attendas
1714 3617 1789 3680 ut
1820 3616 2163 3699 periculum
2210 3615 2375 3679 absit
2406 3635 2696 3681 venereae
2729 3618 2827 3682 de-

364 3716 736 3782 lectationis.

456 3813 629 3889 990.
670 3818 887 3899 Quoad
935 3821 1315 3887 auditionem
1362 3819 1665 3902 turpium,
1698 3839 1858 3902 quae
1903 3820 2181 3904 graviter
2228 3818 2437 3901 turpia
2483 3819 2628 3896 sint,
2678 3820 2827 3886 11666

363 3922 567 4005 1116661
598 3923 870 4005 666111616
908 3944 945 3988 6
968 3923 1318 3989 Lehmkuhl
1350 3925 1504 3987 tom.
1535 3923 1591 3985 1.
1620 3942 1680 3987 n.
1708 3922 1859 3986 867.
1892 3946 1929 3980 ‹
1952 3921 2184 3987 Audire
2222 3920 2579 3985 huiusmodi
2617 3922 2825 4004 turpia

362 4024 608 4089 facilius
639 4025 887 4107 quidem
920 4045 957 4090 a
988 4029 1237 4109 peccato
1277 4026 1457 4112 gravi
1488 4025 1768 4089 excusari
1804 4025 2012 4107 potest
2059 4026 2245 4106 atque
2283 4024 2474 4088 etiam
2512 4023 2825 4089 subridere

360 4147 433 4193 ex
479 4149 543 4193 se
590 4129 866 4194 nondum
910 4148 1100 4213 grave
1146 4131 1468 4213 peccatum
1515 4131 1639 4192 est:
1690 4149 1751 4192 v.
1785 4126 1930 4192 Stoz
1980 4126 2155 4191 Trio.
2190 4126 2443 4191 Poenit.
2490 4127 2534 4190 l.
2574 4127 2631 4190 1.
2667 4148 2725 4210 p.
2760 4128 2822 4191 3.

360 4251 419 4295 11.
457 4233 606 4296 242.
640 4233 756 4297 Est
787 4234 999 4297 autem
1036 4251 1225 4316 grave
1257 4232 1598 4315 peceatum,
1639 4231 1705 4294 1⁰
1739 4231 1793 4295 si
1825 4230 2029 4313 placet
2074 4248 2171 4294 res
2218 4229 2420 4311 turpis
2468 4230 2724 4293 narrata
2754 4230 2826 4293 in

357 4356 457 4399 sc:
494 4339 562 4400 2⁰
586 4338 638 4402 si
672 4336 927 4402 audiens
965 4334 1306 4411 excitando,
1333 4334 1663 4398 animando
1701 4353 1892 4399 66686
1923 4335 2038 4411 681,
2064 4352 2173 4397 661
2205 4351 2515 4397 sermones
2547 4333 2825 4417 graviter

360 4439 769 4521 peccaminosi
814 4438 970 4503 fiant
1016 4457 1126 4503 seu
1173 4436 1653 4519 protrahantur:
1704 4438 1774 4500 3⁰
1823 4438 1936 4502 aut
1981 4437 2036 4500 si
2081 4436 2334 4519 propter
2380 4437 2823 4502 auctoritatem

359 4560 557 4622 suam,
585 4563 656 4607 ex
680 4563 806 4627 1166
827 4541 1123 4625 impedire
1147 4558 1251 4604 eos
1276 4539 1483 4621 potest
1507 4538 1610 4618 (ut
1633 4557 1814 4604 senex
1837 4540 1901 4603 in
1925 4539 2105 4604 coetu
2130 4537 2473 4620 iuvenum),
2501 4539 2600 4601 vel
2631 4540 2823 4604 etiam
