3497 5147
411 372 557 451 [966]
1154 388 1309 439 Qum
1346 391 1413 433 1111
1448 391 1648 434 nmo
1682 392 1861 434 mero
1898 391 2121 435 momu-
2765 378 2872 441 707

414 506 566 574 erga
611 487 877 565 hostem,
926 487 1028 551 eui
1072 487 1329 552 nocendi
1372 489 1472 553 ius
1518 489 1767 554 habeas.
1816 487 1917 554 Sic
1962 490 2380 573 exploratores
2433 488 2607 555 mitti
2649 489 2870 568 solent,

417 591 528 675 qui
560 609 623 655 se
667 591 898 655 amicos
932 586 1246 655 simulent.
1275 592 1346 654 2ο
1377 589 1556 671 Quod
1584 590 1945 657 huiusmodi
1972 591 2292 657 mendacia
2315 591 2560 679 saepius
2598 592 2876 656 excusari

418 694 681 781 possunt
726 693 980 778 propter
1022 691 1439 759 invincibilem
1484 692 1926 779 ignorantiam,
1975 695 2122 777 quia
2167 695 2331 759 recte
2377 713 2442 760 se
2489 708 2669 781 agere
2714 694 2873 759 tal’es

422 796 702 863 homines
733 796 1112 865 existimant.
1148 796 1248 860 Ita
1277 795 1496 881 Laym.
1521 796 1631 861 lib.
1657 798 1717 860 2.
1746 798 1825 861 tr.
1852 797 1915 862 3.
1938 815 2072 878 cap.
2102 797 2206 863 12.
2229 816 2290 865 n.
2321 792 2424 861 10.

505 901 597 963 De
635 901 953 985 postrema
997 899 1175 983 parte
1205 900 1379 965 nulla
1413 901 1507 965 est
1552 900 1909 965 difficultas.
1958 900 2040 964 Et
2085 900 2236 964 scite
2282 919 2332 964 0.
2380 900 2652 966 Thomas
2700 900 2760 967 2.
2811 900 2871 962 2.

420 1023 480 1087 q.
515 1004 620 1067 40.
659 1003 776 1067 art.
819 1002 880 1066 3.
913 1002 1198 1066 meminit
1243 1000 1414 1067 illius
1461 1002 1804 1067 sententiae
1850 1022 1898 1067 s.
1939 1001 2252 1067 Ambrosii
2297 999 2372 1066 de
2427 996 2605 1084 Offic.
2653 1001 2760 1066 lib.
2816 1002 2873 1065 1.

414 1124 546 1188 cap.
585 1106 727 1169 29.:
784 1129 818 1162 «
851 1102 1168 1184 Quaedam
1214 1104 1352 1169 iura
1381 1104 1688 1170 bellorum
1718 1107 1783 1170 et
1813 1103 2056 1170 foedera
2090 1104 2280 1169 etiam
2315 1103 2478 1168 inter
2508 1104 2716 1169 hostes
2748 1120 2877 1169 ser-

413 1207 615 1272 vanda
645 1233 707 1272 ».

521 1350 689 1403 LVlll.
718 1350 768 1401 3.
795 1346 937 1402 Fides
976 1347 1104 1403 110311
1143 1351 1255 1402 data
1295 1349 1535 1403 servanda
1575 1356 1667 1410 est,
1700 1348 1796 1403 nisi
1822 1351 1900 1402 vel
1937 1354 2137 1403 coactus
2177 1346 2376 1405 dederis
2415 1352 2492 1402 vel
2528 1348 2579 1403 in
2617 1363 2768 1413 grave
2793 1351 2875 1404 de-

419 1434 695 1489 trimentum
734 1435 931 1487 cederet
967 1433 1108 1501 Reip.
1148 1441 1230 1487 001
1267 1432 1552 1498 Religionis,
1590 1441 1675 1488 aut
1724 1433 1767 1487 si
1806 1437 1973 1487 hostes
2009 1448 2117 1487 eam
2155 1449 2251 1487 non
2289 1442 2503 1500 servent,
2544 1440 2628 1488 aut
2666 1434 2874 1500 denique

417 1517 724 1573 conditiones
750 1532 805 1571 ac
842 1516 1237 1572 circumstantiae
1275 1520 1417 1586 plane
1453 1518 1552 1572 sint
1586 1524 1819 1573 mutatae.
1853 1520 2033 1573 Duval.
2061 1520 2255 1583 Peleus,
2279 1514 2421 1571 Dian.
2446 1520 2480 1571 Ι.
2506 1533 2550 1572 0.
2575 1530 2619 1572 n.
2649 1521 2731 1571 10.
2760 1518 2875 1572 vide

415 1602 561 1658 0110111
600 1603 769 1668 Laym.
799 1604 829 1654 Ι.
854 1602 901 1655 3.
932 1608 965 1656 1.
992 1603 1043 1656 3“.
1068 1617 1110 1656 0.
1139 1604 1223 1655 12.

505 1744 675 1818 956.
712 1746 985 1813 Coactus
1016 1747 1203 1812 fidem
1225 1748 1356 1826 dat,
1388 1747 1498 1830 qui
1518 1748 1734 1831 iniqua
1762 1747 2126 1831 promittere
2151 1747 2565 1830 compellitur,
2590 1747 2696 1812 vel·
2717 1748 2875 1813 iniu-

419 1854 518 1917 sto
565 1853 739 1916 metu
778 1849 1075 1937 adigitur.
1109 1849 1404 1932 Exempla
1436 1849 1668 1933 passim
1699 1850 1895 1915 oculis
1930 1850 2162 1915 nostris
2194 1852 2542 1915 occurrunt.

523 2013 649 2065 LIX.
679 2011 729 2064 4.
754 2010 900 2077 Capti
938 2009 988 2063 in
1026 2011 1156 2064 110110
1196 2008 1343 2063 0110111
1379 2023 1442 2063 ex
1481 2015 1617 2076 parte
1653 2008 1949 2077 capientium
1985 2009 2135 2076 iusto,
2162 2008 2260 2064 nisi
2293 2011 2458 2065 obstet
2484 2011 2772 2066 scandalum
2790 2016 2874 2066 aut

417 2095 644 2165 specialis
682 2094 960 2164 promissio,
986 2102 1188 2162 possunt
1228 2098 1409 2156 fugere.
1432 2093 1576 2160 Capti
1601 2093 1797 2148 veroin
1835 2096 1965 2149 110110
1990 2108 2054 2148 ex
2092 2102 2230 2161 parte
2265 2093 2562 2162 capientium
2595 2092 2782 2150 1010010
2819 2101 2871 2148 01

419 2186 585 2247 lugere
611 2188 659 2235 et
685 2184 812 2235 bona
842 2180 1059 2235 hostium
1085 2194 1251 2234 secum
1284 2183 1478 2233 auterre
1504 2185 1725 2245 possunt.
1751 2181 1921 2246 Laym.
1939 2182 1968 2232 Ι.
1985 2182 2035 2232 2.
2059 2187 2122 2233 11.
2150 2181 2198 2233 3.
2219 2195 2262 2233 c.
2293 2182 2376 2233 12.
2407 2194 2453 2232 0.
2479 2181 2649 2233 46.Αο
2675 2179 2875 2235 obsides

420 2265 564 2322 liceat
602 2264 843 2333 occidere,
868 2265 983 2319 vide
1021 2279 1170 2331 supra
1205 2266 1322 2318 dub.
1350 2264 1398 2318 t.
1426 2278 1469 2319 c.
1494 2265 1545 2318 5.

509 2408 688 2473 Prior
718 2427 861 2491 pars
896 2406 1178 2491 pluribus
1208 2406 1345 2471 DD.
1382 2405 1683 2489 probatur
1714 2404 1878 2490 apud
1909 2403 2230 2491 Laymann
2278 2403 2355 2468 ab
2391 2403 2464 2468 A.
2499 2404 2765 2469 citatum
2810 2408 2875 2470 et

411 2511 548 2578 iure
577 2511 863 2597 gentium
897 2509 964 2575 id
992 2507 1418 2575 introductum
1448 2509 1561 2573 est.
1784 2510 1790 2516 '

520 2671 627 2727 LX.
656 2675 705 2727 5.
736 2673 899 2726 Potest
925 2669 1121 2737 quidem
1148 2668 1410 2735 aliquando
1447 2675 1585 2736 (raro
1611 2675 1772 2723 tamen
1799 2675 1848 2722 01
1872 2665 2062 2722 nonnisi
2099 2671 2164 2722 ob
2201 2681 2373 2722 causas
2404 2666 2740 2734 gravissimas)
2764 2667 2872 2721 dari

418 2761 534 2814 urbs
569 2758 620 2811 in
659 2759 912 2824 praedam:
939 2754 1119 2809 milites
1158 2761 1317 2808 tamen
1355 2752 1545 2820 privata
1583 2752 1876 2807 auctoritate
1913 2755 2123 2820 0100003
2155 2767 2302 2818 agere
2338 2759 2424 2806 0111
2448 2750 2673 2806 hostibus
2698 2755 2875 2806 001000

415 2843 597 2900 interra
642 2856 738 2897 non
779 2847 1011 2909 possunt3
1050 2838 1161 2905 quia
1200 2845 1313 2893 sunt
1352 2844 1671 2892 exsecutores
1717 2844 1902 2892 tantum
1940 2843 1990 2891 01
2026 2836 2252 2892 ministri.
2291 2839 2354 2891 V.
2392 2838 2457 2891 Sal
2496 2851 2600 2892 ver.
2639 2835 2871 2903 Bellum,

418 2930 589 2993 Laym.
618 2926 712 2980 bic.
742 2933 799 2979 tr.
827 2927 875 2979 3.
903 2940 946 2978 0.
987 2926 1070 2978 12.
1096 2923 1205 2978 Fin.
1232 2938 1280 2977 n.
1314 2924 1434 2977 198.
1460 2921 1603 2976 Dian.
1640 2937 1686 2989 0.
1714 2924 1763 2975 6.
1797 2928 1833 2978 t.
1873 2923 1920 2976 4.
1962 2929 2085 2976 toto,
2111 2923 2238 2975 Dum
2278 2927 2437 2976 autem
2478 2924 2597 2975 urbs
2633 2920 2876 2989 spoliatur

415 3012 611 3074 iniuste,
638 3010 891 3077 gregarios
918 3008 1098 3063 milites
1127 3013 1313 3062 tantum
1340 3006 1497 3062 teneri
1522 3009 1582 3061 ad
1623 3009 1867 3072 damnum,
1895 3008 2027 3074 quod
2051 3005 2146 3074 ipsi
2171 3006 2454 3070 intulerunt,
2486 3005 2741 3073 probabile
2766 3020 2875 3060 esse

417 3100 560 3151 docet
590 3085 713 3150 Dian
741 3098 770 3147 l.
801 3111 843 3149 0.
875 3110 911 3148 r.
945 3094 1029 3148 31.
1059 3107 1119 3148 ex
1156 3091 1279 3147 Silv.
1305 3093 1425 3146 Nav.
1452 3097 1544 3146 etc.
1576 3094 1694 3146 110111
1739 3107 1791 3159 p.
1818 3093 1867 3146 3.
1896 3098 1930 3145 t.
1956 3092 2005 3145 5.
2039 3105 2078 3144 r.
2107 3092 2192 3146 86.
2221 3090 2348 3145 Vide
2383 3089 2508 3145 intra
2548 3089 2612 3145 de
2649 3091 2875 3145 Restitu-

416 3182 565 3237 tione
601 3183 720 3235 dub.
750 3183 833 3234 11.

507 3323 685 3404 Quod
718 3321 946 3386 attinet
976 3320 1055 3386 ad
1085 3318 1417 3386 secundam
1447 3319 1690 3401 partem
1721 3316 2028 3383 sententia
2052 3316 2321 3381 aliorum
2343 3316 2600 3401 rigidior
2623 3319 2744 3394 est;
2771 3317 2875 3382 sed

423 3425 629 3509 quoad
653 3424 913 3509 praxim,
949 3423 1163 3489 eodem
1194 3420 1444 3486 tandem
1476 3419 1594 3485 etsi
1624 3438 1731 3503 per
1757 3418 2052 3498 accidens,
2084 3417 2265 3483 redit.
2298 3417 2455 3482 Eam
2484 3418 2699 3482 tuetur
2721 3418 2878 3505 Lay-

427 3548 634 3604 mann,
659 3529 701 3593 l.
737 3529 797 3592 3.
835 3528 913 3591 tr.
942 3528 1002 3592 2.
1037 3545 1089 3590 0.
1118 3525 1177 3589 6.
1212 3544 1272 3587 n.
1313 3524 1374 3587 5.
1406 3520 1499 3586 Of.
1518 3522 1623 3586 Tr.
1657 3521 1835 3585 VIII.
1867 3541 1927 3604 p.
1963 3522 2024 3584 2.
2058 3540 2118 3584 n.
2157 3520 2304 3584 177.
2339 3519 2427 3583 6⁰.

526 3687 651 3742 Lx1.
680 3690 729 3740 6.
758 3684 935 3741 Milites
974 3691 1178 3752 peccant
1206 3696 1317 3737 cum
1355 3695 1504 3735 onere
1543 3678 1852 3745 restituendi,
1878 3679 1922 3733 si
1953 3694 1980 3733 0
2020 3678 2217 3733 rusticis
2251 3677 2427 3732 aliisve
2463 3681 2593 3745 apud
2631 3693 2755 3745 quos
2792 3683 2878 3733 110-

421 3773 681 3843 spitantur,
707 3775 789 3827 vel
826 3786 913 3839 per
950 3784 1159 3838 quorum
1198 3769 1304 3823 loca
1342 3772 1613 3831 transeunt,
1649 3768 1874 3820 0111010111
1909 3770 1994 3818 aut
2034 3763 2204 3820 invitis
2238 3770 2564 3831 extorqueant
2613 3767 2690 3818 vel
2728 3764 2878 3819 etiam

419 3861 598 3913 0011010
637 3856 874 3924 accipiant
902 3854 1017 3924 (nisi
1054 3859 1249 3909 constet
1276 3852 1474 3907 omnino
1500 3849 1654 3905 libere
1682 3850 1810 3905 neri:
1837 3849 2074 3917 siquidem
2114 3848 2402 3904 donationes
2431 3848 2555 3905 istae
2591 3852 2878 3917 plerumque

420 3958 515 3997 non
553 3949 867 4011 spontaneae,
892 3941 977 3995 sed
1003 3946 1201 3993 coactae
1227 3940 1361 4005 sunt)
1389 3943 1582 4003 praeter
1622 3950 1696 3999 00,
1722 3950 1847 4002 quae
1881 3949 1941 3988 ex
1968 3933 2319 3989 constitutione
2343 3933 2577 4001 Principis
2600 3933 2663 3988 iis
2698 3935 2879 3989 debent

419 4025 811 4090 subministrare;
834 4023 926 4078 nisi
952 4030 1111 4078 tamen
1140 4022 1237 4077 sint
1262 4023 1309 4075 in
1339 4030 1569 4082 extrema,
1600 4025 1676 4074 vel
1705 4023 1876 4074 saltem
1900 4019 2040 4084 gravi
2066 4018 2371 4075 necessitate.
2393 4019 2504 4073 Mol.
2532 4021 2653 4075 Con.
2683 4021 2875 4084 Palaus,

417 4113 529 4165 Bec.
558 4118 649 4164 etc.
678 4109 820 4164 Dian.
849 4125 896 4177 p.
923 4111 972 4163 6.
1001 4116 1035 4162 1.
1067 4109 1112 4161 4.
1140 4122 1181 4161 1.
1212 4111 1298 4161 26.

504 4253 793 4318 Advertit
830 4250 965 4316 heic
1002 4269 1051 4315 s.
1093 4249 1279 4333 Alph.
1314 4269 1375 4313 n.
1414 4250 1565 4314 410.
1602 4267 1849 4332 peccare
1879 4248 2113 4314 milites
2145 4248 2200 4312 si
2231 4246 2579 4333 aufugiant,
2619 4244 2881 4310 victoria

422 4356 697 4424 nondum
737 4355 1086 4438 desperata,
1126 4351 1225 4416 vel
1270 4351 1324 4416 si
1370 4350 1687 4417 discedant
1732 4369 1769 4415 a
1817 4350 2036 4416 castris
2067 4350 2196 4415 sine
2242 4349 2411 4414 iusta
2441 4367 2648 4428 causa,
2682 4347 2884 4413 cuius-
2944 4394 2960 4410 .

427 4459 596 4525 modi
629 4460 791 4524 esset
821 4477 879 4522 v.
914 4475 1007 4541 gr.
1042 4453 1242 4520 sinon
1274 4452 1605 4517 solvuntur
1635 4452 1961 4537 stipendia.
1997 4451 2266 4517 Gravius
2299 4452 2510 4515 autem
2542 4451 2769 4515 crimen
2789 4452 2884 4516 est

430 4561 507 4625 ad
538 4562 749 4626 hostes
780 4558 1189 4642 transfugere.
