<?xml version="1.0" encoding="UTF-8"?>
<!DOCTYPE html PUBLIC "-//W3C//DTD XHTML 1.0 Transitional//EN"
    "http://www.w3.org/TR/xhtml1/DTD/xhtml1-transitional.dtd">
<html xmlns="http://www.w3.org/1999/xhtml" xml:lang="en" lang="en">
 <head>
  <title>
</title>
<meta http-equiv="Content-Type" content="text/html;charset=utf-8" />
  <meta name='ocr-system' content='tesseract 3.04.00' />
  <meta name='ocr-capabilities' content='ocr_page ocr_carea ocr_par ocr_line ocrx_word'/>
</head>
<body>
  <div class='ocr_page' id='page_1' title='image "./opustheologicum00ballgoog/opustheologicum00ballgoog_0127.png"; bbox 0 0 3497 5147; ppageno 0'>
   <div class='ocr_carea' id='block_1_1' title="bbox 718 293 3186 370">
    <p class='ocr_par' dir='ltr' id='par_1_1' title="bbox 718 293 3186 370">
     <span class='ocr_line' id='line_1_1' title="bbox 718 293 3186 370; baseline -0 -21"><span class='ocrx_word' id='word_1_1' title='bbox 718 293 822 349; x_wconf 83' lang='lat'>120</span> <span class='ocrx_word' id='word_1_2' title='bbox 910 307 1123 348; x_wconf 66' lang='lat' dir='ltr'>macr.</span> <span class='ocrx_word' id='word_1_3' title='bbox 1151 309 1206 349; x_wconf 83' lang='lat' dir='ltr'>v.</span> <span class='ocrx_word' id='word_1_4' title='bbox 1235 307 1396 348; x_wconf 73' lang='lat' dir='ltr'>snc‘r.</span> <span class='ocrx_word' id='word_1_5' title='bbox 1424 307 1509 346; x_wconf 89' lang='lat'>111.</span> <span class='ocrx_word' id='word_1_6' title='bbox 1539 307 1624 346; x_wconf 69' lang='lat' dir='ltr'>ma</span> <span class='ocrx_word' id='word_1_7' title='bbox 1662 307 1984 348; x_wconf 65' lang='lat' dir='ltr'>enarrans</span> <span class='ocrx_word' id='word_1_8' title='bbox 2019 307 2408 348; x_wconf 66' lang='grc' dir='ltr'><strong>ΡΒΑΕΟΕιη-ιε.</strong></span> <span class='ocrx_word' id='word_1_9' title='bbox 2438 307 2635 349; x_wconf 76' lang='grc' dir='ltr'>οΑΡυτ</span> <span class='ocrx_word' id='word_1_10' title='bbox 2674 308 2737 350; x_wconf 90' lang='lat'>11.</span> <span class='ocrx_word' id='word_1_11' title='bbox 2766 308 2908 351; x_wconf 77' lang='lat' dir='ltr'>nun.</span> <span class='ocrx_word' id='word_1_12' title='bbox 2937 309 2975 348; x_wconf 89' lang='lat'>1.</span> <span class='ocrx_word' id='word_1_13' title='bbox 3040 294 3186 370; x_wconf 80' lang='lat'>[163]</span> 
     </span>
    </p>
   </div>
   <div class='ocr_carea' id='block_1_2' title="bbox 715 402 3183 1054">
    <p class='ocr_par' dir='ltr' id='par_1_2' title="bbox 715 402 3183 725">
     <span class='ocr_line' id='line_1_2' title="bbox 823 402 3179 470; baseline -0.001 -12"><span class='ocrx_word' id='word_1_14' title='bbox 823 407 951 458; x_wconf 81' lang='lat' dir='ltr'>xlll.</span> <span class='ocrx_word' id='word_1_15' title='bbox 985 406 1030 458; x_wconf 75' lang='lat'>4.</span> <span class='ocrx_word' id='word_1_16' title='bbox 1058 402 1315 458; x_wconf 75' lang='lat' dir='ltr'>Ordinatio</span> <span class='ocrx_word' id='word_1_17' title='bbox 1354 418 1450 456; x_wconf 91' lang='lat' dir='ltr'>non</span> <span class='ocrx_word' id='word_1_18' title='bbox 1491 402 1603 457; x_wconf 82' lang='lat' dir='ltr'>iicet</span> <span class='ocrx_word' id='word_1_19' title='bbox 1644 402 1794 455; x_wconf 79' lang='lat' dir='ltr'>vitam</span> <span class='ocrx_word' id='word_1_20' title='bbox 1827 417 1962 455; x_wconf 87' lang='lat' dir='ltr'>suam</span> <span class='ocrx_word' id='word_1_21' title='bbox 2004 410 2300 470; x_wconf 74' lang='lat' dir='ltr'>postponere</span> <span class='ocrx_word' id='word_1_22' title='bbox 2338 402 2538 456; x_wconf 78' lang='lat' dir='ltr'>alienae.</span> <span class='ocrx_word' id='word_1_23' title='bbox 2568 405 2724 466; x_wconf 81' lang='lat' dir='ltr'>Addo,</span> <span class='ocrx_word' id='word_1_24' title='bbox 2764 402 3015 457; x_wconf 82' lang='lat' dir='ltr'>ordinarie</span> <span class='ocrx_word' id='word_1_25' title='bbox 3027 418 3043 470; x_wconf 78' lang='lat'>3</span> <span class='ocrx_word' id='word_1_26' title='bbox 3068 404 3179 470; x_wconf 85' lang='lat' dir='ltr'>qnia</span> 
     </span>
     <span class='ocr_line' id='line_1_3' title="bbox 716 488 3182 556; baseline 0 -13"><span class='ocrx_word' id='word_1_27' title='bbox 716 491 845 554; x_wconf 82' lang='lat' dir='ltr'>licet,</span> <span class='ocrx_word' id='word_1_28' title='bbox 870 490 912 543; x_wconf 90' lang='lat' dir='ltr'>si</span> <span class='ocrx_word' id='word_1_29' title='bbox 951 489 1013 542; x_wconf 74' lang='lat' dir='ltr'>sit</span> <span class='ocrx_word' id='word_1_30' title='bbox 1050 504 1257 556; x_wconf 82' lang='lat' dir='ltr'>persona</span> <span class='ocrx_word' id='word_1_31' title='bbox 1301 488 1516 555; x_wconf 81' lang='lat' dir='ltr'>publica,</span> <span class='ocrx_word' id='word_1_32' title='bbox 1544 503 1568 540; x_wconf 86' lang='lat' dir='ltr'>a</span> <span class='ocrx_word' id='word_1_33' title='bbox 1596 503 1687 554; x_wconf 86' lang='lat' dir='ltr'>qua</span> <span class='ocrx_word' id='word_1_34' title='bbox 1732 491 1937 541; x_wconf 77' lang='lat' dir='ltr'>multum</span> <span class='ocrx_word' id='word_1_35' title='bbox 1972 492 2172 555; x_wconf 74' lang='lat' dir='ltr'>pendet:</span> <span class='ocrx_word' id='word_1_36' title='bbox 2202 488 2271 542; x_wconf 76' lang='lat' dir='ltr'>uli</span> <span class='ocrx_word' id='word_1_37' title='bbox 2300 488 2444 541; x_wconf 86' lang='lat' dir='ltr'>etiam</span> <span class='ocrx_word' id='word_1_38' title='bbox 2473 504 2560 555; x_wconf 86' lang='lat' dir='ltr'>pro</span> <span class='ocrx_word' id='word_1_39' title='bbox 2590 492 2760 555; x_wconf 81' lang='lat' dir='ltr'>repub.</span> <span class='ocrx_word' id='word_1_40' title='bbox 2791 504 2879 555; x_wconf 85' lang='lat' dir='ltr'>pro</span> <span class='ocrx_word' id='word_1_41' title='bbox 2908 491 3002 542; x_wconf 79' lang='lat' dir='ltr'>nde</span> <span class='ocrx_word' id='word_1_42' title='bbox 3031 497 3079 543; x_wconf 78' lang='lat' dir='ltr'>et</span> <span class='ocrx_word' id='word_1_43' title='bbox 3111 507 3182 544; x_wconf 87' lang='lat' dir='ltr'>re·</span> 
     </span>
     <span class='ocr_line' id='line_1_4' title="bbox 715 572 3183 643; baseline 0 -14"><span class='ocrx_word' id='word_1_44' title='bbox 715 575 892 640; x_wconf 73' lang='lat' dir='ltr'>ugione</span> <span class='ocrx_word' id='word_1_45' title='bbox 930 576 1258 643; x_wconf 72' lang='lat' dir='ltr'>detendenda;</span> <span class='ocrx_word' id='word_1_46' title='bbox 1286 574 1386 627; x_wconf 89' lang='lat' dir='ltr'>imo</span> <span class='ocrx_word' id='word_1_47' title='bbox 1427 574 1574 626; x_wconf 79' lang='lat' dir='ltr'>etiam</span> <span class='ocrx_word' id='word_1_48' title='bbox 1612 588 1703 640; x_wconf 86' lang='lat' dir='ltr'>pro</span> <span class='ocrx_word' id='word_1_49' title='bbox 1742 573 1900 626; x_wconf 83' lang='lat' dir='ltr'>amico</span> <span class='ocrx_word' id='word_1_50' title='bbox 1941 581 2144 640; x_wconf 77' lang='lat' dir='ltr'>propter</span> <span class='ocrx_word' id='word_1_51' title='bbox 2186 576 2340 627; x_wconf 90' lang='lat' dir='ltr'>Deum</span> <span class='ocrx_word' id='word_1_52' title='bbox 2382 572 2576 627; x_wconf 83' lang='lat' dir='ltr'>dilecto.</span> <span class='ocrx_word' id='word_1_53' title='bbox 2605 576 2739 627; x_wconf 90' lang='lat' dir='ltr'>Less.</span> <span class='ocrx_word' id='word_1_54' title='bbox 2769 577 2798 626; x_wconf 90' lang='grc' dir='ltr'>Ι.</span> <span class='ocrx_word' id='word_1_55' title='bbox 2836 576 2881 626; x_wconf 83' lang='grc'>2.</span> <span class='ocrx_word' id='word_1_56' title='bbox 2910 590 2953 627; x_wconf 82' lang='lat' dir='ltr'>c.</span> <span class='ocrx_word' id='word_1_57' title='bbox 2984 577 3032 626; x_wconf 82' lang='lat'>9.</span> <span class='ocrx_word' id='word_1_58' title='bbox 3060 577 3108 628; x_wconf 87' lang='lat' dir='ltr'>d.</span> <span class='ocrx_word' id='word_1_59' title='bbox 3133 580 3183 629; x_wconf 88' lang='grc'>6.</span> 
     </span>
     <span class='ocr_line' id='line_1_5' title="bbox 716 663 1016 725; baseline 0.003 -12"><span class='ocrx_word' id='word_1_60' title='bbox 716 663 885 725; x_wconf 66' lang='lat' dir='ltr'>haym.</span> <span class='ocrx_word' id='word_1_61' title='bbox 915 664 947 711; x_wconf 88' lang='grc' dir='ltr'><strong>ι.</strong></span> <span class='ocrx_word' id='word_1_62' title='bbox 973 675 1016 714; x_wconf 83' lang='lat' dir='ltr'>c.</span> 
     </span>
    </p>

    <p class='ocr_par' dir='ltr' id='par_1_3' title="bbox 716 765 3183 952">
     <span class='ocr_line' id='line_1_6' title="bbox 804 765 3183 851; baseline 0 -19"><span class='ocrx_word' id='word_1_63' title='bbox 804 767 1064 848; x_wconf 83' lang='lat' dir='ltr'>Quando</span> <span class='ocrx_word' id='word_1_64' title='bbox 1096 767 1284 831; x_wconf 89' lang='lat' dir='ltr'>liceat</span> <span class='ocrx_word' id='word_1_65' title='bbox 1315 767 1413 830; x_wconf 83' lang='lat' dir='ltr'>vel</span> <span class='ocrx_word' id='word_1_66' title='bbox 1447 770 1669 849; x_wconf 86' lang='lat' dir='ltr'>urgeat</span> <span class='ocrx_word' id='word_1_67' title='bbox 1691 767 1994 851; x_wconf 79' lang='lat' dir='ltr'>obligatio</span> <span class='ocrx_word' id='word_1_68' title='bbox 2020 765 2427 849; x_wconf 90' lang='lat' dir='ltr'>postponendi</span> <span class='ocrx_word' id='word_1_69' title='bbox 2451 767 2765 849; x_wconf 82' lang='lat' dir='ltr'>propriam</span> <span class='ocrx_word' id='word_1_70' title='bbox 2790 768 2990 832; x_wconf 86' lang='lat' dir='ltr'>vitam</span> <span class='ocrx_word' id='word_1_71' title='bbox 3012 769 3183 833; x_wconf 80' lang='lat' dir='ltr'>vitae</span> 
     </span>
     <span class='ocr_line' id='line_1_7' title="bbox 716 866 3092 952; baseline -0.001 -17"><span class='ocrx_word' id='word_1_72' title='bbox 716 872 974 946; x_wconf 87' lang='lat' dir='ltr'>alienae,</span> <span class='ocrx_word' id='word_1_73' title='bbox 1010 869 1235 934; x_wconf 90' lang='lat' dir='ltr'>melius</span> <span class='ocrx_word' id='word_1_74' title='bbox 1258 869 1635 952; x_wconf 89' lang='lat' dir='ltr'>disputatur,</span> <span class='ocrx_word' id='word_1_75' title='bbox 1670 869 1780 932; x_wconf 88' lang='lat' dir='ltr'>ubi</span> <span class='ocrx_word' id='word_1_76' title='bbox 1804 869 1878 932; x_wconf 89' lang='lat' dir='ltr'>de</span> <span class='ocrx_word' id='word_1_77' title='bbox 1911 869 1986 931; x_wconf 92' lang='lat' dir='ltr'>V.</span> <span class='ocrx_word' id='word_1_78' title='bbox 2027 869 2386 951; x_wconf 88' lang='lat' dir='ltr'>Praecepto.</span> <span class='ocrx_word' id='word_1_79' title='bbox 2421 866 2514 932; x_wconf 89' lang='lat' dir='ltr'>Cf.</span> <span class='ocrx_word' id='word_1_80' title='bbox 2548 868 2635 931; x_wconf 90' lang='lat' dir='ltr'>ibi</span> <span class='ocrx_word' id='word_1_81' title='bbox 2668 868 2943 933; x_wconf 90' lang='lat' dir='ltr'>Dubium</span> <span class='ocrx_word' id='word_1_82' title='bbox 2985 871 3092 933; x_wconf 75' lang='lat'><strong>3¹¹².</strong></span> 
     </span>
    </p>

    <p class='ocr_par' dir='ltr' id='par_1_4' title="bbox 804 969 3180 1054">
     <span class='ocr_line' id='line_1_8' title="bbox 804 969 3180 1054; baseline -0.001 -16"><span class='ocrx_word' id='word_1_83' title='bbox 804 973 902 1037; x_wconf 88' lang='lat' dir='ltr'>An</span> <span class='ocrx_word' id='word_1_84' title='bbox 949 973 1135 1037; x_wconf 89' lang='lat' dir='ltr'>liceat</span> <span class='ocrx_word' id='word_1_85' title='bbox 1166 990 1230 1035; x_wconf 88' lang='lat' dir='ltr'>se</span> <span class='ocrx_word' id='word_1_86' title='bbox 1267 972 1474 1053; x_wconf 88' lang='lat' dir='ltr'>ipsum</span> <span class='ocrx_word' id='word_1_87' title='bbox 1504 969 1824 1048; x_wconf 81' lang='lat' dir='ltr'>infamare,</span> <span class='ocrx_word' id='word_1_88' title='bbox 1866 971 2138 1035; x_wconf 89' lang='lat' dir='ltr'>dicemus</span> <span class='ocrx_word' id='word_1_89' title='bbox 2171 990 2313 1034; x_wconf 91' lang='lat' dir='ltr'>cum</span> <span class='ocrx_word' id='word_1_90' title='bbox 2344 970 2615 1034; x_wconf 90' lang='lat' dir='ltr'>Auctore</span> <span class='ocrx_word' id='word_1_91' title='bbox 2646 971 2708 1033; x_wconf 88' lang='lat' dir='ltr'>in</span> <span class='ocrx_word' id='word_1_92' title='bbox 2740 970 3077 1054; x_wconf 89' lang='lat' dir='ltr'>Praecepto</span> <span class='ocrx_word' id='word_1_93' title='bbox 3112 969 3180 1035; x_wconf 87' lang='lat'>8⁰</span> 
     </span>
    </p>
   </div>
   <div class='ocr_carea' id='block_1_3' title="bbox 718 1076 1083 1158">
    <p class='ocr_par' dir='ltr' id='par_1_5' title="bbox 718 1076 1083 1158">
     <span class='ocr_line' id='line_1_9' title="bbox 718 1076 1083 1158; baseline -0.005 -18"><span class='ocrx_word' id='word_1_94' title='bbox 718 1077 777 1158; x_wconf 65' lang='lat'>§-</span> <span class='ocrx_word' id='word_1_95' title='bbox 818 1076 1083 1139; x_wconf 82' lang='lat' dir='ltr'>xxvn.</span> 
     </span>
    </p>
   </div>
   <div class='ocr_carea' id='block_1_4' title="bbox 712 1205 3179 1865">
    <p class='ocr_par' dir='ltr' id='par_1_6' title="bbox 712 1205 3179 1865">
     <span class='ocr_line' id='line_1_10' title="bbox 825 1205 3176 1273; baseline 0 -14"><span class='ocrx_word' id='word_1_96' title='bbox 825 1208 957 1259; x_wconf 76' lang='lat' dir='ltr'>xlv.</span> <span class='ocrx_word' id='word_1_97' title='bbox 987 1210 1131 1272; x_wconf 82' lang='lat' dir='ltr'>Resp.</span> <span class='ocrx_word' id='word_1_98' title='bbox 1161 1209 1210 1259; x_wconf 82' lang='lat'>2.</span> <span class='ocrx_word' id='word_1_99' title='bbox 1238 1208 1409 1273; x_wconf 81' lang='lat' dir='ltr'>Quoad</span> <span class='ocrx_word' id='word_1_100' title='bbox 1437 1206 1688 1272; x_wconf 80' lang='lat' dir='ltr'>proximos</span> <span class='ocrx_word' id='word_1_101' title='bbox 1725 1205 1852 1258; x_wconf 74' lang='lat' dir='ltr'>inter</span> <span class='ocrx_word' id='word_1_102' title='bbox 1891 1221 1943 1258; x_wconf 92' lang='lat' dir='ltr'>se</span> <span class='ocrx_word' id='word_1_103' title='bbox 1970 1208 2243 1259; x_wconf 81' lang='lat' dir='ltr'>servandus</span> <span class='ocrx_word' id='word_1_104' title='bbox 2282 1215 2355 1259; x_wconf 75' lang='lat' dir='ltr'>est</span> <span class='ocrx_word' id='word_1_105' title='bbox 2395 1207 2472 1259; x_wconf 88' lang='lat' dir='ltr'>bic</span> <span class='ocrx_word' id='word_1_106' title='bbox 2510 1208 2650 1258; x_wconf 81' lang='lat' dir='ltr'>ordo,</span> <span class='ocrx_word' id='word_1_107' title='bbox 2687 1209 2727 1258; x_wconf 85' lang='grc' dir='ltr'>Ι.</span> <span class='ocrx_word' id='word_1_108' title='bbox 2753 1207 2849 1273; x_wconf 88' lang='lat' dir='ltr'>Qui</span> <span class='ocrx_word' id='word_1_109' title='bbox 2885 1207 3060 1260; x_wconf 83' lang='lat' dir='ltr'>melior</span> <span class='ocrx_word' id='word_1_110' title='bbox 3086 1214 3176 1270; x_wconf 77' lang='lat' dir='ltr'>est,</span> 
     </span>
     <span class='ocr_line' id='line_1_11' title="bbox 715 1289 3175 1357; baseline -0 -13"><span class='ocrx_word' id='word_1_111' title='bbox 715 1290 868 1355; x_wconf 74' lang='lat' dir='ltr'>magis</span> <span class='ocrx_word' id='word_1_112' title='bbox 905 1290 1180 1355; x_wconf 78' lang='lat' dir='ltr'>diligendus</span> <span class='ocrx_word' id='word_1_113' title='bbox 1217 1299 1293 1344; x_wconf 78' lang='lat' dir='ltr'>est</span> <span class='ocrx_word' id='word_1_114' title='bbox 1328 1305 1384 1344; x_wconf 89' lang='lat' dir='ltr'>ea</span> <span class='ocrx_word' id='word_1_115' title='bbox 1424 1290 1698 1352; x_wconf 75' lang='lat' dir='ltr'>dilectione,</span> <span class='ocrx_word' id='word_1_116' title='bbox 1727 1304 1869 1354; x_wconf 80' lang='lat' dir='ltr'>quam</span> <span class='ocrx_word' id='word_1_117' title='bbox 1910 1290 2170 1343; x_wconf 75' lang='lat' dir='ltr'>comitatur</span> <span class='ocrx_word' id='word_1_118' title='bbox 2208 1289 2437 1354; x_wconf 74' lang='lat' dir='ltr'>gaudium</span> <span class='ocrx_word' id='word_1_119' title='bbox 2477 1290 2606 1344; x_wconf 82' lang='lat' dir='ltr'>circa</span> <span class='ocrx_word' id='word_1_120' title='bbox 2636 1293 2758 1343; x_wconf 86' lang='lat' dir='ltr'>bona</span> <span class='ocrx_word' id='word_1_121' title='bbox 2789 1306 3033 1357; x_wconf 80' lang='lat' dir='ltr'>possessa,</span> <span class='ocrx_word' id='word_1_122' title='bbox 3059 1291 3175 1345; x_wconf 83' lang='lat' dir='ltr'>item</span> 
     </span>
     <span class='ocr_line' id='line_1_12' title="bbox 715 1375 3178 1442; baseline -0 -12"><span class='ocrx_word' id='word_1_123' title='bbox 715 1381 885 1438; x_wconf 85' lang='lat' dir='ltr'>bonor,</span> <span class='ocrx_word' id='word_1_124' title='bbox 911 1378 1073 1430; x_wconf 81' lang='lat' dir='ltr'>cultus</span> <span class='ocrx_word' id='word_1_125' title='bbox 1097 1382 1148 1429; x_wconf 74' lang='lat' dir='ltr'>et</span> <span class='ocrx_word' id='word_1_126' title='bbox 1182 1375 1477 1429; x_wconf 81' lang='lat' dir='ltr'>reverentia.</span> <span class='ocrx_word' id='word_1_127' title='bbox 1506 1375 1586 1428; x_wconf 84' lang='lat' dir='ltr'>Sic</span> <span class='ocrx_word' id='word_1_128' title='bbox 1611 1389 1660 1426; x_wconf 81' lang='lat' dir='ltr'>v.</span> <span class='ocrx_word' id='word_1_129' title='bbox 1689 1389 1762 1437; x_wconf 85' lang='lat' dir='ltr'>gr.</span> <span class='ocrx_word' id='word_1_130' title='bbox 1792 1378 1901 1441; x_wconf 81' lang='lat' dir='ltr'>plus</span> <span class='ocrx_word' id='word_1_131' title='bbox 1940 1375 2214 1438; x_wconf 72' lang='lat' dir='ltr'>diligendus</span> <span class='ocrx_word' id='word_1_132' title='bbox 2251 1381 2326 1429; x_wconf 82' lang='lat' dir='ltr'>est</span> <span class='ocrx_word' id='word_1_133' title='bbox 2364 1376 2441 1428; x_wconf 89' lang='lat' dir='ltr'>vir</span> <span class='ocrx_word' id='word_1_134' title='bbox 2478 1382 2691 1438; x_wconf 76' lang='lat' dir='ltr'>sanctus,</span> <span class='ocrx_word' id='word_1_135' title='bbox 2710 1389 2854 1440; x_wconf 87' lang='lat' dir='ltr'>quam</span> <span class='ocrx_word' id='word_1_136' title='bbox 2884 1391 3059 1442; x_wconf 85' lang='lat' dir='ltr'>parens</span> <span class='ocrx_word' id='word_1_137' title='bbox 3092 1375 3178 1429; x_wconf 87' lang='lat' dir='ltr'>im·</span> 
     </span>
     <span class='ocr_line' id='line_1_13' title="bbox 716 1459 3176 1527; baseline 0 -13"><span class='ocrx_word' id='word_1_138' title='bbox 716 1465 913 1527; x_wconf 84' lang='lat' dir='ltr'>probus.</span> <span class='ocrx_word' id='word_1_139' title='bbox 944 1460 1106 1527; x_wconf 77' lang='lat' dir='ltr'>Ratio,</span> <span class='ocrx_word' id='word_1_140' title='bbox 1126 1461 1239 1526; x_wconf 84' lang='lat' dir='ltr'>quia</span> <span class='ocrx_word' id='word_1_141' title='bbox 1267 1468 1341 1513; x_wconf 76' lang='lat' dir='ltr'>est</span> <span class='ocrx_word' id='word_1_142' title='bbox 1369 1460 1520 1525; x_wconf 81' lang='lat' dir='ltr'>magis</span> <span class='ocrx_word' id='word_1_143' title='bbox 1545 1459 1837 1513; x_wconf 80' lang='lat' dir='ltr'>coniunctus</span> <span class='ocrx_word' id='word_1_144' title='bbox 1862 1475 1971 1513; x_wconf 87' lang='lat' dir='ltr'>cum</span> <span class='ocrx_word' id='word_1_145' title='bbox 1999 1459 2265 1527; x_wconf 82' lang='lat' dir='ltr'>praecipuo</span> <span class='ocrx_word' id='word_1_146' title='bbox 2292 1460 2487 1514; x_wconf 80' lang='lat' dir='ltr'>obiecto</span> <span class='ocrx_word' id='word_1_147' title='bbox 2513 1459 2747 1527; x_wconf 73' lang='lat' dir='ltr'>caritatiS,</span> <span class='ocrx_word' id='word_1_148' title='bbox 2770 1463 2898 1525; x_wconf 82' lang='lat' dir='ltr'>quod</span> <span class='ocrx_word' id='word_1_149' title='bbox 2928 1469 3003 1514; x_wconf 75' lang='lat' dir='ltr'>est</span> <span class='ocrx_word' id='word_1_150' title='bbox 3029 1463 3176 1515; x_wconf 78' lang='lat' dir='ltr'>Deus.</span> 
     </span>
     <span class='ocr_line' id='line_1_14' title="bbox 713 1544 3177 1613; baseline 0.001 -15"><span class='ocrx_word' id='word_1_151' title='bbox 713 1549 833 1599; x_wconf 79' lang='lat' dir='ltr'>item</span> <span class='ocrx_word' id='word_1_152' title='bbox 859 1554 1087 1613; x_wconf 77' lang='lat' dir='ltr'>parentes</span> <span class='ocrx_word' id='word_1_153' title='bbox 1124 1544 1292 1609; x_wconf 77' lang='lat' dir='ltr'>magis,</span> <span class='ocrx_word' id='word_1_154' title='bbox 1319 1561 1463 1611; x_wconf 81' lang='lat' dir='ltr'>quam</span> <span class='ocrx_word' id='word_1_155' title='bbox 1491 1544 1577 1598; x_wconf 85' lang='lat' dir='ltr'>sslii</span> <span class='ocrx_word' id='word_1_156' title='bbox 1607 1548 1681 1597; x_wconf 75' lang='lat' dir='ltr'>vel</span> <span class='ocrx_word' id='word_1_157' title='bbox 1724 1559 1850 1597; x_wconf 87' lang='lat' dir='ltr'>uxor</span> <span class='ocrx_word' id='word_1_158' title='bbox 1879 1545 2129 1609; x_wconf 79' lang='lat' dir='ltr'>magisque</span> <span class='ocrx_word' id='word_1_159' title='bbox 2157 1548 2507 1608; x_wconf 73' lang='lat' dir='ltr'>benetactoreS,</span> <span class='ocrx_word' id='word_1_160' title='bbox 2529 1560 2670 1611; x_wconf 86' lang='lat' dir='ltr'>quam</span> <span class='ocrx_word' id='word_1_161' title='bbox 2698 1544 2750 1610; x_wconf 86' lang='lat' dir='ltr'>ii,</span> <span class='ocrx_word' id='word_1_162' title='bbox 2781 1545 2962 1611; x_wconf 88' lang='lat' dir='ltr'>quibus</span> <span class='ocrx_word' id='word_1_163' title='bbox 2989 1550 3177 1600; x_wconf 72' lang='lat' dir='ltr'>benefe-</span> 
     </span>
     <span class='ocr_line' id='line_1_15' title="bbox 712 1628 3177 1696; baseline -0 -12"><span class='ocrx_word' id='word_1_164' title='bbox 712 1630 884 1685; x_wconf 72' lang='lat' dir='ltr'>cimus».</span> <span class='ocrx_word' id='word_1_165' title='bbox 912 1634 1082 1696; x_wconf 83' lang='lat' dir='ltr'>Laym.</span> <span class='ocrx_word' id='word_1_166' title='bbox 1106 1634 1137 1684; x_wconf 90' lang='grc'>1.</span> <span class='ocrx_word' id='word_1_167' title='bbox 1164 1647 1205 1684; x_wconf 91' lang='lat' dir='ltr'>c.</span> <span class='ocrx_word' id='word_1_168' title='bbox 1238 1637 1285 1683; x_wconf 81' lang='lat' dir='ltr'>et</span> <span class='ocrx_word' id='word_1_169' title='bbox 1309 1645 1486 1683; x_wconf 87' lang='lat' dir='ltr'>comm.</span> <span class='ocrx_word' id='word_1_170' title='bbox 1513 1634 1561 1683; x_wconf 83' lang='grc'>2.</span> <span class='ocrx_word' id='word_1_171' title='bbox 1597 1628 1936 1696; x_wconf 72' lang='lat' dir='ltr'>Appretiative</span> <span class='ocrx_word' id='word_1_172' title='bbox 1970 1637 2018 1682; x_wconf 82' lang='lat' dir='ltr'>et</span> <span class='ocrx_word' id='word_1_173' title='bbox 2056 1628 2317 1682; x_wconf 83' lang='lat' dir='ltr'>dilectione</span> <span class='ocrx_word' id='word_1_174' title='bbox 2351 1645 2423 1692; x_wconf 83' lang='lat' dir='ltr'>ea,</span> <span class='ocrx_word' id='word_1_175' title='bbox 2452 1644 2544 1695; x_wconf 85' lang='lat' dir='ltr'>qua</span> <span class='ocrx_word' id='word_1_176' title='bbox 2574 1628 2715 1682; x_wconf 77' lang='lat' dir='ltr'>alteri</span> <span class='ocrx_word' id='word_1_177' title='bbox 2743 1637 2971 1696; x_wconf 79' lang='lat' dir='ltr'>optamus</span> <span class='ocrx_word' id='word_1_178' title='bbox 2998 1633 3177 1683; x_wconf 88' lang='lat' dir='ltr'>bonum</span> 
     </span>
     <span class='ocr_line' id='line_1_16' title="bbox 714 1713 3179 1781; baseline 0 -13"><span class='ocrx_word' id='word_1_179' title='bbox 714 1718 928 1768; x_wconf 88' lang='lat' dir='ltr'>nondum</span> <span class='ocrx_word' id='word_1_180' title='bbox 957 1729 1253 1781; x_wconf 88' lang='lat' dir='ltr'>possessum,</span> <span class='ocrx_word' id='word_1_181' title='bbox 1275 1730 1383 1768; x_wconf 88' lang='lat' dir='ltr'>cum</span> <span class='ocrx_word' id='word_1_182' title='bbox 1411 1713 1747 1777; x_wconf 76' lang='lat' dir='ltr'>beneficentia,</span> <span class='ocrx_word' id='word_1_183' title='bbox 1765 1713 1918 1778; x_wconf 75' lang='lat' dir='ltr'>magis</span> <span class='ocrx_word' id='word_1_184' title='bbox 1944 1713 2175 1778; x_wconf 77' lang='lat' dir='ltr'>diligendi</span> <span class='ocrx_word' id='word_1_185' title='bbox 2203 1722 2315 1767; x_wconf 74' lang='lat' dir='ltr'>sunt</span> <span class='ocrx_word' id='word_1_186' title='bbox 2342 1713 2391 1778; x_wconf 91' lang='lat' dir='ltr'>ii,</span> <span class='ocrx_word' id='word_1_187' title='bbox 2409 1715 2489 1780; x_wconf 87' lang='lat' dir='ltr'>qui</span> <span class='ocrx_word' id='word_1_188' title='bbox 2512 1713 2653 1767; x_wconf 86' lang='lat' dir='ltr'>nobis</span> <span class='ocrx_word' id='word_1_189' title='bbox 2678 1722 2790 1768; x_wconf 81' lang='lat' dir='ltr'>sunt</span> <span class='ocrx_word' id='word_1_190' title='bbox 2816 1715 3179 1768; x_wconf 78' lang='lat' dir='ltr'>coniunctiores</span> 
     </span>
     <span class='ocr_line' id='line_1_17' title="bbox 712 1798 2974 1865; baseline 0 -13"><span class='ocrx_word' id='word_1_191' title='bbox 712 1802 874 1865; x_wconf 84' lang='lat' dir='ltr'>quoad</span> <span class='ocrx_word' id='word_1_192' title='bbox 913 1813 971 1852; x_wconf 87' lang='lat' dir='ltr'>ea</span> <span class='ocrx_word' id='word_1_193' title='bbox 1009 1802 1153 1863; x_wconf 84' lang='lat' dir='ltr'>bona,</span> <span class='ocrx_word' id='word_1_194' title='bbox 1179 1814 1305 1864; x_wconf 84' lang='lat' dir='ltr'>quae</span> <span class='ocrx_word' id='word_1_195' title='bbox 1342 1806 1456 1853; x_wconf 79' lang='lat' dir='ltr'>sunt</span> <span class='ocrx_word' id='word_1_196' title='bbox 1493 1799 1656 1852; x_wconf 80' lang='lat' dir='ltr'>debita</span> <span class='ocrx_word' id='word_1_197' title='bbox 1696 1799 1780 1852; x_wconf 80' lang='lat' dir='ltr'>tali</span> <span class='ocrx_word' id='word_1_198' title='bbox 1818 1798 2147 1852; x_wconf 79' lang='lat' dir='ltr'>coniunctioni</span> <span class='ocrx_word' id='word_1_199' title='bbox 2184 1807 2231 1853; x_wconf 79' lang='lat' dir='ltr'>et</span> <span class='ocrx_word' id='word_1_200' title='bbox 2269 1799 2317 1852; x_wconf 89' lang='lat' dir='ltr'>in</span> <span class='ocrx_word' id='word_1_201' title='bbox 2357 1798 2534 1864; x_wconf 85' lang='lat' dir='ltr'>quibus</span> <span class='ocrx_word' id='word_1_202' title='bbox 2571 1803 2692 1854; x_wconf 80' lang='lat' dir='ltr'>haec</span> <span class='ocrx_word' id='word_1_203' title='bbox 2730 1801 2974 1853; x_wconf 75' lang='lat' dir='ltr'>tundatur.</span> 
     </span>
    </p>
   </div>
   <div class='ocr_carea' id='block_1_5' title="bbox 706 1918 3179 4673">
    <p class='ocr_par' dir='ltr' id='par_1_7' title="bbox 711 1918 3179 3130">
     <span class='ocr_line' id='line_1_18' title="bbox 805 1918 3179 2003; baseline 0.001 -18"><span class='ocrx_word' id='word_1_204' title='bbox 805 1918 958 1992; x_wconf 75' lang='grc'><strong>163.</strong></span> <span class='ocrx_word' id='word_1_205' title='bbox 1009 1921 1227 2000; x_wconf 81' lang='lat' dir='ltr'>Quoad</span> <span class='ocrx_word' id='word_1_206' title='bbox 1276 1921 1554 1986; x_wconf 88' lang='lat' dir='ltr'>ordinem</span> <span class='ocrx_word' id='word_1_207' title='bbox 1602 1922 1973 1984; x_wconf 85' lang='lat' dir='ltr'>servandum</span> <span class='ocrx_word' id='word_1_208' title='bbox 2033 1922 2195 1984; x_wconf 89' lang='lat' dir='ltr'>inter</span> <span class='ocrx_word' id='word_1_209' title='bbox 2242 1922 2574 2003; x_wconf 82' lang='lat' dir='ltr'>proximos,</span> <span class='ocrx_word' id='word_1_210' title='bbox 2624 1922 2851 1986; x_wconf 85' lang='lat' dir='ltr'>clarius</span> <span class='ocrx_word' id='word_1_211' title='bbox 2900 1922 3179 1987; x_wconf 86' lang='lat' dir='ltr'>doctrina</span> 
     </span>
     <span class='ocr_line' id='line_1_19' title="bbox 714 2023 3178 2108; baseline 0 -19"><span class='ocrx_word' id='word_1_212' title='bbox 714 2024 1007 2089; x_wconf 80' lang='lat' dir='ltr'>Auctoris</span> <span class='ocrx_word' id='word_1_213' title='bbox 1056 2025 1423 2107; x_wconf 76' lang='lat' dir='ltr'>proponitur</span> <span class='ocrx_word' id='word_1_214' title='bbox 1469 2044 1504 2087; x_wconf 91' lang='lat' dir='ltr'>a</span> <span class='ocrx_word' id='word_1_215' title='bbox 1551 2024 1892 2108; x_wconf 76' lang='lat' dir='ltr'>Laymann,</span> <span class='ocrx_word' id='word_1_216' title='bbox 1933 2023 2094 2087; x_wconf 88' lang='lat' dir='ltr'>unde</span> <span class='ocrx_word' id='word_1_217' title='bbox 2141 2024 2378 2088; x_wconf 78' lang='lat' dir='ltr'>Auctor</span> <span class='ocrx_word' id='word_1_218' title='bbox 2410 2023 2772 2108; x_wconf 83' lang='lat' dir='ltr'>desumpsit.</span> <span class='ocrx_word' id='word_1_219' title='bbox 2831 2051 2865 2083; x_wconf 64' lang='grc' dir='ltr'>ει</span> <span class='ocrx_word' id='word_1_220' title='bbox 2898 2026 2986 2089; x_wconf 88' lang='lat' dir='ltr'>Ea</span> <span class='ocrx_word' id='word_1_221' title='bbox 3033 2026 3178 2089; x_wconf 84' lang='lat' dir='ltr'>dile-</span> 
     </span>
     <span class='ocr_line' id='line_1_20' title="bbox 715 2126 3175 2211; baseline 0.001 -21"><span class='ocrx_word' id='word_1_222' title='bbox 715 2126 938 2204; x_wconf 84' lang='lat' dir='ltr'>ctione,</span> <span class='ocrx_word' id='word_1_223' title='bbox 989 2146 1179 2209; x_wconf 87' lang='lat' dir='ltr'>quam</span> <span class='ocrx_word' id='word_1_224' title='bbox 1240 2126 1578 2191; x_wconf 88' lang='lat' dir='ltr'>comitatur</span> <span class='ocrx_word' id='word_1_225' title='bbox 1641 2126 2081 2208; x_wconf 89' lang='lat' dir='ltr'>complacitum</span> <span class='ocrx_word' id='word_1_226' title='bbox 2144 2144 2251 2189; x_wconf 87' lang='lat' dir='ltr'>seu</span> <span class='ocrx_word' id='word_1_227' title='bbox 2307 2127 2609 2211; x_wconf 90' lang='lat' dir='ltr'>gaudium</span> <span class='ocrx_word' id='word_1_228' title='bbox 2654 2128 2717 2191; x_wconf 91' lang='lat' dir='ltr'>in</span> <span class='ocrx_word' id='word_1_229' title='bbox 2766 2129 2927 2192; x_wconf 90' lang='lat' dir='ltr'>bono</span> <span class='ocrx_word' id='word_1_230' title='bbox 2977 2128 3175 2192; x_wconf 83' lang='lat' dir='ltr'>alieno</span> 
     </span>
     <span class='ocr_line' id='line_1_21' title="bbox 715 2228 3175 2314; baseline 0 -20"><span class='ocrx_word' id='word_1_231' title='bbox 715 2248 996 2313; x_wconf 82' lang='lat' dir='ltr'>possesso</span> <span class='ocrx_word' id='word_1_232' title='bbox 1043 2229 1317 2312; x_wconf 89' lang='lat' dir='ltr'>itemque</span> <span class='ocrx_word' id='word_1_233' title='bbox 1364 2248 1551 2311; x_wconf 89' lang='lat' dir='ltr'>quam</span> <span class='ocrx_word' id='word_1_234' title='bbox 1593 2228 1931 2292; x_wconf 82' lang='lat' dir='ltr'>comitatur</span> <span class='ocrx_word' id='word_1_235' title='bbox 1967 2228 2183 2306; x_wconf 91' lang='lat' dir='ltr'>honor,</span> <span class='ocrx_word' id='word_1_236' title='bbox 2225 2229 2450 2306; x_wconf 85' lang='lat' dir='ltr'>cultus,</span> <span class='ocrx_word' id='word_1_237' title='bbox 2492 2231 2854 2309; x_wconf 83' lang='lat' dir='ltr'>reverentia,</span> <span class='ocrx_word' id='word_1_238' title='bbox 2891 2232 2936 2294; x_wconf 90' lang='lat' dir='ltr'>ii</span> <span class='ocrx_word' id='word_1_239' title='bbox 2975 2231 3175 2314; x_wconf 82' lang='lat' dir='ltr'>magis</span> 
     </span>
     <span class='ocr_line' id='line_1_22' title="bbox 713 2330 3171 2416; baseline 0 -20"><span class='ocrx_word' id='word_1_240' title='bbox 713 2332 1011 2416; x_wconf 89' lang='lat' dir='ltr'>diligendi</span> <span class='ocrx_word' id='word_1_241' title='bbox 1033 2332 1182 2397; x_wconf 89' lang='lat' dir='ltr'>sunt</span> <span class='ocrx_word' id='word_1_242' title='bbox 1204 2332 1312 2413; x_wconf 90' lang='lat' dir='ltr'>qui</span> <span class='ocrx_word' id='word_1_243' title='bbox 1334 2331 1620 2396; x_wconf 89' lang='lat' dir='ltr'>meliores</span> <span class='ocrx_word' id='word_1_244' title='bbox 1647 2350 1716 2393; x_wconf 88' lang='lat' dir='ltr'>ac</span> <span class='ocrx_word' id='word_1_245' title='bbox 1735 2331 1865 2394; x_wconf 92' lang='lat' dir='ltr'>Deo</span> <span class='ocrx_word' id='word_1_246' title='bbox 1891 2330 2218 2394; x_wconf 84' lang='lat' dir='ltr'>similiores</span> <span class='ocrx_word' id='word_1_247' title='bbox 2244 2332 2408 2409; x_wconf 89' lang='lat' dir='ltr'>sunt,</span> <span class='ocrx_word' id='word_1_248' title='bbox 2431 2333 2681 2396; x_wconf 89' lang='lat' dir='ltr'>auctore</span> <span class='ocrx_word' id='word_1_249' title='bbox 2708 2352 2756 2396; x_wconf 78' lang='lat' dir='ltr'>s,</span> <span class='ocrx_word' id='word_1_250' title='bbox 2776 2333 3017 2398; x_wconf 91' lang='lat' dir='ltr'>Thoma</span> <span class='ocrx_word' id='word_1_251' title='bbox 3037 2337 3098 2398; x_wconf 83' lang='lat'>2.</span> <span class='ocrx_word' id='word_1_252' title='bbox 3114 2336 3171 2397; x_wconf 83' lang='lat'>2.</span> 
     </span>
     <span class='ocr_line' id='line_1_23' title="bbox 715 2431 3173 2520; baseline 0.001 -23"><span class='ocrx_word' id='word_1_253' title='bbox 715 2454 774 2516; x_wconf 93' lang='lat' dir='ltr'>q.</span> <span class='ocrx_word' id='word_1_254' title='bbox 812 2435 916 2498; x_wconf 84' lang='grc'>26.</span> <span class='ocrx_word' id='word_1_255' title='bbox 954 2436 1070 2499; x_wconf 90' lang='lat' dir='ltr'>art.</span> <span class='ocrx_word' id='word_1_256' title='bbox 1116 2435 1173 2498; x_wconf 85' lang='lat'>7.</span> <span class='ocrx_word' id='word_1_257' title='bbox 1202 2435 1261 2497; x_wconf 82' lang='lat'>8.</span> <span class='ocrx_word' id='word_1_258' title='bbox 1290 2435 1350 2497; x_wconf 87' lang='grc'><strong>9.</strong></span> <span class='ocrx_word' id='word_1_259' title='bbox 1379 2432 1471 2497; x_wconf 92' lang='lat' dir='ltr'>Ob</span> <span class='ocrx_word' id='word_1_260' title='bbox 1509 2433 1884 2513; x_wconf 87' lang='lat' dir='ltr'>eandemque</span> <span class='ocrx_word' id='word_1_261' title='bbox 1915 2431 2221 2496; x_wconf 89' lang='lat' dir='ltr'>rationem</span> <span class='ocrx_word' id='word_1_262' title='bbox 2268 2435 2551 2516; x_wconf 86' lang='lat' dir='ltr'>parentes</span> <span class='ocrx_word' id='word_1_263' title='bbox 2590 2436 2812 2520; x_wconf 78' lang='lat' dir='ltr'>magiS,</span> <span class='ocrx_word' id='word_1_264' title='bbox 2840 2455 3030 2517; x_wconf 90' lang='lat' dir='ltr'>quam</span> <span class='ocrx_word' id='word_1_265' title='bbox 3062 2435 3173 2500; x_wconf 87' lang='lat' dir='ltr'>filii</span> 
     </span>
     <span class='ocr_line' id='line_1_24' title="bbox 713 2535 3169 2621; baseline 0.001 -20"><span class='ocrx_word' id='word_1_266' title='bbox 713 2538 779 2602; x_wconf 89' lang='lat' dir='ltr'>et</span> <span class='ocrx_word' id='word_1_267' title='bbox 825 2557 979 2603; x_wconf 84' lang='lat' dir='ltr'>uxor</span> <span class='ocrx_word' id='word_1_268' title='bbox 1026 2538 1349 2621; x_wconf 86' lang='lat' dir='ltr'>magisque</span> <span class='ocrx_word' id='word_1_269' title='bbox 1396 2535 1813 2599; x_wconf 80' lang='lat' dir='ltr'>benefactores</span> <span class='ocrx_word' id='word_1_270' title='bbox 1863 2553 2050 2616; x_wconf 84' lang='lat' dir='ltr'>quam</span> <span class='ocrx_word' id='word_1_271' title='bbox 2098 2535 2160 2611; x_wconf 84' lang='lat' dir='ltr'>ii,</span> <span class='ocrx_word' id='word_1_272' title='bbox 2212 2535 2435 2619; x_wconf 90' lang='lat' dir='ltr'>quibus</span> <span class='ocrx_word' id='word_1_273' title='bbox 2481 2536 2910 2602; x_wconf 85' lang='lat' dir='ltr'>benefecimus.</span> <span class='ocrx_word' id='word_1_274' title='bbox 2963 2538 3169 2618; x_wconf 85' lang='lat' dir='ltr'>Ratio,</span> 
     </span>
     <span class='ocr_line' id='line_1_25' title="bbox 714 2637 3172 2722; baseline 0.001 -19"><span class='ocrx_word' id='word_1_275' title='bbox 714 2640 863 2722; x_wconf 89' lang='lat' dir='ltr'>quia</span> <span class='ocrx_word' id='word_1_276' title='bbox 893 2640 1194 2703; x_wconf 89' lang='lat' dir='ltr'>maiorem</span> <span class='ocrx_word' id='word_1_277' title='bbox 1231 2638 1326 2701; x_wconf 88' lang='lat' dir='ltr'>illi</span> <span class='ocrx_word' id='word_1_278' title='bbox 1364 2655 1505 2701; x_wconf 87' lang='lat' dir='ltr'>cum</span> <span class='ocrx_word' id='word_1_279' title='bbox 1544 2638 1674 2701; x_wconf 92' lang='lat' dir='ltr'>Deo</span> <span class='ocrx_word' id='word_1_280' title='bbox 1714 2637 2026 2701; x_wconf 90' lang='lat' dir='ltr'>communi</span> <span class='ocrx_word' id='word_1_281' title='bbox 2069 2639 2344 2702; x_wconf 90' lang='lat' dir='ltr'>omnium</span> <span class='ocrx_word' id='word_1_282' title='bbox 2383 2641 2635 2721; x_wconf 85' lang='lat' dir='ltr'>parente</span> <span class='ocrx_word' id='word_1_283' title='bbox 2668 2660 2740 2704; x_wconf 88' lang='lat' dir='ltr'>ac</span> <span class='ocrx_word' id='word_1_284' title='bbox 2786 2641 3172 2707; x_wconf 88' lang='lat' dir='ltr'>benefactore</span> 
     </span>
     <span class='ocr_line' id='line_1_26' title="bbox 711 2738 3172 2823; baseline 0.002 -19"><span class='ocrx_word' id='word_1_285' title='bbox 711 2740 1183 2805; x_wconf 90' lang='lat' dir='ltr'>similitudinem</span> <span class='ocrx_word' id='word_1_286' title='bbox 1208 2740 1453 2823; x_wconf 88' lang='lat' dir='ltr'>gerunt.</span> <span class='ocrx_word' id='word_1_287' title='bbox 1481 2738 1570 2802; x_wconf 80' lang='lat' dir='ltr'>Ea</span> <span class='ocrx_word' id='word_1_288' title='bbox 1594 2758 1738 2802; x_wconf 82' lang='lat' dir='ltr'>vero</span> <span class='ocrx_word' id='word_1_289' title='bbox 1765 2738 2110 2815; x_wconf 86' lang='lat' dir='ltr'>dilectione,</span> <span class='ocrx_word' id='word_1_290' title='bbox 2138 2760 2260 2822; x_wconf 90' lang='lat' dir='ltr'>qua</span> <span class='ocrx_word' id='word_1_291' title='bbox 2285 2740 2701 2807; x_wconf 87' lang='lat' dir='ltr'>desideramus</span> <span class='ocrx_word' id='word_1_292' title='bbox 2737 2744 2917 2808; x_wconf 87' lang='lat' dir='ltr'>alteri</span> <span class='ocrx_word' id='word_1_293' title='bbox 2941 2745 3172 2809; x_wconf 90' lang='lat' dir='ltr'>bonum</span> 
     </span>
     <span class='ocr_line' id='line_1_27' title="bbox 714 2842 3173 2925; baseline 0.002 -20"><span class='ocrx_word' id='word_1_294' title='bbox 714 2842 989 2907; x_wconf 91' lang='lat' dir='ltr'>nondum</span> <span class='ocrx_word' id='word_1_295' title='bbox 1027 2860 1379 2925; x_wconf 88' lang='lat' dir='ltr'>possessum</span> <span class='ocrx_word' id='word_1_296' title='bbox 1417 2843 1480 2905; x_wconf 92' lang='lat' dir='ltr'>et</span> <span class='ocrx_word' id='word_1_297' title='bbox 1510 2861 1699 2924; x_wconf 89' lang='lat' dir='ltr'>quam</span> <span class='ocrx_word' id='word_1_298' title='bbox 1737 2842 2075 2906; x_wconf 88' lang='lat' dir='ltr'>comitatur</span> <span class='ocrx_word' id='word_1_299' title='bbox 2120 2844 2539 2907; x_wconf 82' lang='lat' dir='ltr'>misericordia</span> <span class='ocrx_word' id='word_1_300' title='bbox 2572 2847 2635 2908; x_wconf 90' lang='lat' dir='ltr'>et</span> <span class='ocrx_word' id='word_1_301' title='bbox 2673 2845 3095 2924; x_wconf 88' lang='lat' dir='ltr'>beneficentia,</span> <span class='ocrx_word' id='word_1_302' title='bbox 3129 2847 3173 2910; x_wconf 90' lang='lat' dir='ltr'>ii</span> 
     </span>
     <span class='ocr_line' id='line_1_28' title="bbox 715 2943 3170 3030; baseline 0.002 -22"><span class='ocrx_word' id='word_1_303' title='bbox 715 2946 917 3030; x_wconf 89' lang='lat' dir='ltr'>magis</span> <span class='ocrx_word' id='word_1_304' title='bbox 953 2943 1248 3030; x_wconf 87' lang='lat' dir='ltr'>diligendi</span> <span class='ocrx_word' id='word_1_305' title='bbox 1274 2947 1439 3022; x_wconf 87' lang='lat' dir='ltr'>sunt,</span> <span class='ocrx_word' id='word_1_306' title='bbox 1467 2945 1574 3027; x_wconf 90' lang='lat' dir='ltr'>qui</span> <span class='ocrx_word' id='word_1_307' title='bbox 1605 2945 1783 3008; x_wconf 91' lang='lat' dir='ltr'>nobis</span> <span class='ocrx_word' id='word_1_308' title='bbox 1821 2944 2271 3008; x_wconf 89' lang='lat' dir='ltr'>coniunctiores</span> <span class='ocrx_word' id='word_1_309' title='bbox 2305 2945 2611 3009; x_wconf 80' lang='lat' dir='ltr'>exsistunt</span> <span class='ocrx_word' id='word_1_310' title='bbox 2643 2971 2704 3010; x_wconf 80' lang='lat'>».</span> <span class='ocrx_word' id='word_1_311' title='bbox 2746 2945 2880 3011; x_wconf 90' lang='lat' dir='ltr'>Lib.</span> <span class='ocrx_word' id='word_1_312' title='bbox 2919 2949 2980 3013; x_wconf 86' lang='lat'>2.</span> <span class='ocrx_word' id='word_1_313' title='bbox 3010 2950 3087 3012; x_wconf 85' lang='lat' dir='ltr'>tr.</span> <span class='ocrx_word' id='word_1_314' title='bbox 3111 2950 3170 3014; x_wconf 87' lang='lat'>3.</span> 
     </span>
     <span class='ocr_line' id='line_1_29' title="bbox 713 3048 1144 3130; baseline -0.002 -19"><span class='ocrx_word' id='word_1_315' title='bbox 713 3065 846 3130; x_wconf 88' lang='lat' dir='ltr'>cap.</span> <span class='ocrx_word' id='word_1_316' title='bbox 887 3048 946 3110; x_wconf 84' lang='lat'>3.</span> <span class='ocrx_word' id='word_1_317' title='bbox 988 3068 1048 3110; x_wconf 92' lang='lat' dir='ltr'>n.</span> <span class='ocrx_word' id='word_1_318' title='bbox 1085 3048 1144 3111; x_wconf 87' lang='lat'>5.</span> 
     </span>
    </p>

    <p class='ocr_par' dir='ltr' id='par_1_8' title="bbox 711 3146 3171 3527">
     <span class='ocr_line' id='line_1_30' title="bbox 800 3146 3168 3232; baseline 0.003 -20"><span class='ocrx_word' id='word_1_319' title='bbox 800 3150 882 3213; x_wconf 85' lang='lat' dir='ltr'>Et</span> <span class='ocrx_word' id='word_1_320' title='bbox 927 3170 987 3214; x_wconf 94' lang='lat' dir='ltr'>n.</span> <span class='ocrx_word' id='word_1_321' title='bbox 1024 3151 1083 3213; x_wconf 89' lang='grc'><strong>6.</strong></span> <span class='ocrx_word' id='word_1_322' title='bbox 1133 3149 1345 3214; x_wconf 86' lang='lat' dir='ltr'>subdit</span> <span class='ocrx_word' id='word_1_323' title='bbox 1391 3149 1559 3214; x_wconf 88' lang='lat' dir='ltr'>aliud</span> <span class='ocrx_word' id='word_1_324' title='bbox 1607 3148 2010 3232; x_wconf 87' lang='lat' dir='ltr'>principium:</span> <span class='ocrx_word' id='word_1_325' title='bbox 2059 3173 2093 3205; x_wconf 86' lang='lat'>«</span> <span class='ocrx_word' id='word_1_326' title='bbox 2127 3146 2246 3227; x_wconf 84' lang='lat' dir='ltr'>Qui</span> <span class='ocrx_word' id='word_1_327' title='bbox 2293 3149 2468 3213; x_wconf 90' lang='lat' dir='ltr'>nobis</span> <span class='ocrx_word' id='word_1_328' title='bbox 2516 3150 2971 3215; x_wconf 88' lang='lat' dir='ltr'>coniunctiores</span> <span class='ocrx_word' id='word_1_329' title='bbox 3004 3155 3168 3229; x_wconf 86' lang='lat' dir='ltr'>sunt,</span> 
     </span>
     <span class='ocr_line' id='line_1_31' title="bbox 715 3256 3171 3341; baseline 0.002 -21"><span class='ocrx_word' id='word_1_330' title='bbox 715 3257 854 3321; x_wconf 89' lang='lat' dir='ltr'>aliis</span> <span class='ocrx_word' id='word_1_331' title='bbox 893 3257 1186 3341; x_wconf 88' lang='lat' dir='ltr'>praeferri</span> <span class='ocrx_word' id='word_1_332' title='bbox 1218 3257 1439 3322; x_wconf 90' lang='lat' dir='ltr'>debent</span> <span class='ocrx_word' id='word_1_333' title='bbox 1470 3256 1807 3322; x_wconf 91' lang='lat' dir='ltr'>secundum</span> <span class='ocrx_word' id='word_1_334' title='bbox 1839 3276 1909 3320; x_wconf 87' lang='lat' dir='ltr'>ea</span> <span class='ocrx_word' id='word_1_335' title='bbox 1941 3256 2121 3329; x_wconf 83' lang='lat' dir='ltr'>bona,</span> <span class='ocrx_word' id='word_1_336' title='bbox 2149 3256 2212 3319; x_wconf 91' lang='lat' dir='ltr'>in</span> <span class='ocrx_word' id='word_1_337' title='bbox 2244 3256 2469 3337; x_wconf 90' lang='lat' dir='ltr'>quibus</span> <span class='ocrx_word' id='word_1_338' title='bbox 2502 3256 2853 3321; x_wconf 88' lang='lat' dir='ltr'>coniunctio</span> <span class='ocrx_word' id='word_1_339' title='bbox 2892 3260 2991 3323; x_wconf 87' lang='lat' dir='ltr'>vel</span> <span class='ocrx_word' id='word_1_340' title='bbox 3026 3260 3171 3324; x_wconf 89' lang='lat' dir='ltr'>ami-</span> 
     </span>
     <span class='ocr_line' id='line_1_32' title="bbox 711 3358 3170 3443; baseline 0.002 -20"><span class='ocrx_word' id='word_1_341' title='bbox 711 3359 862 3423; x_wconf 85' lang='lat' dir='ltr'>citia</span> <span class='ocrx_word' id='word_1_342' title='bbox 893 3359 1219 3438; x_wconf 88' lang='lat' dir='ltr'>fundatur;</span> <span class='ocrx_word' id='word_1_343' title='bbox 1246 3360 1392 3443; x_wconf 90' lang='lat' dir='ltr'>quia</span> <span class='ocrx_word' id='word_1_344' title='bbox 1410 3358 1889 3425; x_wconf 88' lang='lat' dir='ltr'>communicatio</span> <span class='ocrx_word' id='word_1_345' title='bbox 1916 3359 2218 3424; x_wconf 90' lang='lat' dir='ltr'>bonorum</span> <span class='ocrx_word' id='word_1_346' title='bbox 2243 3362 2337 3425; x_wconf 89' lang='lat' dir='ltr'>est</span> <span class='ocrx_word' id='word_1_347' title='bbox 2362 3359 2833 3425; x_wconf 89' lang='lat' dir='ltr'>fundamentum</span> <span class='ocrx_word' id='word_1_348' title='bbox 2861 3364 3170 3428; x_wconf 87' lang='lat' dir='ltr'>amicitiae</span> 
     </span>
     <span class='ocr_line' id='line_1_33' title="bbox 711 3462 1186 3527; baseline 0.002 -1"><span class='ocrx_word' id='word_1_349' title='bbox 711 3463 776 3526; x_wconf 93' lang='lat' dir='ltr'>et</span> <span class='ocrx_word' id='word_1_350' title='bbox 806 3462 1087 3527; x_wconf 86' lang='lat' dir='ltr'>caritatis</span> <span class='ocrx_word' id='word_1_351' title='bbox 1126 3488 1186 3527; x_wconf 80' lang='grc'>».</span> 
     </span>
    </p>

    <p class='ocr_par' dir='ltr' id='par_1_9' title="bbox 708 3564 3168 3750">
     <span class='ocr_line' id='line_1_34' title="bbox 799 3564 3168 3650; baseline 0.002 -21"><span class='ocrx_word' id='word_1_352' title='bbox 799 3565 849 3629; x_wconf 84' lang='grc' dir='ltr'><strong>Ε</strong></span> <span class='ocrx_word' id='word_1_353' title='bbox 888 3585 1012 3647; x_wconf 92' lang='lat' dir='ltr'>quo</span> <span class='ocrx_word' id='word_1_354' title='bbox 1044 3566 1362 3650; x_wconf 78' lang='lat' dir='ltr'>principiO,</span> <span class='ocrx_word' id='word_1_355' title='bbox 1397 3564 1560 3647; x_wconf 89' lang='lat' dir='ltr'>quod</span> <span class='ocrx_word' id='word_1_356' title='bbox 1598 3564 1837 3629; x_wconf 87' lang='lat' dir='ltr'>Auctor</span> <span class='ocrx_word' id='word_1_357' title='bbox 1868 3564 2054 3628; x_wconf 88' lang='lat' dir='ltr'>refert</span> <span class='ocrx_word' id='word_1_358' title='bbox 2083 3565 2147 3628; x_wconf 91' lang='lat' dir='ltr'>in</span> <span class='ocrx_word' id='word_1_359' title='bbox 2179 3567 2491 3648; x_wconf 88' lang='lat' dir='ltr'>postrema</span> <span class='ocrx_word' id='word_1_360' title='bbox 2524 3567 2700 3649; x_wconf 88' lang='lat' dir='ltr'>parte</span> <span class='ocrx_word' id='word_1_361' title='bbox 2731 3568 3168 3650; x_wconf 80' lang='lat' dir='ltr'>responsioniS,</span> 
     </span>
     <span class='ocr_line' id='line_1_35' title="bbox 708 3667 2029 3750; baseline -0.001 -19"><span class='ocrx_word' id='word_1_362' title='bbox 708 3669 1054 3750; x_wconf 86' lang='lat' dir='ltr'>sequuntur</span> <span class='ocrx_word' id='word_1_363' title='bbox 1085 3668 1222 3733; x_wconf 90' lang='lat' dir='ltr'>dein</span> <span class='ocrx_word' id='word_1_364' title='bbox 1253 3668 1565 3732; x_wconf 88' lang='lat' dir='ltr'>subiectae</span> <span class='ocrx_word' id='word_1_365' title='bbox 1603 3667 2029 3732; x_wconf 70' lang='lat' dir='ltr'>resolutiones</span> 
     </span>
    </p>

    <p class='ocr_par' dir='ltr' id='par_1_10' title="bbox 708 3767 3168 3954">
     <span class='ocr_line' id='line_1_36' title="bbox 801 3767 3168 3857; baseline 0 -18"><span class='ocrx_word' id='word_1_366' title='bbox 801 3767 955 3840; x_wconf 75' lang='grc'><strong>164.</strong></span> <span class='ocrx_word' id='word_1_367' title='bbox 998 3771 1088 3835; x_wconf 88' lang='lat' dir='ltr'>Ut</span> <span class='ocrx_word' id='word_1_368' title='bbox 1134 3772 1341 3835; x_wconf 90' lang='lat' dir='ltr'>tamen</span> <span class='ocrx_word' id='word_1_369' title='bbox 1387 3769 1548 3834; x_wconf 87' lang='lat' dir='ltr'>ratio</span> <span class='ocrx_word' id='word_1_370' title='bbox 1597 3769 1823 3833; x_wconf 91' lang='lat' dir='ltr'>horum</span> <span class='ocrx_word' id='word_1_371' title='bbox 1861 3769 2301 3852; x_wconf 88' lang='lat' dir='ltr'>principiorum</span> <span class='ocrx_word' id='word_1_372' title='bbox 2347 3770 2467 3833; x_wconf 89' lang='lat' dir='ltr'>rite</span> <span class='ocrx_word' id='word_1_373' title='bbox 2512 3771 2923 3857; x_wconf 83' lang='lat' dir='ltr'>intelligatur,</span> <span class='ocrx_word' id='word_1_374' title='bbox 2960 3775 3168 3839; x_wconf 83' lang='lat' dir='ltr'>adver-</span> 
     </span>
     <span class='ocr_line' id='line_1_37' title="bbox 708 3871 2707 3954; baseline -0.001 -15"><span class='ocrx_word' id='word_1_375' title='bbox 708 3874 931 3939; x_wconf 90' lang='lat' dir='ltr'>tendae</span> <span class='ocrx_word' id='word_1_376' title='bbox 963 3876 1109 3937; x_wconf 89' lang='lat' dir='ltr'>sunt</span> <span class='ocrx_word' id='word_1_377' title='bbox 1138 3874 1315 3936; x_wconf 89' lang='lat' dir='ltr'>bases</span> <span class='ocrx_word' id='word_1_378' title='bbox 1348 3891 1581 3947; x_wconf 88' lang='lat' dir='ltr'>eorum,</span> <span class='ocrx_word' id='word_1_379' title='bbox 1618 3890 1773 3953; x_wconf 85' lang='lat' dir='ltr'>quas</span> <span class='ocrx_word' id='word_1_380' title='bbox 1812 3890 1881 3934; x_wconf 80' lang='lat' dir='ltr'>ex</span> <span class='ocrx_word' id='word_1_381' title='bbox 1914 3890 1961 3933; x_wconf 86' lang='lat' dir='ltr'>S.</span> <span class='ocrx_word' id='word_1_382' title='bbox 1997 3871 2237 3935; x_wconf 89' lang='lat' dir='ltr'>Thoma</span> <span class='ocrx_word' id='word_1_383' title='bbox 2276 3890 2707 3954; x_wconf 89' lang='lat' dir='ltr'>proponemus.</span> 
     </span>
    </p>

    <p class='ocr_par' dir='ltr' id='par_1_11' title="bbox 706 3972 3174 4673">
     <span class='ocr_line' id='line_1_38' title="bbox 796 3972 3169 4054; baseline 0.001 -13"><span class='ocrx_word' id='word_1_384' title='bbox 796 3978 1008 4041; x_wconf 90' lang='lat' dir='ltr'>Prima</span> <span class='ocrx_word' id='word_1_385' title='bbox 1032 3976 1182 4038; x_wconf 89' lang='lat' dir='ltr'>haec</span> <span class='ocrx_word' id='word_1_386' title='bbox 1213 3975 1326 4051; x_wconf 90' lang='lat' dir='ltr'>est,</span> <span class='ocrx_word' id='word_1_387' title='bbox 1354 3974 1514 4054; x_wconf 90' lang='lat' dir='ltr'>quod</span> <span class='ocrx_word' id='word_1_388' title='bbox 1552 3973 1799 4036; x_wconf 87' lang='lat' dir='ltr'>dilectio</span> <span class='ocrx_word' id='word_1_389' title='bbox 1826 3972 2013 4035; x_wconf 88' lang='lat' dir='ltr'>habet</span> <span class='ocrx_word' id='word_1_390' title='bbox 2046 3992 2115 4035; x_wconf 88' lang='lat' dir='ltr'>ac</span> <span class='ocrx_word' id='word_1_391' title='bbox 2148 3974 2343 4036; x_wconf 90' lang='lat' dir='ltr'>sumit</span> <span class='ocrx_word' id='word_1_392' title='bbox 2374 3976 2788 4053; x_wconf 75' lang='lat' dir='ltr'>quantitatem</span> <span class='ocrx_word' id='word_1_393' title='bbox 2819 3996 2999 4041; x_wconf 90' lang='lat' dir='ltr'>suam</span> <span class='ocrx_word' id='word_1_394' title='bbox 3035 3981 3169 4043; x_wconf 92' lang='lat' dir='ltr'>tum</span> 
     </span>
     <span class='ocr_line' id='line_1_39' title="bbox 710 4073 3167 4162; baseline 0.001 -19"><span class='ocrx_word' id='word_1_395' title='bbox 710 4099 780 4143; x_wconf 84' lang='lat' dir='ltr'>ex</span> <span class='ocrx_word' id='word_1_396' title='bbox 806 4080 982 4162; x_wconf 88' lang='lat' dir='ltr'>parte</span> <span class='ocrx_word' id='word_1_397' title='bbox 1009 4075 1250 4152; x_wconf 89' lang='lat' dir='ltr'>obiecti,</span> <span class='ocrx_word' id='word_1_398' title='bbox 1278 4078 1416 4138; x_wconf 88' lang='lat' dir='ltr'>tum</span> <span class='ocrx_word' id='word_1_399' title='bbox 1442 4094 1512 4138; x_wconf 82' lang='lat' dir='ltr'>ex</span> <span class='ocrx_word' id='word_1_400' title='bbox 1539 4075 1713 4157; x_wconf 89' lang='lat' dir='ltr'>parte</span> <span class='ocrx_word' id='word_1_401' title='bbox 1732 4073 2069 4157; x_wconf 68' lang='lat' dir='ltr'>diligentis</span> <span class='ocrx_word' id='word_1_402' title='bbox 2098 4074 2198 4137; x_wconf 89' lang='lat' dir='ltr'>Ita</span> <span class='ocrx_word' id='word_1_403' title='bbox 2225 4093 2272 4137; x_wconf 84' lang='lat' dir='ltr'>S.</span> <span class='ocrx_word' id='word_1_404' title='bbox 2309 4075 2529 4139; x_wconf 89' lang='lat' dir='ltr'>Thom.</span> <span class='ocrx_word' id='word_1_405' title='bbox 2561 4079 2619 4140; x_wconf 90' lang='grc'><strong>2.</strong></span> <span class='ocrx_word' id='word_1_406' title='bbox 2650 4079 2709 4141; x_wconf 89' lang='grc'>2.</span> <span class='ocrx_word' id='word_1_407' title='bbox 2739 4098 2795 4161; x_wconf 93' lang='lat' dir='ltr'>q.</span> <span class='ocrx_word' id='word_1_408' title='bbox 2827 4079 2932 4143; x_wconf 90' lang='grc'><strong>26.</strong></span> <span class='ocrx_word' id='word_1_409' title='bbox 2962 4083 3080 4146; x_wconf 88' lang='lat' dir='ltr'>art.</span> <span class='ocrx_word' id='word_1_410' title='bbox 3110 4085 3167 4146; x_wconf 85' lang='lat'>5.</span> 
     </span>
     <span class='ocr_line' id='line_1_40' title="bbox 708 4173 3174 4262; baseline 0.003 -20"><span class='ocrx_word' id='word_1_411' title='bbox 708 4181 818 4243; x_wconf 90' lang='lat' dir='ltr'>ubi</span> <span class='ocrx_word' id='word_1_412' title='bbox 862 4178 1147 4260; x_wconf 86' lang='lat' dir='ltr'>quaerit:</span> <span class='ocrx_word' id='word_1_413' title='bbox 1210 4175 1435 4242; x_wconf 73' lang='lat' dir='ltr'>Utrum</span> <span class='ocrx_word' id='word_1_414' title='bbox 1481 4176 1683 4257; x_wconf 73' lang='lat' dir='ltr'>mayis</span> <span class='ocrx_word' id='word_1_415' title='bbox 1731 4173 2058 4237; x_wconf 78' lang='lat' dir='ltr'>debeamus</span> <span class='ocrx_word' id='word_1_416' title='bbox 2104 4174 2366 4257; x_wconf 74' lang='lat' dir='ltr'>diliyere</span> <span class='ocrx_word' id='word_1_417' title='bbox 2398 4195 2724 4257; x_wconf 78' lang='lat' dir='ltr'>MELIORES,</span> <span class='ocrx_word' id='word_1_418' title='bbox 2760 4201 2949 4262; x_wconf 79' lang='lat' dir='ltr'>quam</span> <span class='ocrx_word' id='word_1_419' title='bbox 2994 4184 3174 4249; x_wconf 77' lang='lat' dir='ltr'>nobis</span> 
     </span>
     <span class='ocr_line' id='line_1_41' title="bbox 708 4276 3171 4365; baseline 0.002 -21"><span class='ocrx_word' id='word_1_420' title='bbox 708 4294 1215 4353; x_wconf 67' lang='lat' dir='ltr'>commorioRES,</span> <span class='ocrx_word' id='word_1_421' title='bbox 1243 4276 1319 4341; x_wconf 89' lang='lat' dir='ltr'>ad</span> <span class='ocrx_word' id='word_1_422' title='bbox 1355 4278 1442 4342; x_wconf 84' lang='lat'>1.:</span> <span class='ocrx_word' id='word_1_423' title='bbox 1477 4304 1510 4336; x_wconf 77' lang='grc'><strong>«</strong></span> <span class='ocrx_word' id='word_1_424' title='bbox 1539 4278 1801 4341; x_wconf 85' lang='lat' dir='ltr'>Dilectio</span> <span class='ocrx_word' id='word_1_425' title='bbox 1835 4277 2117 4342; x_wconf 86' lang='lat' dir='ltr'>caritatis</span> <span class='ocrx_word' id='word_1_426' title='bbox 2151 4298 2275 4343; x_wconf 93' lang='lat' dir='ltr'>non</span> <span class='ocrx_word' id='word_1_427' title='bbox 2308 4280 2513 4345; x_wconf 89' lang='lat' dir='ltr'>solum</span> <span class='ocrx_word' id='word_1_428' title='bbox 2538 4281 2725 4345; x_wconf 88' lang='lat' dir='ltr'>habet</span> <span class='ocrx_word' id='word_1_429' title='bbox 2750 4285 3171 4365; x_wconf 82' lang='lat' dir='ltr'>quantitatem</span> 
     </span>
     <span class='ocr_line' id='line_1_42' title="bbox 710 4380 3171 4472; baseline 0.002 -25"><span class='ocrx_word' id='word_1_430' title='bbox 710 4403 782 4448; x_wconf 80' lang='lat' dir='ltr'>ex</span> <span class='ocrx_word' id='word_1_431' title='bbox 814 4382 989 4464; x_wconf 90' lang='lat' dir='ltr'>parte</span> <span class='ocrx_word' id='word_1_432' title='bbox 1029 4380 1270 4459; x_wconf 89' lang='lat' dir='ltr'>obiecti,</span> <span class='ocrx_word' id='word_1_433' title='bbox 1313 4380 1479 4463; x_wconf 89' lang='lat' dir='ltr'>quod</span> <span class='ocrx_word' id='word_1_434' title='bbox 1526 4381 1620 4445; x_wconf 88' lang='lat' dir='ltr'>est</span> <span class='ocrx_word' id='word_1_435' title='bbox 1667 4381 1853 4457; x_wconf 91' lang='lat' dir='ltr'>Deus,</span> <span class='ocrx_word' id='word_1_436' title='bbox 1896 4380 1997 4443; x_wconf 88' lang='lat' dir='ltr'>sed</span> <span class='ocrx_word' id='word_1_437' title='bbox 2048 4401 2117 4445; x_wconf 82' lang='lat' dir='ltr'>ex</span> <span class='ocrx_word' id='word_1_438' title='bbox 2167 4384 2341 4465; x_wconf 88' lang='lat' dir='ltr'>parte</span> <span class='ocrx_word' id='word_1_439' title='bbox 2374 4383 2710 4469; x_wconf 77' lang='lat' dir='ltr'>diligentiS,</span> <span class='ocrx_word' id='word_1_440' title='bbox 2746 4386 2854 4467; x_wconf 88' lang='lat' dir='ltr'>qui</span> <span class='ocrx_word' id='word_1_441' title='bbox 2901 4390 2998 4452; x_wconf 90' lang='lat' dir='ltr'>est</span> <span class='ocrx_word' id='word_1_442' title='bbox 3042 4389 3171 4472; x_wconf 90' lang='lat' dir='ltr'>ipse</span> 
     </span>
     <span class='ocr_line' id='line_1_43' title="bbox 708 4485 3170 4576; baseline 0.004 -26"><span class='ocrx_word' id='word_1_443' title='bbox 708 4486 894 4551; x_wconf 90' lang='lat' dir='ltr'>homo</span> <span class='ocrx_word' id='word_1_444' title='bbox 928 4485 1253 4550; x_wconf 88' lang='lat' dir='ltr'>caritatem</span> <span class='ocrx_word' id='word_1_445' title='bbox 1285 4486 1535 4563; x_wconf 87' lang='lat' dir='ltr'>habens,</span> <span class='ocrx_word' id='word_1_446' title='bbox 1571 4486 1732 4549; x_wconf 90' lang='lat' dir='ltr'>sicut</span> <span class='ocrx_word' id='word_1_447' title='bbox 1771 4486 1834 4549; x_wconf 92' lang='lat' dir='ltr'>et</span> <span class='ocrx_word' id='word_1_448' title='bbox 1871 4487 2190 4567; x_wconf 88' lang='lat' dir='ltr'>quantitas</span> <span class='ocrx_word' id='word_1_449' title='bbox 2222 4488 2554 4554; x_wconf 90' lang='lat' dir='ltr'>cuiuslibet</span> <span class='ocrx_word' id='word_1_450' title='bbox 2580 4490 2841 4555; x_wconf 88' lang='lat' dir='ltr'>actionis</span> <span class='ocrx_word' id='word_1_451' title='bbox 2872 4490 3170 4576; x_wconf 89' lang='lat' dir='ltr'>dependet</span> 
     </span>
     <span class='ocr_line' id='line_1_44' title="bbox 706 4588 1843 4673; baseline -0.002 -19"><span class='ocrx_word' id='word_1_452' title='bbox 706 4588 1163 4672; x_wconf 86' lang='lat' dir='ltr'>quodammodo</span> <span class='ocrx_word' id='word_1_453' title='bbox 1195 4609 1268 4654; x_wconf 79' lang='lat' dir='ltr'>ex</span> <span class='ocrx_word' id='word_1_454' title='bbox 1304 4589 1438 4673; x_wconf 91' lang='lat' dir='ltr'>ipso</span> <span class='ocrx_word' id='word_1_455' title='bbox 1472 4588 1747 4653; x_wconf 86' lang='lat' dir='ltr'>subiecto</span> <span class='ocrx_word' id='word_1_456' title='bbox 1782 4613 1843 4652; x_wconf 85' lang='lat'>».</span> 
     </span>
    </p>
   </div>
  </div>
 </body>
</html>
