3497 5147
313 389 439 464 [278]
685 404 771 443 mu
808 402 1144 445 scaurum.
1186 403 1268 443 AN
1306 404 1527 445 mom-r
1564 404 1753 445 umus
1792 405 2012 445 nAnuar
2051 402 2336 444 SUADERE
2644 389 2750 443 201

1279 606 1454 672 Unde
1484 609 1768 673 resolves.

395 770 597 823 LXXX.
622 771 668 821 l.
694 771 823 822 Hero
850 768 963 822 licet
988 783 1083 822 non
1109 772 1297 822 auterre
1324 768 1628 822 occasionem
1657 768 1847 822 furandi
1875 768 2003 835 filiis,
2024 776 2108 822 aut
2133 767 2339 830 ramulis,
2360 782 2470 821 curn
2499 781 2585 820 cos
2612 767 2750 823 nibil-

308 852 482 906 ominus
520 855 578 905 ad
621 855 879 907 furandum
917 867 1191 920 propensos
1227 859 1276 906 et
1316 860 1514 919 paratos
1551 852 1705 918 novit,
1732 860 1786 906 ut
1823 853 1894 907 sic
1932 852 2224 919 deprehensi
2258 851 2518 917 puniantur
2543 859 2592 906 et
2631 852 2752 906 resi·

309 939 512 1006 piscant:
552 948 665 994 tunc
713 939 842 993 euim
880 939 1237 993 rationabiliter
1282 939 1516 1005 permittit
1561 944 1741 994 lurtum
1784 955 1945 1004 unum,
1987 947 2041 993 ut
2077 940 2324 993 evitentur
2376 941 2532 1006 plura.
2573 941 2749 993 Sancb.

308 1026 459 1089 Laym.
487 1027 664 1078 Bonae.

387 1145 561 1220 276.
588 1148 650 1214 S.
675 1150 861 1233 Alph.
892 1151 1068 1215 valde
1092 1170 1481 1216 communem
1505 1151 1664 1216 hanc
1695 1152 2041 1216 doctrinam
2074 1152 2224 1216 dicit
2255 1156 2318 1216 et
2348 1153 2526 1217 affert
2558 1153 2748 1217 etiam

307 1251 496 1315 locum
529 1272 601 1316 ex
632 1272 681 1317 s.
723 1252 963 1317 Thoma
987 1254 1049 1316 4.
1083 1252 1225 1317 dist.
1267 1253 1372 1317 35.
1413 1274 1470 1335 q.
1510 1255 1567 1317 1.
1603 1256 1721 1317 art.
1758 1255 1818 1317 3.
1854 1254 1931 1318 ad
1964 1256 2061 1330 4.;
2095 1255 2242 1319 licet
2274 1275 2321 1318 S.
2364 1255 2634 1320 Thomas
2673 1256 2747 1320 de

309 1353 457 1418 facto
502 1355 716 1438 potius
750 1375 929 1439 agere
975 1355 1062 1419 ibi
1108 1356 1411 1435 videatur,
1460 1375 1650 1438 quam
1695 1355 1769 1420 de
1815 1357 1985 1420 iure:
2027 1357 2118 1421 ait
2164 1376 2398 1440 nempe,
2449 1359 2746 1423 maritum

304 1475 467 1537 posse
514 1475 806 1521 accusare
853 1476 1103 1521 uxorem
1150 1457 1224 1521 de
1271 1457 1576 1522 adulterio
1625 1460 1688 1521 et
1734 1459 1961 1523 crimen
2017 1459 2294 1541 probare,
2345 1461 2491 1541 quia
2541 1461 2748 1542 potuit

306 1557 516 1622 crimen
564 1577 745 1623 nosse
807 1578 915 1642 per
960 1559 1213 1623 insidias
1272 1561 1447 1624 uxori
1492 1562 1764 1643 paratas,
1815 1562 1887 1623 ut
1934 1580 2069 1624 eam
2118 1580 2325 1624 coram
2372 1560 2637 1625 testibus
2683 1562 2746 1624 in

305 1659 596 1725 adulterio
630 1661 1123 1743 deprehenderet.
1165 1662 1251 1726 At
1283 1681 1404 1725 non
1430 1661 1598 1739 dicit,
1634 1662 1695 1724 id
1729 1661 1860 1725 fieri
1888 1682 1923 1724 a
1948 1663 2175 1725 marito
2200 1662 2386 1737 licite,
2423 1662 2551 1726 scil.
2578 1663 2746 1727 licite

299 1763 563 1842 permitti
598 1762 992 1827 adulterium.

404 1913 627 1967 LXXXI.
649 1918 693 1967 2.
723 1915 982 1969 Probabile
1006 1924 1097 1980 est,
1125 1931 1221 1969 non
1246 1915 1392 1968 licere
1417 1914 1529 1968 talia
1557 1918 1688 1968 ultro
1716 1929 1896 1981 ponere
1924 1922 2006 1967 aut
2029 1913 2093 1967 iis
2116 1914 2360 1983 obiicere;
2388 1915 2500 1981 quia
2534 1914 2744 1981 positive

295 2007 607 2053 concurreret
632 2003 691 2054 ad
722 2007 974 2067 peccatum
1006 2008 1056 2054 et
1082 2008 1178 2054 tam
1218 2015 1313 2054 nou
1352 2004 1566 2054 auferret
1603 2000 1927 2063 occasionem,
1959 2014 2103 2065 quam
2143 2007 2360 2065 poneret.
2389 2001 2451 2054 Sa
2494 2015 2539 2052 v.
2561 2014 2745 2069 pecca-

296 2086 408 2135 tum
438 2092 483 2136 et
507 2088 687 2137 Sancb.
708 2084 792 2150 qui
814 2100 875 2138 ex
900 2088 1070 2139 eadem
1092 2100 1238 2139 causa
1260 2088 1420 2148 docet,
1448 2100 1541 2137 nou
1564 2085 1711 2137 licere
1734 2085 1908 2138 marito
1927 2087 2046 2137 dare
2070 2084 2212 2138 uxori
2233 2099 2397 2137 ausam
2419 2084 2742 2147 adulterandi,

296 2169 367 2218 vel
392 2170 635 2232 adultero,
665 2175 717 2223 ut
740 2177 926 2223 tentent
955 2184 1175 2223 uxorem.
1207 2169 1399 2223 interim
1428 2167 1742 2236 probabiliter
1769 2168 2061 2222 contrarium
2087 2171 2230 2221 docet
2263 2171 2430 2233 Laym.
2459 2169 2493 2222 1.
2526 2173 2572 2222 2.
2603 2176 2662 2222 tr.
2691 2171 2741 2222 3.

287 2263 330 2302 c.
357 2252 435 2303 ⁴3.
463 2253 609 2320 Quod
635 2253 909 2307 confirmari
932 2261 1094 2321 potest
1117 2257 1342 2319 exemplo
1370 2254 1543 2317 ludim,
1574 2269 1697 2319 quac
1727 2252 1809 2306 vix
1837 2252 1977 2306 aliter
2003 2252 2199 2305 videtur
2227 2252 2414 2305 recisse.
2438 2269 2480 2307 c.
2510 2256 2595 2307 lX.
2616 2242 2766 2307 Cum'

288 2420 587 2476 occasionem
629 2437 802 2490 nempe
839 2434 1063 2478 ornatum
1085 2438 1243 2488 suum,
1268 2423 1452 2490 alioqui
1479 2422 1680 2486 licitum,
1706 2430 1755 2476 et
1784 2430 1941 2475 tamen
1966 2421 2288 2475 communiter
2315 2431 2541 2476 censetur
2565 2423 2614 2477 in
2644 2429 2736 2478 boe

289 2517 377 2556 non
414 2522 665 2573 peccasse.
699 2510 759 2562 V.
787 2511 906 2562 Bon.
934 2512 981 2563 d.
1009 2512 1056 2561 2.
1086 2525 1132 2575 q.
1164 2509 1209 2561 4.
1242 2524 1287 2576 p.
1316 2512 1364 2562 2.
1394 2510 1588 2561 Pulaum
1616 2507 1714 2560 bic.

368 2631 534 2706 277.
570 2637 819 2701 Auctor
854 2636 1006 2702 dicit
1037 2636 1241 2701 solum
1264 2636 1612 2717 probabile,
1645 2636 1794 2718 quia
1833 2636 1939 2699 alii
1971 2635 2422 2700 contradicunt.

363 2736 422 2801 S.
453 2739 650 2823 Alph.
686 2741 829 2822 post
860 2741 1083 2804 allatas
1114 2740 1387 2805 rationes
1421 2740 1758 2823 oppositaS,
1792 2739 2029 2802 subdit:
2072 2763 2106 2797 α
2132 2737 2268 2802 Hoc
2305 2757 2427 2803 non
2451 2739 2738 2803 obstante

281 2841 428 2906 satis
465 2843 818 2926 probabilis
852 2844 1096 2908 videtur
1126 2843 1326 2926 prima
1366 2843 1705 2918 sententia3
1739 2842 1887 2923 quia
1919 2861 2060 2905 cum
2092 2843 2357 2906 maritus
2405 2845 2517 2906 aut
2554 2844 2738 2908 herus

282 2944 528 3024 praebet
567 2965 795 3010 ansam
831 2945 1193 3009 moechandi
1217 2947 1331 3008 aut
1366 2943 1631 3022 furandi,
1657 2963 1780 3008 non
1807 2962 1945 3007 vere
1967 2943 2206 3007 inducit
2231 2944 2304 3008 ad
2341 2945 2734 3027 peccandum,

272 3043 372 3108 sed
414 3048 684 3130 praebet
716 3049 1095 3112 occasionem
1142 3050 1204 3111 et
1249 3046 1559 3130 permittit
1588 3047 1912 3129 peccatum
1958 3065 2030 3110 ex
2075 3047 2251 3110 iuxta
2296 3066 2504 3121 causa,
2553 3049 2627 3110 ut
2674 3067 2736 3111 se

268 3165 477 3232 nempe
509 3151 728 3215 servet
756 3149 1103 3214 indemnem
1134 3169 1171 3214 a
1202 3149 1472 3232 periculo
1520 3127 1731 3213 damni
1780 3148 2106 3213 obventuri
2129 3173 2191 3211 ».
2220 3148 2379 3211 Hinc
2416 3150 2740 3230 comparat

271 3248 422 3313 hane
452 3271 681 3318 casum
718 3271 860 3316 cum
892 3251 1188 3335 petitione
1220 3252 1425 3316 mutui
1458 3252 1537 3314 ab
1567 3250 1853 3315 usurario
1887 3252 2000 3313 etc.

353 3350 531 3425 278.
584 3355 651 3419 S.
702 3354 887 3438 Alph.
934 3355 1041 3418 lib.
1093 3356 1153 3418 2.
1202 3373 1261 3417 n.
1312 3353 1416 3417 57.
1456 3353 1884 3435 quaestionem
1938 3353 2235 3417 celebrem
2282 3356 2606 3429 memorat,
2657 3373 2735 3418 an

266 3454 449 3523 liceat
486 3459 757 3523 suadere
789 3458 995 3521 minus
1031 3457 1269 3521 malum
1299 3457 1415 3532 illi,
1454 3457 1563 3538 qui
1594 3457 1672 3519 ad
1703 3455 1908 3519 maius
1940 3455 2385 3519 determinatus
2419 3458 2533 3518 est.

349 3559 431 3624 Et
463 3562 672 3625 allata
705 3558 937 3642 duplici
966 3559 1290 3635 sententia,
1326 3558 1477 3622 dicit
1513 3558 1990 3641 probabiliorem
2039 3575 2271 3632 eorum,
2300 3557 2408 3636 qui
2439 3556 2618 3620 licere
2650 3557 2738 3620 di-

270 3665 429 3741 cunt,
464 3663 519 3728 si
562 3663 733 3727 alter
768 3662 956 3726 fuerit
1000 3662 1128 3725 iam
1174 3660 1251 3724 ad
1290 3661 1495 3724 maius
1518 3660 1780 3742 ‚malum
1825 3659 2292 3722 determinatus.
2337 3658 2542 3736 Ratio,
2583 3660 2731 3741 quia

265 3769 407 3832 tunc
437 3768 720 3833 suadens
766 3786 888 3831 non
935 3767 1181 3848 quaerit
1226 3766 1485 3842 malum,
1518 3765 1623 3827 sed
1660 3764 1912 3841 bonum,
1952 3763 2188 3828 scilicet
2232 3763 2593 3828 electionem
2625 3765 2736 3828 mi-

260 3871 420 3935 noris
453 3871 638 3936 mali.
676 3869 987 3950 Additque
1012 3889 1083 3933 ex
1107 3867 1395 3944 Sanehe2‚
1418 3867 1478 3931 id
1502 3886 1624 3930 non
1663 3867 1869 3930 solum
1900 3865 2160 3948 privatis
2185 3865 2385 3942 licere,
2413 3865 2517 3929 sed
2540 3866 2733 3931 etiam

266 3972 689 4048 confessariis‚
717 3971 1073 4054 parentibus
1111 3972 1175 4034 et
1205 3970 1282 4033 iis
1314 3969 1679 4054 generatim,
1707 3968 1932 4049 quibus
1955 3988 2026 4031 ex
2060 3967 2261 4032 officio
2287 3968 2591 4032 incumbit
2622 3969 2733 4032 im-

261 4076 460 4158 pedire
492 4079 759 4160 peccata
791 4073 1202 4138 subditorum.

342 4178 559 4243 Etiam
578 4177 792 4241 Diana
815 4178 968 4241 tom.
997 4177 1055 4240 7.
1085 4178 1163 4239 tr.
1192 4177 1251 4238 5.
1278 4194 1393 4239 res.
1422 4176 1527 4238 34.
1554 4194 1613 4237 n.
1650 4176 1710 4237 2.
1752 4173 2226 4256 probabiliorem
2260 4172 2411 4236 dicit
2443 4175 2600 4237 hanc
2630 4173 2734 4238 do-

262 4281 546 4345 ctrinam.
584 4279 678 4343 Et
707 4298 848 4343 cum
879 4297 1006 4360 seq.
1033 4277 1213 4341 resol.
1240 4278 1346 4340 35.
1373 4296 1432 4339 n.
1460 4278 1522 4339 3.
1548 4276 1868 4340 attulisset
1900 4275 2271 4340 sententiam
2305 4275 2596 4352 Hurtadi,
2624 4277 2732 4357 qui

258 4381 458 4447 licitas
506 4383 735 4448 solum
775 4380 927 4444 dicit
971 4379 1441 4463 propositiones,
1475 4398 1596 4443 non
1637 4380 1848 4443 autem
1892 4378 2211 4442 suasiones
2251 4377 2509 4440 alterius
2542 4378 2726 4441 mali:

256 4507 312 4551 v.
342 4508 436 4572 gr.
472 4487 715 4570 parato
747 4484 825 4548 ad
863 4484 1241 4549 adulterium
1288 4485 1400 4548 aut
1431 4482 1779 4547 sodomiam
1825 4500 2160 4564 proponere
2207 4480 2731 4563 pulchritudinem

254 4588 519 4655 alicuius
567 4586 877 4660 mulieris,
929 4607 985 4650 v.
1034 4606 1127 4670 gr.
1180 4586 1324 4649 talis
1371 4586 1593 4648 mulier
1657 4586 1752 4646 est
1807 4583 2084 4664 pulchra,
2133 4582 2331 4645 maior
2379 4581 2511 4644 heic
2559 4580 2730 4642 volu-
