<?xml version="1.0" encoding="UTF-8"?>
<!DOCTYPE html PUBLIC "-//W3C//DTD XHTML 1.0 Transitional//EN"
    "http://www.w3.org/TR/xhtml1/DTD/xhtml1-transitional.dtd">
<html xmlns="http://www.w3.org/1999/xhtml" xml:lang="en" lang="en">
 <head>
  <title>
</title>
<meta http-equiv="Content-Type" content="text/html;charset=utf-8" />
  <meta name='ocr-system' content='tesseract 3.04.00' />
  <meta name='ocr-capabilities' content='ocr_page ocr_carea ocr_par ocr_line ocrx_word'/>
</head>
<body>
  <div class='ocr_page' id='page_1' title='image "./opustheologicum00ballgoog/opustheologicum00ballgoog_0515.png"; bbox 0 0 3497 5147; ppageno 0'>
   <div class='ocr_carea' id='block_1_1' title="bbox 722 333 3171 401">
    <p class='ocr_par' dir='ltr' id='par_1_1' title="bbox 722 333 3171 401">
     <span class='ocr_line' id='line_1_1' title="bbox 722 333 3171 401; baseline -0.001 -11"><span class='ocrx_word' id='word_1_1' title='bbox 722 335 831 390; x_wconf 77' lang='lat'>508</span> <span class='ocrx_word' id='word_1_2' title='bbox 865 346 1078 388; x_wconf 72' lang='lat' dir='ltr'>mor.</span> <span class='ocrx_word' id='word_1_3' title='bbox 1102 346 1181 385; x_wconf 71' lang='lat' dir='ltr'>vx.</span> <span class='ocrx_word' id='word_1_4' title='bbox 1210 342 1370 384; x_wconf 70' lang='lat' dir='ltr'>sno’r.</span> <span class='ocrx_word' id='word_1_5' title='bbox 1392 343 1457 382; x_wconf 90' lang='lat'>11.</span> <span class='ocrx_word' id='word_1_6' title='bbox 1478 342 1563 381; x_wconf 69' lang='lat' dir='ltr'>ms</span> <span class='ocrx_word' id='word_1_7' title='bbox 1592 341 1872 383; x_wconf 73' lang='lat' dir='ltr'>smcmmo</span> <span class='ocrx_word' id='word_1_8' title='bbox 1897 342 2113 384; x_wconf 59' lang='lat' dir='ltr'>raam.</span> <span class='ocrx_word' id='word_1_9' title='bbox 2139 343 2466 387; x_wconf 61' lang='lat' dir='ltr'>Dmanoer.</span> <span class='ocrx_word' id='word_1_10' title='bbox 2487 345 2623 386; x_wconf 67' lang='lat' dir='ltr'>car.</span> <span class='ocrx_word' id='word_1_11' title='bbox 2641 346 2731 386; x_wconf 89' lang='lat'>111.</span> <span class='ocrx_word' id='word_1_12' title='bbox 2754 346 2896 387; x_wconf 76' lang='lat' dir='ltr'>nnn.</span> <span class='ocrx_word' id='word_1_13' title='bbox 2920 347 3001 388; x_wconf 80' lang='lat' dir='ltr'>vr.</span> <span class='ocrx_word' id='word_1_14' title='bbox 3043 333 3171 401; x_wconf 85' lang='grc'>[668]</span> 
     </span>
    </p>
   </div>
   <div class='ocr_carea' id='block_1_2' title="bbox 720 438 3184 3905">
    <p class='ocr_par' dir='ltr' id='par_1_2' title="bbox 720 438 3174 626">
     <span class='ocr_line' id='line_1_2' title="bbox 720 438 3174 526; baseline -0 -17"><span class='ocrx_word' id='word_1_15' title='bbox 720 446 954 509; x_wconf 84' lang='lat' dir='ltr'>Textus</span> <span class='ocrx_word' id='word_1_16' title='bbox 1003 443 1214 506; x_wconf 86' lang='lat' dir='ltr'>autem</span> <span class='ocrx_word' id='word_1_17' title='bbox 1251 439 1426 515; x_wconf 89' lang='lat' dir='ltr'>iuris,</span> <span class='ocrx_word' id='word_1_18' title='bbox 1460 438 1621 502; x_wconf 87' lang='lat' dir='ltr'>unde</span> <span class='ocrx_word' id='word_1_19' title='bbox 1666 438 1818 502; x_wconf 87' lang='lat' dir='ltr'>haec</span> <span class='ocrx_word' id='word_1_20' title='bbox 1863 458 2081 503; x_wconf 90' lang='lat' dir='ltr'>norma</span> <span class='ocrx_word' id='word_1_21' title='bbox 2126 440 2493 517; x_wconf 74' lang='lat' dir='ltr'><strong>desumitur,</strong></span> <span class='ocrx_word' id='word_1_22' title='bbox 2540 443 2729 508; x_wconf 86' lang='lat' dir='ltr'>habes</span> <span class='ocrx_word' id='word_1_23' title='bbox 2764 442 2928 526; x_wconf 91' lang='lat' dir='ltr'>apud</span> <span class='ocrx_word' id='word_1_24' title='bbox 2962 441 3174 508; x_wconf 78' lang='lat' dir='ltr'>Sua-roz</span> 
     </span>
     <span class='ocr_line' id='line_1_3' title="bbox 722 542 1657 626; baseline -0.009 -14"><span class='ocrx_word' id='word_1_25' title='bbox 722 549 798 612; x_wconf 79' lang='lat' dir='ltr'>de</span> <span class='ocrx_word' id='word_1_26' title='bbox 846 546 980 611; x_wconf 82' lang='lat' dir='ltr'>Vot.</span> <span class='ocrx_word' id='word_1_27' title='bbox 1015 545 1121 609; x_wconf 91' lang='lat' dir='ltr'>lib.</span> <span class='ocrx_word' id='word_1_28' title='bbox 1159 544 1221 607; x_wconf 86' lang='lat'>3.</span> <span class='ocrx_word' id='word_1_29' title='bbox 1252 562 1386 626; x_wconf 87' lang='lat' dir='ltr'>cap.</span> <span class='ocrx_word' id='word_1_30' title='bbox 1414 543 1475 605; x_wconf 89' lang='lat'>3.</span> <span class='ocrx_word' id='word_1_31' title='bbox 1510 562 1569 605; x_wconf 90' lang='lat' dir='ltr'>n.</span> <span class='ocrx_word' id='word_1_32' title='bbox 1598 542 1657 605; x_wconf 87' lang='lat'>3.</span> 
     </span>
    </p>

    <p class='ocr_par' dir='ltr' id='par_1_3' title="bbox 722 644 3178 1035">
     <span class='ocr_line' id='line_1_4' title="bbox 809 644 3176 732; baseline 0 -20"><span class='ocrx_word' id='word_1_33' title='bbox 809 647 992 731; x_wconf 83' lang='lat' dir='ltr'>Quod</span> <span class='ocrx_word' id='word_1_34' title='bbox 1030 647 1259 711; x_wconf 76' lang='lat' dir='ltr'>attinet</span> <span class='ocrx_word' id='word_1_35' title='bbox 1291 645 1370 709; x_wconf 91' lang='lat' dir='ltr'>ad</span> <span class='ocrx_word' id='word_1_36' title='bbox 1407 645 1557 710; x_wconf 83' lang='lat' dir='ltr'>vota</span> <span class='ocrx_word' id='word_1_37' title='bbox 1588 644 1946 729; x_wconf 87' lang='lat' dir='ltr'>coniugum,</span> <span class='ocrx_word' id='word_1_38' title='bbox 1980 646 2204 728; x_wconf 79' lang='lat' dir='ltr'>pendet</span> <span class='ocrx_word' id='word_1_39' title='bbox 2233 666 2307 711; x_wconf 77' lang='lat' dir='ltr'>ex</span> <span class='ocrx_word' id='word_1_40' title='bbox 2341 647 2507 712; x_wconf 83' lang='lat' dir='ltr'>facto</span> <span class='ocrx_word' id='word_1_41' title='bbox 2544 650 2843 732; x_wconf 88' lang='lat' dir='ltr'>quopiam</span> <span class='ocrx_word' id='word_1_42' title='bbox 2879 649 3176 714; x_wconf 82' lang='lat' dir='ltr'>humanae</span> 
     </span>
     <span class='ocr_line' id='line_1_5' title="bbox 722 747 3175 830; baseline 0 -14"><span class='ocrx_word' id='word_1_43' title='bbox 722 750 1069 816; x_wconf 85' lang='lat' dir='ltr'>voluntatis</span> <span class='ocrx_word' id='word_1_44' title='bbox 1100 749 1348 825; x_wconf 83' lang='lat' dir='ltr'>liberae,</span> <span class='ocrx_word' id='word_1_45' title='bbox 1384 747 1548 830; x_wconf 91' lang='lat' dir='ltr'>quod</span> <span class='ocrx_word' id='word_1_46' title='bbox 1572 747 1636 810; x_wconf 91' lang='lat' dir='ltr'>in</span> <span class='ocrx_word' id='word_1_47' title='bbox 1668 766 1738 811; x_wconf 92' lang='lat' dir='ltr'>eo</span> <span class='ocrx_word' id='word_1_48' title='bbox 1772 748 1947 810; x_wconf 88' lang='lat' dir='ltr'>statu</span> <span class='ocrx_word' id='word_1_49' title='bbox 1978 750 2319 812; x_wconf 83' lang='lat' dir='ltr'>versentur.</span> <span class='ocrx_word' id='word_1_50' title='bbox 2347 748 2462 813; x_wconf 88' lang='lat' dir='ltr'>Sed</span> <span class='ocrx_word' id='word_1_51' title='bbox 2494 751 2684 814; x_wconf 88' lang='lat' dir='ltr'>semel</span> <span class='ocrx_word' id='word_1_52' title='bbox 2717 770 2789 815; x_wconf 86' lang='lat' dir='ltr'>ac</span> <span class='ocrx_word' id='word_1_53' title='bbox 2819 751 2886 815; x_wconf 89' lang='lat' dir='ltr'>in</span> <span class='ocrx_word' id='word_1_54' title='bbox 2912 769 2985 815; x_wconf 92' lang='lat' dir='ltr'>eo</span> <span class='ocrx_word' id='word_1_55' title='bbox 3018 753 3175 816; x_wconf 86' lang='lat' dir='ltr'>statu</span> 
     </span>
     <span class='ocr_line' id='line_1_6' title="bbox 722 850 3178 932; baseline -0.001 -13"><span class='ocrx_word' id='word_1_56' title='bbox 722 854 975 930; x_wconf 81' lang='lat' dir='ltr'>fuerint,</span> <span class='ocrx_word' id='word_1_57' title='bbox 1009 853 1107 917; x_wconf 81' lang='lat' dir='ltr'>lex</span> <span class='ocrx_word' id='word_1_58' title='bbox 1138 853 1398 916; x_wconf 87' lang='lat' dir='ltr'>naturae</span> <span class='ocrx_word' id='word_1_59' title='bbox 1436 850 1719 932; x_wconf 87' lang='lat' dir='ltr'>postulat</span> <span class='ocrx_word' id='word_1_60' title='bbox 1754 867 1892 913; x_wconf 88' lang='lat' dir='ltr'>eam</span> <span class='ocrx_word' id='word_1_61' title='bbox 1922 850 2269 914; x_wconf 82' lang='lat' dir='ltr'>voluntatis</span> <span class='ocrx_word' id='word_1_62' title='bbox 2300 851 2893 931; x_wconf 83' lang='lat' dir='ltr'>subordinationem,</span> <span class='ocrx_word' id='word_1_63' title='bbox 2928 855 3005 917; x_wconf 91' lang='lat' dir='ltr'>ut</span> <span class='ocrx_word' id='word_1_64' title='bbox 3035 854 3178 918; x_wconf 87' lang='lat' dir='ltr'>alter</span> 
     </span>
     <span class='ocr_line' id='line_1_7' title="bbox 723 951 2538 1035; baseline -0.002 -14"><span class='ocrx_word' id='word_1_65' title='bbox 723 957 789 1020; x_wconf 88' lang='lat' dir='ltr'>in</span> <span class='ocrx_word' id='word_1_66' title='bbox 829 957 1086 1020; x_wconf 88' lang='lat' dir='ltr'>alterius</span> <span class='ocrx_word' id='word_1_67' title='bbox 1118 954 1510 1018; x_wconf 83' lang='lat' dir='ltr'>voluntatem</span> <span class='ocrx_word' id='word_1_68' title='bbox 1549 951 1853 1016; x_wconf 86' lang='lat' dir='ltr'>eiusmodi</span> <span class='ocrx_word' id='word_1_69' title='bbox 1882 953 2260 1035; x_wconf 88' lang='lat' dir='ltr'>potestatem</span> <span class='ocrx_word' id='word_1_70' title='bbox 2290 953 2538 1017; x_wconf 88' lang='lat' dir='ltr'>habeat.</span> 
     </span>
    </p>

    <p class='ocr_par' dir='ltr' id='par_1_4' title="bbox 720 1053 3178 2981">
     <span class='ocr_line' id='line_1_8' title="bbox 813 1053 3175 1144; baseline 0 -22"><span class='ocrx_word' id='word_1_71' title='bbox 813 1055 986 1129; x_wconf 79' lang='grc'><strong>668.</strong></span> <span class='ocrx_word' id='word_1_72' title='bbox 1022 1055 1201 1144; x_wconf 83' lang='lat' dir='ltr'>Quod</span> <span class='ocrx_word' id='word_1_73' title='bbox 1233 1073 1378 1120; x_wconf 83' lang='lat' dir='ltr'>vero</span> <span class='ocrx_word' id='word_1_74' title='bbox 1413 1054 1644 1119; x_wconf 83' lang='lat' dir='ltr'>attinet</span> <span class='ocrx_word' id='word_1_75' title='bbox 1670 1054 1746 1117; x_wconf 88' lang='lat' dir='ltr'>ad</span> <span class='ocrx_word' id='word_1_76' title='bbox 1777 1053 2240 1138; x_wconf 86' lang='lat' dir='ltr'>Religiosorum</span> <span class='ocrx_word' id='word_1_77' title='bbox 2271 1056 2441 1133; x_wconf 85' lang='lat' dir='ltr'>vota,</span> <span class='ocrx_word' id='word_1_78' title='bbox 2466 1056 2521 1120; x_wconf 93' lang='lat' dir='ltr'>si</span> <span class='ocrx_word' id='word_1_79' title='bbox 2549 1057 2852 1138; x_wconf 80' lang='lat' dir='ltr'>inquiraS,</span> <span class='ocrx_word' id='word_1_80' title='bbox 2879 1056 3175 1139; x_wconf 89' lang='lat' dir='ltr'>quomodo</span> 
     </span>
     <span class='ocr_line' id='line_1_9' title="bbox 729 1156 3176 1244; baseline -0 -20"><span class='ocrx_word' id='word_1_81' title='bbox 729 1162 1009 1244; x_wconf 87' lang='lat' dir='ltr'>potestas</span> <span class='ocrx_word' id='word_1_82' title='bbox 1047 1178 1118 1222; x_wconf 89' lang='lat' dir='ltr'>ea</span> <span class='ocrx_word' id='word_1_83' title='bbox 1156 1156 1443 1222; x_wconf 87' lang='lat' dir='ltr'>irritandi</span> <span class='ocrx_word' id='word_1_84' title='bbox 1489 1157 1573 1220; x_wconf 87' lang='lat' dir='ltr'>sit</span> <span class='ocrx_word' id='word_1_85' title='bbox 1619 1156 1692 1220; x_wconf 89' lang='lat' dir='ltr'>de</span> <span class='ocrx_word' id='word_1_86' title='bbox 1735 1157 1872 1219; x_wconf 89' lang='lat' dir='ltr'>iure</span> <span class='ocrx_word' id='word_1_87' title='bbox 1917 1157 2212 1233; x_wconf 87' lang='lat' dir='ltr'>naturali,</span> <span class='ocrx_word' id='word_1_88' title='bbox 2252 1175 2394 1221; x_wconf 90' lang='lat' dir='ltr'>cum</span> <span class='ocrx_word' id='word_1_89' title='bbox 2431 1159 2636 1223; x_wconf 88' lang='lat' dir='ltr'>status</span> <span class='ocrx_word' id='word_1_90' title='bbox 2683 1159 2814 1241; x_wconf 90' lang='lat' dir='ltr'>ipse</span> <span class='ocrx_word' id='word_1_91' title='bbox 2861 1159 3176 1243; x_wconf 83' lang='lat' dir='ltr'>religiosus</span> 
     </span>
     <span class='ocr_line' id='line_1_10' title="bbox 724 1257 3174 1345; baseline -0 -19"><span class='ocrx_word' id='word_1_92' title='bbox 724 1263 811 1327; x_wconf 88' lang='lat' dir='ltr'>sit</span> <span class='ocrx_word' id='word_1_93' title='bbox 841 1262 915 1325; x_wconf 91' lang='lat' dir='ltr'>de</span> <span class='ocrx_word' id='word_1_94' title='bbox 950 1262 1085 1324; x_wconf 88' lang='lat' dir='ltr'>iure</span> <span class='ocrx_word' id='word_1_95' title='bbox 1109 1259 1543 1336; x_wconf 86' lang='lat' dir='ltr'>ecclesiastico,</span> <span class='ocrx_word' id='word_1_96' title='bbox 1576 1257 1947 1341; x_wconf 88' lang='lat' dir='ltr'>respondent</span> <span class='ocrx_word' id='word_1_97' title='bbox 1969 1259 2128 1335; x_wconf 80' lang='lat' dir='ltr'><strong>DD..</strong></span> <span class='ocrx_word' id='word_1_98' title='bbox 2155 1276 2335 1342; x_wconf 82' lang='lat' dir='ltr'>saepe</span> <span class='ocrx_word' id='word_1_99' title='bbox 2367 1259 2741 1345; x_wconf 88' lang='lat' dir='ltr'>contingere,</span> <span class='ocrx_word' id='word_1_100' title='bbox 2769 1262 2846 1324; x_wconf 89' lang='lat' dir='ltr'>ut</span> <span class='ocrx_word' id='word_1_101' title='bbox 2868 1262 3174 1345; x_wconf 87' lang='lat' dir='ltr'>supposita</span> 
     </span>
     <span class='ocr_line' id='line_1_11' title="bbox 727 1361 3178 1446; baseline 0 -18"><span class='ocrx_word' id='word_1_102' title='bbox 727 1364 1124 1429; x_wconf 80' lang='lat' dir='ltr'>institutione</span> <span class='ocrx_word' id='word_1_103' title='bbox 1173 1362 1384 1444; x_wconf 86' lang='lat' dir='ltr'>aliqua</span> <span class='ocrx_word' id='word_1_104' title='bbox 1431 1361 1864 1438; x_wconf 83' lang='lat' dir='ltr'>ecclesiastica,</span> <span class='ocrx_word' id='word_1_105' title='bbox 1903 1364 2202 1442; x_wconf 87' lang='lat' dir='ltr'>sequatur</span> <span class='ocrx_word' id='word_1_106' title='bbox 2232 1361 2534 1446; x_wconf 80' lang='lat' dir='ltr'>obligatio</span> <span class='ocrx_word' id='word_1_107' title='bbox 2572 1362 2784 1444; x_wconf 87' lang='lat' dir='ltr'>aliqua</span> <span class='ocrx_word' id='word_1_108' title='bbox 2821 1383 2896 1427; x_wconf 85' lang='lat' dir='ltr'>ex</span> <span class='ocrx_word' id='word_1_109' title='bbox 2928 1364 3061 1427; x_wconf 87' lang='lat' dir='ltr'>iure</span> <span class='ocrx_word' id='word_1_110' title='bbox 3086 1383 3178 1428; x_wconf 88' lang='lat' dir='ltr'>na-</span> 
     </span>
     <span class='ocr_line' id='line_1_12' title="bbox 724 1463 3176 1548; baseline 0 -18"><span class='ocrx_word' id='word_1_111' title='bbox 724 1465 952 1531; x_wconf 89' lang='lat' dir='ltr'>turali:</span> <span class='ocrx_word' id='word_1_112' title='bbox 991 1465 1158 1530; x_wconf 86' lang='lat' dir='ltr'>sicut</span> <span class='ocrx_word' id='word_1_113' title='bbox 1201 1464 1351 1528; x_wconf 88' lang='lat' dir='ltr'>licet</span> <span class='ocrx_word' id='word_1_114' title='bbox 1379 1463 1759 1527; x_wconf 88' lang='lat' dir='ltr'>consecratio</span> <span class='ocrx_word' id='word_1_115' title='bbox 1797 1463 2006 1526; x_wconf 86' lang='lat' dir='ltr'>calicis</span> <span class='ocrx_word' id='word_1_116' title='bbox 2045 1463 2248 1527; x_wconf 80' lang='lat' dir='ltr'>sitde</span> <span class='ocrx_word' id='word_1_117' title='bbox 2291 1463 2426 1527; x_wconf 88' lang='lat' dir='ltr'>iure</span> <span class='ocrx_word' id='word_1_118' title='bbox 2458 1464 2749 1548; x_wconf 82' lang='lat' dir='ltr'>positivo,</span> <span class='ocrx_word' id='word_1_119' title='bbox 2782 1465 3176 1530; x_wconf 78' lang='lat' dir='ltr'>nihilominus</span> 
     </span>
     <span class='ocr_line' id='line_1_13' title="bbox 721 1565 3178 1634; baseline 0 -2"><span class='ocrx_word' id='word_1_120' title='bbox 721 1569 980 1634; x_wconf 90' lang='lat' dir='ltr'>debetur</span> <span class='ocrx_word' id='word_1_121' title='bbox 1026 1568 1122 1632; x_wconf 91' lang='lat' dir='ltr'>illi</span> <span class='ocrx_word' id='word_1_122' title='bbox 1165 1566 1509 1632; x_wconf 85' lang='lat' dir='ltr'>reverentia</span> <span class='ocrx_word' id='word_1_123' title='bbox 1540 1584 1613 1628; x_wconf 80' lang='lat' dir='ltr'>ex</span> <span class='ocrx_word' id='word_1_124' title='bbox 1648 1565 1782 1629; x_wconf 90' lang='lat' dir='ltr'>iure</span> <span class='ocrx_word' id='word_1_125' title='bbox 1828 1566 2104 1629; x_wconf 87' lang='lat' dir='ltr'>naturali</span> <span class='ocrx_word' id='word_1_126' title='bbox 2150 1567 2214 1629; x_wconf 90' lang='lat' dir='ltr'>et</span> <span class='ocrx_word' id='word_1_127' title='bbox 2260 1566 2516 1631; x_wconf 85' lang='lat' dir='ltr'>vendere</span> <span class='ocrx_word' id='word_1_128' title='bbox 2545 1567 2728 1631; x_wconf 79' lang='lat' dir='ltr'>illum</span> <span class='ocrx_word' id='word_1_129' title='bbox 2760 1570 2836 1632; x_wconf 89' lang='lat' dir='ltr'>ut</span> <span class='ocrx_word' id='word_1_130' title='bbox 2883 1587 3178 1633; x_wconf 78' lang='lat' dir='ltr'>consec-ra-</span> 
     </span>
     <span class='ocr_line' id='line_1_14' title="bbox 724 1666 3171 1753; baseline -0.001 -17"><span class='ocrx_word' id='word_1_131' title='bbox 724 1674 861 1736; x_wconf 90' lang='lat' dir='ltr'>tum</span> <span class='ocrx_word' id='word_1_132' title='bbox 894 1674 990 1736; x_wconf 91' lang='lat' dir='ltr'>est</span> <span class='ocrx_word' id='word_1_133' title='bbox 1022 1669 1289 1735; x_wconf 85' lang='lat' dir='ltr'>simonia</span> <span class='ocrx_word' id='word_1_134' title='bbox 1321 1669 1539 1733; x_wconf 91' lang='lat' dir='ltr'>contra</span> <span class='ocrx_word' id='word_1_135' title='bbox 1567 1669 1668 1731; x_wconf 88' lang='lat' dir='ltr'>ius</span> <span class='ocrx_word' id='word_1_136' title='bbox 1698 1668 2006 1753; x_wconf 71' lang='lat' dir='ltr'>naturale,</span> <span class='ocrx_word' id='word_1_137' title='bbox 2034 1667 2105 1730; x_wconf 92' lang='lat' dir='ltr'>Id</span> <span class='ocrx_word' id='word_1_138' title='bbox 2137 1668 2404 1750; x_wconf 81' lang='lat' dir='ltr'>explicat</span> <span class='ocrx_word' id='word_1_139' title='bbox 2434 1666 2659 1734; x_wconf 85' lang='lat' dir='ltr'>Suarez</span> <span class='ocrx_word' id='word_1_140' title='bbox 2680 1670 2758 1733; x_wconf 82' lang='lat' dir='ltr'>de</span> <span class='ocrx_word' id='word_1_141' title='bbox 2805 1670 2964 1733; x_wconf 66' lang='lat' dir='ltr'>Voto</span> <span class='ocrx_word' id='word_1_142' title='bbox 2995 1671 3096 1734; x_wconf 89' lang='lat' dir='ltr'>lib.</span> <span class='ocrx_word' id='word_1_143' title='bbox 3122 1671 3171 1734; x_wconf 89' lang='grc'>6.</span> 
     </span>
     <span class='ocr_line' id='line_1_15' title="bbox 720 1769 3172 1856; baseline -0 -19"><span class='ocrx_word' id='word_1_144' title='bbox 720 1793 856 1856; x_wconf 87' lang='lat' dir='ltr'>cap.</span> <span class='ocrx_word' id='word_1_145' title='bbox 887 1774 944 1836; x_wconf 88' lang='lat'>7.</span> <span class='ocrx_word' id='word_1_146' title='bbox 972 1793 1032 1836; x_wconf 91' lang='lat' dir='ltr'>n.</span> <span class='ocrx_word' id='word_1_147' title='bbox 1061 1775 1121 1836; x_wconf 85' lang='lat'>5.</span> <span class='ocrx_word' id='word_1_148' title='bbox 1157 1771 1501 1846; x_wconf 77' lang='lat' dir='ltr'>advertenS,</span> <span class='ocrx_word' id='word_1_149' title='bbox 1537 1788 1643 1852; x_wconf 86' lang='lat' dir='ltr'>per</span> <span class='ocrx_word' id='word_1_150' title='bbox 1673 1769 2096 1834; x_wconf 87' lang='lat' dir='ltr'>voluntariam</span> <span class='ocrx_word' id='word_1_151' title='bbox 2142 1769 2582 1852; x_wconf 78' lang='lat' dir='ltr'>professionem</span> <span class='ocrx_word' id='word_1_152' title='bbox 2614 1790 2688 1835; x_wconf 89' lang='lat' dir='ltr'>ac</span> <span class='ocrx_word' id='word_1_153' title='bbox 2713 1772 3172 1854; x_wconf 83' lang='lat' dir='ltr'>promissionem</span> 
     </span>
     <span class='ocr_line' id='line_1_16' title="bbox 726 1871 3176 1956; baseline 0 -17"><span class='ocrx_word' id='word_1_154' title='bbox 726 1875 1108 1939; x_wconf 86' lang='lat' dir='ltr'>obedientiae</span> <span class='ocrx_word' id='word_1_155' title='bbox 1169 1874 1260 1937; x_wconf 86' lang='lat' dir='ltr'>ita</span> <span class='ocrx_word' id='word_1_156' title='bbox 1305 1872 1488 1937; x_wconf 88' lang='lat' dir='ltr'>subdi</span> <span class='ocrx_word' id='word_1_157' title='bbox 1532 1871 1898 1956; x_wconf 89' lang='lat' dir='ltr'>religiosum</span> <span class='ocrx_word' id='word_1_158' title='bbox 1945 1890 2058 1936; x_wconf 91' lang='lat' dir='ltr'>suo</span> <span class='ocrx_word' id='word_1_159' title='bbox 2111 1873 2410 1954; x_wconf 87' lang='lat' dir='ltr'>praelato,</span> <span class='ocrx_word' id='word_1_160' title='bbox 2460 1874 2534 1937; x_wconf 90' lang='lat' dir='ltr'>ut</span> <span class='ocrx_word' id='word_1_161' title='bbox 2585 1874 2870 1955; x_wconf 87' lang='lat' dir='ltr'>respectu</span> <span class='ocrx_word' id='word_1_162' title='bbox 2933 1874 3176 1939; x_wconf 90' lang='lat' dir='ltr'>dominii</span> 
     </span>
     <span class='ocr_line' id='line_1_17' title="bbox 724 1975 3174 2064; baseline -0 -22"><span class='ocrx_word' id='word_1_163' title='bbox 724 1997 980 2042; x_wconf 85' lang='lat' dir='ltr'>suorum</span> <span class='ocrx_word' id='word_1_164' title='bbox 1007 1978 1310 2064; x_wconf 82' lang='lat' dir='ltr'>bonorum</span> <span class='ocrx_word' id='word_1_165' title='bbox 1333 1977 1396 2040; x_wconf 88' lang='lat' dir='ltr'>et</span> <span class='ocrx_word' id='word_1_166' title='bbox 1419 1975 1516 2040; x_wconf 89' lang='lat' dir='ltr'>sui</span> <span class='ocrx_word' id='word_1_167' title='bbox 1539 1975 1736 2057; x_wconf 89' lang='lat' dir='ltr'>ipsius</span> <span class='ocrx_word' id='word_1_168' title='bbox 1761 1975 1847 2038; x_wconf 88' lang='lat' dir='ltr'>sit</span> <span class='ocrx_word' id='word_1_169' title='bbox 1868 1977 2170 2056; x_wconf 83' lang='lat' dir='ltr'>tanquam</span> <span class='ocrx_word' id='word_1_170' title='bbox 2193 1994 2434 2040; x_wconf 86' lang='lat' dir='ltr'>servus:</span> <span class='ocrx_word' id='word_1_171' title='bbox 2461 1979 2745 2059; x_wconf 89' lang='lat' dir='ltr'>respectu</span> <span class='ocrx_word' id='word_1_172' title='bbox 2761 1996 2909 2042; x_wconf 85' lang='lat' dir='ltr'>vero</span> <span class='ocrx_word' id='word_1_173' title='bbox 2936 1997 3174 2043; x_wconf 87' lang='lat' dir='ltr'>suarum</span> 
     </span>
     <span class='ocr_line' id='line_1_18' title="bbox 727 2077 3175 2162; baseline 0 -18"><span class='ocrx_word' id='word_1_174' title='bbox 727 2079 1045 2144; x_wconf 87' lang='lat' dir='ltr'>actionum</span> <span class='ocrx_word' id='word_1_175' title='bbox 1091 2079 1157 2142; x_wconf 89' lang='lat' dir='ltr'>et</span> <span class='ocrx_word' id='word_1_176' title='bbox 1205 2077 1631 2159; x_wconf 87' lang='lat' dir='ltr'>dispositionis</span> <span class='ocrx_word' id='word_1_177' title='bbox 1677 2096 1826 2141; x_wconf 91' lang='lat' dir='ltr'>suae</span> <span class='ocrx_word' id='word_1_178' title='bbox 1872 2077 2217 2142; x_wconf 83' lang='lat' dir='ltr'>voluntatis</span> <span class='ocrx_word' id='word_1_179' title='bbox 2264 2078 2350 2142; x_wconf 87' lang='lat' dir='ltr'>sit</span> <span class='ocrx_word' id='word_1_180' title='bbox 2393 2081 2694 2161; x_wconf 87' lang='lat' dir='ltr'>tanquam</span> <span class='ocrx_word' id='word_1_181' title='bbox 2749 2081 3034 2162; x_wconf 85' lang='lat' dir='ltr'>pupillus</span> <span class='ocrx_word' id='word_1_182' title='bbox 3077 2081 3175 2145; x_wconf 88' lang='lat' dir='ltr'>sub</span> 
     </span>
     <span class='ocr_line' id='line_1_19' title="bbox 724 2178 3173 2269; baseline 0.001 -24"><span class='ocrx_word' id='word_1_183' title='bbox 724 2183 954 2257; x_wconf 91' lang='lat' dir='ltr'>tutore,</span> <span class='ocrx_word' id='word_1_184' title='bbox 989 2180 1080 2244; x_wconf 90' lang='lat' dir='ltr'>ita</span> <span class='ocrx_word' id='word_1_185' title='bbox 1104 2182 1179 2245; x_wconf 91' lang='lat' dir='ltr'>ut</span> <span class='ocrx_word' id='word_1_186' title='bbox 1201 2179 1419 2263; x_wconf 89' lang='lat' dir='ltr'>(prout</span> <span class='ocrx_word' id='word_1_187' title='bbox 1449 2179 1678 2243; x_wconf 86' lang='lat' dir='ltr'>dicitur</span> <span class='ocrx_word' id='word_1_188' title='bbox 1706 2180 1766 2243; x_wconf 89' lang='lat' dir='ltr'>in</span> <span class='ocrx_word' id='word_1_189' title='bbox 1803 2199 1934 2263; x_wconf 89' lang='lat' dir='ltr'>cap.</span> <span class='ocrx_word' id='word_1_190' title='bbox 1964 2178 2041 2244; x_wconf 69' lang='lat' dir='ltr'>Si</span> <span class='ocrx_word' id='word_1_191' title='bbox 2065 2180 2401 2262; x_wconf 70' lang='lat' dir='ltr'>reliyiosus</span> <span class='ocrx_word' id='word_1_192' title='bbox 2432 2183 2536 2246; x_wconf 88' lang='grc'>27.</span> <span class='ocrx_word' id='word_1_193' title='bbox 2562 2183 2637 2246; x_wconf 81' lang='lat' dir='ltr'>de</span> <span class='ocrx_word' id='word_1_194' title='bbox 2661 2182 2981 2248; x_wconf 67' lang='lat' dir='ltr'>Election.</span> <span class='ocrx_word' id='word_1_195' title='bbox 3006 2186 3070 2250; x_wconf 91' lang='lat' dir='ltr'>in</span> <span class='ocrx_word' id='word_1_196' title='bbox 3092 2185 3173 2269; x_wconf 71' lang='grc' dir='ltr'>θ’)</span> 
     </span>
     <span class='ocr_line' id='line_1_20' title="bbox 722 2281 3176 2362; baseline 0.002 -15"><span class='ocrx_word' id='word_1_197' title='bbox 722 2285 860 2347; x_wconf 73' lang='lat' dir='ltr'>eius</span> <span class='ocrx_word' id='word_1_198' title='bbox 888 2284 1227 2347; x_wconf 73' lang='lat' dir='ltr'>arbitrium</span> <span class='ocrx_word' id='word_1_199' title='bbox 1248 2303 1379 2346; x_wconf 76' lang='lat' dir='ltr'>non</span> <span class='ocrx_word' id='word_1_200' title='bbox 1406 2302 1485 2346; x_wconf 81' lang='lat' dir='ltr'>ex</span> <span class='ocrx_word' id='word_1_201' title='bbox 1514 2302 1652 2358; x_wconf 79' lang='lat' dir='ltr'>sua,</span> <span class='ocrx_word' id='word_1_202' title='bbox 1684 2303 1825 2345; x_wconf 80' lang='lat' dir='ltr'>cum</span> <span class='ocrx_word' id='word_1_203' title='bbox 1854 2281 2008 2346; x_wconf 81' lang='lat' dir='ltr'>velle</span> <span class='ocrx_word' id='word_1_204' title='bbox 2037 2286 2101 2346; x_wconf 81' lang='lat' dir='ltr'>et</span> <span class='ocrx_word' id='word_1_205' title='bbox 2120 2283 2285 2347; x_wconf 80' lang='lat' dir='ltr'>nolle</span> <span class='ocrx_word' id='word_1_206' title='bbox 2315 2304 2443 2347; x_wconf 76' lang='lat' dir='ltr'>non</span> <span class='ocrx_word' id='word_1_207' title='bbox 2473 2283 2714 2362; x_wconf 74' lang='lat' dir='ltr'>habeat,</span> <span class='ocrx_word' id='word_1_208' title='bbox 2747 2288 2862 2351; x_wconf 81' lang='lat' dir='ltr'>sed</span> <span class='ocrx_word' id='word_1_209' title='bbox 2880 2308 2964 2351; x_wconf 71' lang='lat' dir='ltr'>esc</span> <span class='ocrx_word' id='word_1_210' title='bbox 2998 2287 3176 2361; x_wconf 66' lang='lat' dir='ltr'>illias,</span> 
     </span>
     <span class='ocr_line' id='line_1_21' title="bbox 722 2383 3174 2468; baseline 0.001 -18"><span class='ocrx_word' id='word_1_211' title='bbox 722 2407 903 2468; x_wconf 72' lang='lat' dir='ltr'>quem</span> <span class='ocrx_word' id='word_1_212' title='bbox 946 2387 1072 2450; x_wconf 78' lang='lat' dir='ltr'>vice</span> <span class='ocrx_word' id='word_1_213' title='bbox 1104 2383 1235 2450; x_wconf 83' lang='lat' dir='ltr'>Dei</span> <span class='ocrx_word' id='word_1_214' title='bbox 1260 2405 1457 2465; x_wconf 79' lang='lat' dir='ltr'>supra</span> <span class='ocrx_word' id='word_1_215' title='bbox 1499 2390 1689 2464; x_wconf 78' lang='lat' dir='ltr'>caput</span> <span class='ocrx_word' id='word_1_216' title='bbox 1727 2404 1912 2448; x_wconf 80' lang='lat' dir='ltr'>suum</span> <span class='ocrx_word' id='word_1_217' title='bbox 1942 2387 2164 2465; x_wconf 77' lang='lat' dir='ltr'>posuit</span> <span class='ocrx_word' id='word_1_218' title='bbox 2195 2391 2256 2448; x_wconf 77' lang='lat' dir='ltr'>et</span> <span class='ocrx_word' id='word_1_219' title='bbox 2289 2387 2470 2450; x_wconf 78' lang='lat' dir='ltr'>cuius</span> <span class='ocrx_word' id='word_1_220' title='bbox 2504 2387 2763 2467; x_wconf 70' lang='lat' dir='ltr'>irnperio</span> <span class='ocrx_word' id='word_1_221' title='bbox 2797 2408 2865 2452; x_wconf 83' lang='lat' dir='ltr'>se</span> <span class='ocrx_word' id='word_1_222' title='bbox 2911 2389 3174 2466; x_wconf 74' lang='lat' dir='ltr'>subiecit,</span> 
     </span>
     <span class='ocr_line' id='line_1_22' title="bbox 725 2484 3173 2575; baseline 0.003 -27"><span class='ocrx_word' id='word_1_223' title='bbox 725 2488 1041 2553; x_wconf 77' lang='lat' dir='ltr'>voluntate</span> <span class='ocrx_word' id='word_1_224' title='bbox 1073 2488 1429 2568; x_wconf 79' lang='lat' dir='ltr'>dependeat.</span> <span class='ocrx_word' id='word_1_225' title='bbox 1463 2484 1599 2565; x_wconf 83' lang='lat' dir='ltr'>Quo</span> <span class='ocrx_word' id='word_1_226' title='bbox 1631 2489 1872 2570; x_wconf 87' lang='lat' dir='ltr'>spectat</span> <span class='ocrx_word' id='word_1_227' title='bbox 1902 2488 1967 2550; x_wconf 89' lang='lat' dir='ltr'>et</span> <span class='ocrx_word' id='word_1_228' title='bbox 1996 2488 2152 2551; x_wconf 91' lang='lat' dir='ltr'>illud</span> <span class='ocrx_word' id='word_1_229' title='bbox 2182 2487 2274 2570; x_wconf 89' lang='lat' dir='ltr'>(in</span> <span class='ocrx_word' id='word_1_230' title='bbox 2306 2507 2439 2552; x_wconf 86' lang='lat' dir='ltr'>can.</span> <span class='ocrx_word' id='word_1_231' title='bbox 2467 2489 2618 2552; x_wconf 82' lang='lat' dir='ltr'>Non</span> <span class='ocrx_word' id='word_1_232' title='bbox 2648 2488 2880 2555; x_wconf 70' lang='lat' dir='ltr'>dicatis</span> <span class='ocrx_word' id='word_1_233' title='bbox 2908 2492 3015 2555; x_wconf 92' lang='grc'>11.</span> <span class='ocrx_word' id='word_1_234' title='bbox 3042 2513 3095 2575; x_wconf 90' lang='lat' dir='ltr'>q.</span> <span class='ocrx_word' id='word_1_235' title='bbox 3125 2493 3173 2555; x_wconf 92' lang='lat'>1.</span> 
     </span>
     <span class='ocr_line' id='line_1_23' title="bbox 724 2588 3176 2675; baseline 0.001 -18"><span class='ocrx_word' id='word_1_236' title='bbox 724 2611 891 2657; x_wconf 89' lang='lat' dir='ltr'>caus.</span> <span class='ocrx_word' id='word_1_237' title='bbox 930 2594 1091 2675; x_wconf 81' lang='lat'><strong>12.):</strong></span> <span class='ocrx_word' id='word_1_238' title='bbox 1134 2616 1169 2647; x_wconf 84' lang='grc'><strong>«</strong></span> <span class='ocrx_word' id='word_1_239' title='bbox 1200 2589 1360 2654; x_wconf 86' lang='lat' dir='ltr'>Cum</span> <span class='ocrx_word' id='word_1_240' title='bbox 1396 2590 1585 2653; x_wconf 86' lang='lat' dir='ltr'>huius</span> <span class='ocrx_word' id='word_1_241' title='bbox 1615 2591 1866 2653; x_wconf 86' lang='lat' dir='ltr'>nostrae</span> <span class='ocrx_word' id='word_1_242' title='bbox 1901 2588 2419 2675; x_wconf 87' lang='lat' dir='ltr'>Congregationis</span> <span class='ocrx_word' id='word_1_243' title='bbox 2449 2592 2671 2658; x_wconf 78' lang='lat' dir='ltr'>fratres</span> <span class='ocrx_word' id='word_1_244' title='bbox 2703 2611 2826 2659; x_wconf 92' lang='lat' dir='ltr'>non</span> <span class='ocrx_word' id='word_1_245' title='bbox 2866 2596 3074 2660; x_wconf 88' lang='lat' dir='ltr'>solum</span> <span class='ocrx_word' id='word_1_246' title='bbox 3103 2595 3176 2659; x_wconf 79' lang='lat' dir='ltr'>fa·</span> 
     </span>
     <span class='ocr_line' id='line_1_24' title="bbox 721 2691 3178 2780; baseline 0.001 -20"><span class='ocrx_word' id='word_1_247' title='bbox 721 2696 1085 2771; x_wconf 54' lang='lat' dir='ltr'>cultatibus</span> <span class='ocrx_word' id='word_1_248' title='bbox 1110 2692 1224 2758; x_wconf 82' lang='lat' dir='ltr'>sed</span> <span class='ocrx_word' id='word_1_249' title='bbox 1248 2691 1674 2756; x_wconf 57' lang='lat' dir='ltr'>voluntatibus</span> <span class='ocrx_word' id='word_1_250' title='bbox 1691 2693 1978 2773; x_wconf 77' lang='lat' dir='ltr'>propriis</span> <span class='ocrx_word' id='word_1_251' title='bbox 1997 2693 2062 2756; x_wconf 90' lang='lat' dir='ltr'>in</span> <span class='ocrx_word' id='word_1_252' title='bbox 2087 2693 2224 2775; x_wconf 91' lang='lat' dir='ltr'>ipsa</span> <span class='ocrx_word' id='word_1_253' title='bbox 2251 2693 2658 2759; x_wconf 86' lang='lat' dir='ltr'>ordinationis</span> <span class='ocrx_word' id='word_1_254' title='bbox 2679 2695 2776 2779; x_wconf 88' lang='lat' dir='ltr'>(a)</span> <span class='ocrx_word' id='word_1_255' title='bbox 2798 2698 3178 2780; x_wconf 82' lang='lat' dir='ltr'>susceptione</span> 
     </span>
     <span class='ocr_line' id='line_1_25' title="bbox 725 2794 3178 2884; baseline 0.002 -24"><span class='ocrx_word' id='word_1_256' title='bbox 725 2798 1221 2861; x_wconf 82' lang='lat' dir='ltr'>renuntiaverint</span> <span class='ocrx_word' id='word_1_257' title='bbox 1251 2798 1316 2860; x_wconf 88' lang='lat' dir='ltr'>et</span> <span class='ocrx_word' id='word_1_258' title='bbox 1345 2814 1409 2859; x_wconf 89' lang='lat' dir='ltr'>se</span> <span class='ocrx_word' id='word_1_259' title='bbox 1440 2814 1547 2878; x_wconf 90' lang='lat' dir='ltr'>per</span> <span class='ocrx_word' id='word_1_260' title='bbox 1578 2796 1948 2878; x_wconf 90' lang='lat' dir='ltr'>promissam</span> <span class='ocrx_word' id='word_1_261' title='bbox 1997 2794 2408 2860; x_wconf 86' lang='lat' dir='ltr'>obedientiam</span> <span class='ocrx_word' id='word_1_262' title='bbox 2438 2798 2687 2880; x_wconf 89' lang='lat' dir='ltr'>penitus</span> <span class='ocrx_word' id='word_1_263' title='bbox 2718 2799 2994 2864; x_wconf 88' lang='lat' dir='ltr'>aliorum</span> <span class='ocrx_word' id='word_1_264' title='bbox 3025 2801 3178 2884; x_wconf 82' lang='lat' dir='ltr'>pote-</span> 
     </span>
     <span class='ocr_line' id='line_1_26' title="bbox 724 2895 2857 2981; baseline 0.001 -18"><span class='ocrx_word' id='word_1_265' title='bbox 724 2899 876 2963; x_wconf 87' lang='lat' dir='ltr'>stati</span> <span class='ocrx_word' id='word_1_266' title='bbox 909 2900 974 2962; x_wconf 90' lang='lat' dir='ltr'>et</span> <span class='ocrx_word' id='word_1_267' title='bbox 1006 2898 1282 2981; x_wconf 90' lang='lat' dir='ltr'>imperiis</span> <span class='ocrx_word' id='word_1_268' title='bbox 1318 2898 1383 2960; x_wconf 91' lang='lat' dir='ltr'>in</span> <span class='ocrx_word' id='word_1_269' title='bbox 1420 2895 1669 2961; x_wconf 86' lang='lat' dir='ltr'>Christo</span> <span class='ocrx_word' id='word_1_270' title='bbox 1701 2899 1765 2960; x_wconf 91' lang='lat' dir='ltr'>et</span> <span class='ocrx_word' id='word_1_271' title='bbox 1796 2915 1907 2979; x_wconf 90' lang='lat' dir='ltr'>pro</span> <span class='ocrx_word' id='word_1_272' title='bbox 1940 2895 2188 2962; x_wconf 83' lang='lat' dir='ltr'>Christo</span> <span class='ocrx_word' id='word_1_273' title='bbox 2226 2899 2612 2964; x_wconf 84' lang='lat' dir='ltr'>subdiderint</span> <span class='ocrx_word' id='word_1_274' title='bbox 2640 2901 2755 2964; x_wconf 83' lang='lat' dir='ltr'>eto.</span> <span class='ocrx_word' id='word_1_275' title='bbox 2793 2926 2857 2965; x_wconf 84' lang='lat'>».</span> 
     </span>
    </p>

    <p class='ocr_par' dir='ltr' id='par_1_5' title="bbox 720 2998 3184 3905">
     <span class='ocr_line' id='line_1_27' title="bbox 814 2998 3179 3088; baseline 0.002 -22"><span class='ocrx_word' id='word_1_276' title='bbox 814 3001 980 3066; x_wconf 88' lang='lat' dir='ltr'>Usus</span> <span class='ocrx_word' id='word_1_277' title='bbox 1019 3002 1336 3084; x_wconf 88' lang='lat' dir='ltr'>praeterea</span> <span class='ocrx_word' id='word_1_278' title='bbox 1373 3000 1438 3063; x_wconf 92' lang='lat' dir='ltr'>et</span> <span class='ocrx_word' id='word_1_279' title='bbox 1467 2998 1848 3063; x_wconf 89' lang='lat' dir='ltr'>consuetudo</span> <span class='ocrx_word' id='word_1_280' title='bbox 1884 2999 2161 3063; x_wconf 89' lang='lat' dir='ltr'>omnium</span> <span class='ocrx_word' id='word_1_281' title='bbox 2192 3000 2592 3085; x_wconf 86' lang='lat' dir='ltr'>Religionum</span> <span class='ocrx_word' id='word_1_282' title='bbox 2636 3003 2730 3066; x_wconf 87' lang='lat' dir='ltr'>ita</span> <span class='ocrx_word' id='word_1_283' title='bbox 2775 3003 3179 3088; x_wconf 84' lang='lat' dir='ltr'>interpretata</span> 
     </span>
     <span class='ocr_line' id='line_1_28' title="bbox 726 3101 3181 3186; baseline 0.001 -18"><span class='ocrx_word' id='word_1_284' title='bbox 726 3106 822 3169; x_wconf 88' lang='lat' dir='ltr'>est</span> <span class='ocrx_word' id='word_1_285' title='bbox 850 3105 1010 3168; x_wconf 89' lang='lat' dir='ltr'>hanc</span> <span class='ocrx_word' id='word_1_286' title='bbox 1043 3102 1616 3168; x_wconf 87' lang='lat' dir='ltr'>subordinationem</span> <span class='ocrx_word' id='word_1_287' title='bbox 1640 3101 1942 3186; x_wconf 87' lang='lat' dir='ltr'>Religiosi</span> <span class='ocrx_word' id='word_1_288' title='bbox 1973 3101 2049 3165; x_wconf 91' lang='lat' dir='ltr'>ad</span> <span class='ocrx_word' id='word_1_289' title='bbox 2082 3120 2267 3166; x_wconf 90' lang='lat' dir='ltr'>suum</span> <span class='ocrx_word' id='word_1_290' title='bbox 2297 3104 2667 3186; x_wconf 85' lang='lat' dir='ltr'>praelatum,</span> <span class='ocrx_word' id='word_1_291' title='bbox 2701 3106 2776 3169; x_wconf 93' lang='lat' dir='ltr'>ut</span> <span class='ocrx_word' id='word_1_292' title='bbox 2813 3106 2950 3170; x_wconf 86' lang='lat' dir='ltr'>sine</span> <span class='ocrx_word' id='word_1_293' title='bbox 2984 3107 3181 3172; x_wconf 88' lang='lat' dir='ltr'>ordine</span> 
     </span>
     <span class='ocr_line' id='line_1_29' title="bbox 723 3203 3182 3290; baseline 0.002 -21"><span class='ocrx_word' id='word_1_294' title='bbox 723 3206 803 3269; x_wconf 84' lang='lat' dir='ltr'>ad</span> <span class='ocrx_word' id='word_1_295' title='bbox 851 3225 1217 3270; x_wconf 88' lang='lat' dir='ltr'>consensum</span> <span class='ocrx_word' id='word_1_296' title='bbox 1265 3205 1438 3269; x_wconf 86' lang='lat' dir='ltr'>illius</span> <span class='ocrx_word' id='word_1_297' title='bbox 1483 3203 1723 3267; x_wconf 90' lang='lat' dir='ltr'>nullam</span> <span class='ocrx_word' id='word_1_298' title='bbox 1753 3203 1999 3268; x_wconf 87' lang='lat' dir='ltr'>firmam</span> <span class='ocrx_word' id='word_1_299' title='bbox 2038 3204 2481 3289; x_wconf 86' lang='lat' dir='ltr'>obligationem</span> <span class='ocrx_word' id='word_1_300' title='bbox 2528 3205 2725 3270; x_wconf 84' lang='lat' dir='ltr'>facere</span> <span class='ocrx_word' id='word_1_301' title='bbox 2756 3209 2980 3290; x_wconf 86' lang='lat' dir='ltr'>possit.</span> <span class='ocrx_word' id='word_1_302' title='bbox 3016 3208 3182 3289; x_wconf 88' lang='lat' dir='ltr'>Quod</span> 
     </span>
     <span class='ocr_line' id='line_1_30' title="bbox 725 3305 3184 3390; baseline 0.002 -18"><span class='ocrx_word' id='word_1_303' title='bbox 725 3308 991 3372; x_wconf 82' lang='lat' dir='ltr'>maxime</span> <span class='ocrx_word' id='word_1_304' title='bbox 1037 3308 1163 3371; x_wconf 84' lang='lat' dir='ltr'>fuit</span> <span class='ocrx_word' id='word_1_305' title='bbox 1206 3308 1272 3371; x_wconf 91' lang='lat' dir='ltr'>in</span> <span class='ocrx_word' id='word_1_306' title='bbox 1318 3308 1482 3373; x_wconf 83' lang='lat' dir='ltr'>votis</span> <span class='ocrx_word' id='word_1_307' title='bbox 1537 3305 1972 3383; x_wconf 88' lang='lat' dir='ltr'>necessarium,</span> <span class='ocrx_word' id='word_1_308' title='bbox 2021 3309 2159 3372; x_wconf 90' lang='lat' dir='ltr'>tum</span> <span class='ocrx_word' id='word_1_309' title='bbox 2216 3308 2362 3390; x_wconf 91' lang='lat' dir='ltr'>quia</span> <span class='ocrx_word' id='word_1_310' title='bbox 2420 3309 2690 3373; x_wconf 80' lang='lat' dir='ltr'>maxime</span> <span class='ocrx_word' id='word_1_311' title='bbox 2744 3311 3184 3377; x_wconf 87' lang='lat' dir='ltr'>subordinatur</span> 
     </span>
     <span class='ocr_line' id='line_1_31' title="bbox 724 3410 3174 3496; baseline 0.001 -20"><span class='ocrx_word' id='word_1_312' title='bbox 724 3411 1027 3476; x_wconf 90' lang='lat' dir='ltr'>subiectio</span> <span class='ocrx_word' id='word_1_313' title='bbox 1059 3411 1335 3495; x_wconf 87' lang='lat' dir='ltr'>religiosi</span> <span class='ocrx_word' id='word_1_314' title='bbox 1369 3410 1446 3473; x_wconf 89' lang='lat' dir='ltr'>ad</span> <span class='ocrx_word' id='word_1_315' title='bbox 1484 3410 1884 3474; x_wconf 89' lang='lat' dir='ltr'>directionem</span> <span class='ocrx_word' id='word_1_316' title='bbox 1921 3428 2155 3487; x_wconf 88' lang='lat' dir='ltr'>eorum,</span> <span class='ocrx_word' id='word_1_317' title='bbox 2188 3429 2347 3493; x_wconf 88' lang='lat' dir='ltr'>quae</span> <span class='ocrx_word' id='word_1_318' title='bbox 2380 3410 2457 3474; x_wconf 93' lang='lat' dir='ltr'>ad</span> <span class='ocrx_word' id='word_1_319' title='bbox 2488 3412 2758 3476; x_wconf 88' lang='lat' dir='ltr'>salutem</span> <span class='ocrx_word' id='word_1_320' title='bbox 2795 3414 3174 3496; x_wconf 84' lang='lat' dir='ltr'>spiritualem</span> 
     </span>
     <span class='ocr_line' id='line_1_32' title="bbox 723 3512 3172 3596; baseline 0 -17"><span class='ocrx_word' id='word_1_321' title='bbox 723 3514 997 3579; x_wconf 86' lang='lat' dir='ltr'>conferre</span> <span class='ocrx_word' id='word_1_322' title='bbox 1028 3514 1128 3577; x_wconf 80' lang='lat' dir='ltr'>vel</span> <span class='ocrx_word' id='word_1_323' title='bbox 1159 3515 1405 3578; x_wconf 89' lang='lat' dir='ltr'>obstare</span> <span class='ocrx_word' id='word_1_324' title='bbox 1437 3514 1718 3596; x_wconf 85' lang='lat' dir='ltr'>possunt,</span> <span class='ocrx_word' id='word_1_325' title='bbox 1751 3512 1912 3576; x_wconf 84' lang='lat' dir='ltr'>inter</span> <span class='ocrx_word' id='word_1_326' title='bbox 1935 3531 2094 3593; x_wconf 88' lang='lat' dir='ltr'>quae</span> <span class='ocrx_word' id='word_1_327' title='bbox 2129 3514 2397 3577; x_wconf 77' lang='lat' dir='ltr'>maxime</span> <span class='ocrx_word' id='word_1_328' title='bbox 2428 3516 2877 3596; x_wconf 83' lang='lat' dir='ltr'>computantur</span> <span class='ocrx_word' id='word_1_329' title='bbox 2899 3520 3172 3582; x_wconf 77' lang='lat' dir='ltr'>votorum</span> 
     </span>
     <span class='ocr_line' id='line_1_33' title="bbox 729 3615 3184 3703; baseline -0 -20"><span class='ocrx_word' id='word_1_330' title='bbox 729 3618 1033 3703; x_wconf 90' lang='lat' dir='ltr'>obligatio</span> <span class='ocrx_word' id='word_1_331' title='bbox 1067 3619 1131 3682; x_wconf 89' lang='lat' dir='ltr'>et</span> <span class='ocrx_word' id='word_1_332' title='bbox 1169 3615 1546 3691; x_wconf 79' lang='lat' dir='ltr'>observati03</span> <span class='ocrx_word' id='word_1_333' title='bbox 1588 3617 1726 3678; x_wconf 92' lang='lat' dir='ltr'>tum</span> <span class='ocrx_word' id='word_1_334' title='bbox 1765 3616 1955 3678; x_wconf 87' lang='lat' dir='ltr'>etiam</span> <span class='ocrx_word' id='word_1_335' title='bbox 2002 3616 2150 3696; x_wconf 84' lang='lat' dir='ltr'>quia</span> <span class='ocrx_word' id='word_1_336' title='bbox 2196 3635 2317 3680; x_wconf 90' lang='grc'>11011</span> <span class='ocrx_word' id='word_1_337' title='bbox 2365 3618 2617 3699; x_wconf 87' lang='lat' dir='ltr'>possent</span> <span class='ocrx_word' id='word_1_338' title='bbox 2661 3617 2943 3703; x_wconf 89' lang='lat' dir='ltr'>religiosi</span> <span class='ocrx_word' id='word_1_339' title='bbox 2979 3638 3184 3684; x_wconf 79' lang='lat' dir='ltr'>conve-</span> 
     </span>
     <span class='ocr_line' id='line_1_34' title="bbox 722 3716 3182 3801; baseline 0 -20"><span class='ocrx_word' id='word_1_340' title='bbox 722 3721 962 3783; x_wconf 89' lang='lat' dir='ltr'>nienter</span> <span class='ocrx_word' id='word_1_341' title='bbox 1007 3720 1070 3782; x_wconf 90' lang='lat' dir='ltr'>in</span> <span class='ocrx_word' id='word_1_342' title='bbox 1118 3717 1549 3801; x_wconf 88' lang='lat' dir='ltr'>spiritualibus</span> <span class='ocrx_word' id='word_1_343' title='bbox 1595 3716 1947 3801; x_wconf 87' lang='lat' dir='ltr'>gubernari,</span> <span class='ocrx_word' id='word_1_344' title='bbox 1982 3717 2100 3780; x_wconf 89' lang='lat' dir='ltr'>nisi</span> <span class='ocrx_word' id='word_1_345' title='bbox 2147 3718 2264 3781; x_wconf 88' lang='lat' dir='ltr'>hoc</span> <span class='ocrx_word' id='word_1_346' title='bbox 2310 3716 2493 3782; x_wconf 91' lang='lat' dir='ltr'>modo</span> <span class='ocrx_word' id='word_1_347' title='bbox 2539 3719 2834 3784; x_wconf 85' lang='lat' dir='ltr'>voluntas</span> <span class='ocrx_word' id='word_1_348' title='bbox 2881 3720 3182 3786; x_wconf 85' lang='lat' dir='ltr'>inferioris</span> 
     </span>
     <span class='ocr_line' id='line_1_35' title="bbox 720 3818 2220 3905; baseline -0.001 -21"><span class='ocrx_word' id='word_1_349' title='bbox 720 3823 885 3905; x_wconf 84' lang='lat' dir='ltr'>esset</span> <span class='ocrx_word' id='word_1_350' title='bbox 929 3822 1208 3903; x_wconf 86' lang='lat' dir='ltr'>praelato</span> <span class='ocrx_word' id='word_1_351' title='bbox 1256 3821 1551 3885; x_wconf 87' lang='lat' dir='ltr'>subiecta.</span> <span class='ocrx_word' id='word_1_352' title='bbox 1594 3820 1693 3883; x_wconf 86' lang='lat' dir='ltr'>Ita</span> <span class='ocrx_word' id='word_1_353' title='bbox 1732 3818 1910 3883; x_wconf 87' lang='lat' dir='ltr'>Suar.</span> <span class='ocrx_word' id='word_1_354' title='bbox 1944 3820 1986 3882; x_wconf 92' lang='lat' dir='ltr'>l.</span> <span class='ocrx_word' id='word_1_355' title='bbox 2020 3840 2070 3883; x_wconf 92' lang='lat' dir='ltr'>c.</span> <span class='ocrx_word' id='word_1_356' title='bbox 2106 3820 2220 3902; x_wconf 88' lang='lat' dir='ltr'>(b).</span> 
     </span>
    </p>
   </div>
   <div class='ocr_carea' id='block_1_3' title="bbox 725 3970 1013 3980">
    <p class='ocr_par' dir='ltr' id='par_1_6' title="bbox 725 3970 1013 3980">
     <span class='ocr_line' id='line_1_36' title="bbox 725 3970 1013 3980; baseline 0 1167"><span class='ocrx_word' id='word_1_357' title='bbox 725 3970 1013 3980; x_wconf 95' lang='lat' dir='ltr'> </span> 
     </span>
    </p>
   </div>
   <div class='ocr_carea' id='block_1_4' title="bbox 717 4058 3173 4650">
    <p class='ocr_par' dir='ltr' id='par_1_7' title="bbox 722 4058 3173 4187">
     <span class='ocr_line' id='line_1_37' title="bbox 797 4058 3173 4119; baseline -0.002 -11"><span class='ocrx_word' id='word_1_358' title='bbox 797 4066 859 4119; x_wconf 72' lang='lat' dir='ltr'>(a)</span> <span class='ocrx_word' id='word_1_359' title='bbox 890 4062 1064 4107; x_wconf 85' lang='lat' dir='ltr'>Sermo</span> <span class='ocrx_word' id='word_1_360' title='bbox 1092 4064 1168 4104; x_wconf 80' lang='lat' dir='ltr'>est</span> <span class='ocrx_word' id='word_1_361' title='bbox 1196 4061 1256 4104; x_wconf 89' lang='lat' dir='ltr'>de</span> <span class='ocrx_word' id='word_1_362' title='bbox 1286 4061 1483 4104; x_wconf 76' lang='lat' dir='ltr'>clericis</span> <span class='ocrx_word' id='word_1_363' title='bbox 1512 4060 1674 4103; x_wconf 75' lang='lat' dir='ltr'>vitam</span> <span class='ocrx_word' id='word_1_364' title='bbox 1702 4069 2020 4103; x_wconf 84' lang='lat' dir='ltr'>eommunem</span> <span class='ocrx_word' id='word_1_365' title='bbox 2047 4058 2313 4112; x_wconf 74' lang='lat' dir='ltr'>agentibus</span> <span class='ocrx_word' id='word_1_366' title='bbox 2343 4058 2573 4114; x_wconf 87' lang='lat' dir='ltr'>illudque</span> <span class='ocrx_word' id='word_1_367' title='bbox 2613 4059 2923 4115; x_wconf 77' lang='lat' dir='ltr'>decernitur,</span> <span class='ocrx_word' id='word_1_368' title='bbox 2954 4064 3013 4104; x_wconf 78' lang='lat' dir='ltr'>ut</span> <span class='ocrx_word' id='word_1_369' title='bbox 3043 4058 3173 4103; x_wconf 81' lang='lat' dir='ltr'>nihil</span> 
     </span>
     <span class='ocr_line' id='line_1_38' title="bbox 722 4127 1702 4187; baseline -0.007 -12"><span class='ocrx_word' id='word_1_370' title='bbox 722 4131 913 4187; x_wconf 76' lang='lat' dir='ltr'>proprii</span> <span class='ocrx_word' id='word_1_371' title='bbox 940 4130 995 4174; x_wconf 89' lang='grc'>111</span> <span class='ocrx_word' id='word_1_372' title='bbox 1023 4129 1167 4172; x_wconf 77' lang='lat' dir='ltr'>bonis</span> <span class='ocrx_word' id='word_1_373' title='bbox 1193 4128 1378 4171; x_wconf 79' lang='lat' dir='ltr'>habere</span> <span class='ocrx_word' id='word_1_374' title='bbox 1405 4127 1614 4182; x_wconf 72' lang='lat' dir='ltr'>possint.</span> <span class='ocrx_word' id='word_1_375' title='bbox 1644 4127 1702 4169; x_wconf 85' lang='lat' dir='ltr'>E.</span> 
     </span>
    </p>

    <p class='ocr_par' dir='ltr' id='par_1_8' title="bbox 717 4194 3172 4650">
     <span class='ocr_line' id='line_1_39' title="bbox 803 4194 3172 4253; baseline -0.002 -12"><span class='ocrx_word' id='word_1_376' title='bbox 803 4200 868 4253; x_wconf 88' lang='lat' dir='ltr'>(b)</span> <span class='ocrx_word' id='word_1_377' title='bbox 896 4198 947 4242; x_wconf 87' lang='lat' dir='ltr'>Si</span> <span class='ocrx_word' id='word_1_378' title='bbox 978 4195 1224 4253; x_wconf 78' lang='lat' dir='ltr'>praecisio</span> <span class='ocrx_word' id='word_1_379' title='bbox 1253 4195 1345 4239; x_wconf 79' lang='lat' dir='ltr'>flat</span> <span class='ocrx_word' id='word_1_380' title='bbox 1374 4209 1403 4239; x_wconf 82' lang='lat' dir='ltr'>a</span> <span class='ocrx_word' id='word_1_381' title='bbox 1432 4196 1544 4238; x_wconf 86' lang='lat' dir='ltr'>iure</span> <span class='ocrx_word' id='word_1_382' title='bbox 1572 4194 1806 4248; x_wconf 80' lang='lat' dir='ltr'>positivo,</span> <span class='ocrx_word' id='word_1_383' title='bbox 1834 4206 1936 4237; x_wconf 89' lang='grc'>11011</span> <span class='ocrx_word' id='word_1_384' title='bbox 1964 4198 2174 4249; x_wconf 76' lang='lat' dir='ltr'>apparet</span> <span class='ocrx_word' id='word_1_385' title='bbox 2202 4206 2321 4236; x_wconf 75' lang='lat' dir='ltr'>sane</span> <span class='ocrx_word' id='word_1_386' title='bbox 2350 4205 2472 4237; x_wconf 72' lang='lat' dir='ltr'>vera</span> <span class='ocrx_word' id='word_1_387' title='bbox 2508 4195 2874 4238; x_wconf 63' lang='lat' dir='ltr'>demonstratio</span> <span class='ocrx_word' id='word_1_388' title='bbox 2910 4195 3058 4237; x_wconf 76' lang='lat' dir='ltr'>huius</span> <span class='ocrx_word' id='word_1_389' title='bbox 3092 4204 3172 4247; x_wconf 81' lang='lat' dir='ltr'>po·</span> 
     </span>
     <span class='ocr_line' id='line_1_40' title="bbox 721 4260 3165 4323; baseline -0.001 -13"><span class='ocrx_word' id='word_1_390' title='bbox 721 4267 924 4323; x_wconf 74' lang='lat' dir='ltr'>test-utin</span> <span class='ocrx_word' id='word_1_391' title='bbox 950 4266 1114 4309; x_wconf 81' lang='lat' dir='ltr'>factae</span> <span class='ocrx_word' id='word_1_392' title='bbox 1145 4262 1295 4319; x_wconf 77' lang='lat' dir='ltr'>patri,</span> <span class='ocrx_word' id='word_1_393' title='bbox 1326 4262 1452 4316; x_wconf 83' lang='lat' dir='ltr'>viro,</span> <span class='ocrx_word' id='word_1_394' title='bbox 1481 4262 1711 4317; x_wconf 74' lang='lat' dir='ltr'>praelato</span> <span class='ocrx_word' id='word_1_395' title='bbox 1739 4261 1981 4304; x_wconf 75' lang='lat' dir='ltr'>irritandi</span> <span class='ocrx_word' id='word_1_396' title='bbox 2008 4261 2198 4304; x_wconf 81' lang='lat' dir='ltr'>directe</span> <span class='ocrx_word' id='word_1_397' title='bbox 2227 4263 2371 4304; x_wconf 77' lang='lat' dir='ltr'>vota:</span> <span class='ocrx_word' id='word_1_398' title='bbox 2401 4260 2502 4304; x_wconf 87' lang='lat' dir='ltr'>imo</span> <span class='ocrx_word' id='word_1_399' title='bbox 2522 4261 2655 4315; x_wconf 87' lang='lat' dir='ltr'>quod</span> <span class='ocrx_word' id='word_1_400' title='bbox 2673 4265 2870 4316; x_wconf 70' lang='lat' dir='ltr'>spectat</span> <span class='ocrx_word' id='word_1_401' title='bbox 2898 4263 2961 4305; x_wconf 72' lang='lat' dir='ltr'>ad</span> <span class='ocrx_word' id='word_1_402' title='bbox 2990 4262 3165 4308; x_wconf 70' lang='lat' dir='ltr'>virum,</span> 
     </span>
     <span class='ocr_line' id='line_1_41' title="bbox 723 4325 3164 4387; baseline -0.004 -10"><span class='ocrx_word' id='word_1_403' title='bbox 723 4347 825 4377; x_wconf 84' lang='lat' dir='ltr'>non</span> <span class='ocrx_word' id='word_1_404' title='bbox 854 4334 1001 4387; x_wconf 72' lang='lat' dir='ltr'>pauci</span> <span class='ocrx_word' id='word_1_405' title='bbox 1031 4346 1142 4376; x_wconf 79' lang='lat' dir='ltr'>eam</span> <span class='ocrx_word' id='word_1_406' title='bbox 1171 4344 1377 4387; x_wconf 75' lang='lat' dir='ltr'>prorsus</span> <span class='ocrx_word' id='word_1_407' title='bbox 1416 4333 1625 4384; x_wconf 71' lang='lat' dir='ltr'>negant,</span> <span class='ocrx_word' id='word_1_408' title='bbox 1653 4328 1937 4372; x_wconf 78' lang='lat' dir='ltr'>rationibus</span> <span class='ocrx_word' id='word_1_409' title='bbox 1969 4331 2106 4371; x_wconf 78' lang='lat' dir='ltr'>certe</span> <span class='ocrx_word' id='word_1_410' title='bbox 2143 4340 2245 4370; x_wconf 85' lang='lat' dir='ltr'>non</span> <span class='ocrx_word' id='word_1_411' title='bbox 2281 4327 2674 4372; x_wconf 80' lang='lat' dir='ltr'>contemnendis.</span> <span class='ocrx_word' id='word_1_412' title='bbox 2704 4327 2779 4371; x_wconf 80' lang='lat' dir='ltr'>Cf.</span> <span class='ocrx_word' id='word_1_413' title='bbox 2811 4328 3030 4372; x_wconf 58' lang='lat' dir='ltr'>Iastium</span> <span class='ocrx_word' id='word_1_414' title='bbox 3057 4328 3094 4369; x_wconf 84' lang='lat'>1.</span> <span class='ocrx_word' id='word_1_415' title='bbox 3121 4325 3164 4367; x_wconf 76' lang='lat'>2.</span> 
     </span>
     <span class='ocr_line' id='line_1_42' title="bbox 722 4396 3165 4453; baseline -0.003 -8"><span class='ocrx_word' id='word_1_416' title='bbox 722 4414 765 4445; x_wconf 85' lang='lat' dir='ltr'>c.</span> <span class='ocrx_word' id='word_1_417' title='bbox 786 4402 854 4443; x_wconf 75' lang='lat'>40.</span> <span class='ocrx_word' id='word_1_418' title='bbox 877 4401 1037 4444; x_wconf 80' lang='lat' dir='ltr'>dubit.</span> <span class='ocrx_word' id='word_1_419' title='bbox 1063 4402 1127 4444; x_wconf 84' lang='lat'>15.</span> <span class='ocrx_word' id='word_1_420' title='bbox 1150 4407 1201 4443; x_wconf 83' lang='lat' dir='ltr'>et</span> <span class='ocrx_word' id='word_1_421' title='bbox 1229 4399 1538 4453; x_wconf 70' lang='lat' dir='ltr'>Schmalzgr.</span> <span class='ocrx_word' id='word_1_422' title='bbox 1560 4399 1597 4442; x_wconf 91' lang='lat'>1.</span> <span class='ocrx_word' id='word_1_423' title='bbox 1626 4398 1668 4441; x_wconf 83' lang='lat'>3.</span> <span class='ocrx_word' id='word_1_424' title='bbox 1698 4401 1736 4439; x_wconf 89' lang='lat' dir='ltr'>t.</span> <span class='ocrx_word' id='word_1_425' title='bbox 1759 4398 1827 4439; x_wconf 73' lang='lat'>34.</span> <span class='ocrx_word' id='word_1_426' title='bbox 1849 4410 1898 4439; x_wconf 84' lang='lat' dir='ltr'>n.</span> <span class='ocrx_word' id='word_1_427' title='bbox 1919 4397 1987 4440; x_wconf 74' lang='lat'>90.</span> <span class='ocrx_word' id='word_1_428' title='bbox 2010 4409 2111 4451; x_wconf 87' lang='lat' dir='ltr'>seq.</span> <span class='ocrx_word' id='word_1_429' title='bbox 2144 4397 2333 4440; x_wconf 82' lang='lat' dir='ltr'>Verum</span> <span class='ocrx_word' id='word_1_430' title='bbox 2364 4400 2413 4440; x_wconf 87' lang='lat' dir='ltr'>et</span> <span class='ocrx_word' id='word_1_431' title='bbox 2441 4398 2521 4440; x_wconf 80' lang='lat' dir='ltr'>ius</span> <span class='ocrx_word' id='word_1_432' title='bbox 2550 4397 2825 4450; x_wconf 72' lang='lat' dir='ltr'>positivum</span> <span class='ocrx_word' id='word_1_433' title='bbox 2854 4396 3005 4439; x_wconf 72' lang='lat' dir='ltr'>talem</span> <span class='ocrx_word' id='word_1_434' title='bbox 3037 4397 3165 4449; x_wconf 67' lang='lat' dir='ltr'>pote-</span> 
     </span>
     <span class='ocr_line' id='line_1_43' title="bbox 721 4463 3161 4515; baseline -0.004 -5"><span class='ocrx_word' id='word_1_435' title='bbox 721 4471 909 4510; x_wconf 79' lang='lat' dir='ltr'>statem</span> <span class='ocrx_word' id='word_1_436' title='bbox 929 4468 1189 4510; x_wconf 81' lang='lat' dir='ltr'>conferens</span> <span class='ocrx_word' id='word_1_437' title='bbox 1208 4466 1413 4509; x_wconf 82' lang='lat' dir='ltr'>difficile</span> <span class='ocrx_word' id='word_1_438' title='bbox 1433 4468 1509 4508; x_wconf 82' lang='lat' dir='ltr'>est</span> <span class='ocrx_word' id='word_1_439' title='bbox 1531 4464 1784 4515; x_wconf 74' lang='lat' dir='ltr'>invenire3</span> <span class='ocrx_word' id='word_1_440' title='bbox 1808 4464 2012 4508; x_wconf 78' lang='lat' dir='ltr'>videtur</span> <span class='ocrx_word' id='word_1_441' title='bbox 2036 4464 2171 4506; x_wconf 84' lang='lat' dir='ltr'>enim</span> <span class='ocrx_word' id='word_1_442' title='bbox 2193 4476 2295 4507; x_wconf 78' lang='lat' dir='ltr'>esse</span> <span class='ocrx_word' id='word_1_443' title='bbox 2315 4464 2479 4507; x_wconf 76' lang='lat' dir='ltr'>solum</span> <span class='ocrx_word' id='word_1_444' title='bbox 2498 4463 2779 4509; x_wconf 73' lang='lat' dir='ltr'>declarans.</span> <span class='ocrx_word' id='word_1_445' title='bbox 2801 4464 3033 4514; x_wconf 69' lang='lat' dir='ltr'>Quocirca</span> <span class='ocrx_word' id='word_1_446' title='bbox 3051 4472 3161 4504; x_wconf 81' lang='lat' dir='ltr'>cum</span> 
     </span>
     <span class='ocr_line' id='line_1_44' title="bbox 719 4528 3162 4587; baseline -0.004 -10"><span class='ocrx_word' id='word_1_447' title='bbox 719 4536 800 4578; x_wconf 74' lang='lat' dir='ltr'>ius</span> <span class='ocrx_word' id='word_1_448' title='bbox 819 4534 1093 4587; x_wconf 69' lang='lat' dir='ltr'>positivum</span> <span class='ocrx_word' id='word_1_449' title='bbox 1107 4532 1408 4577; x_wconf 77' lang='lat' dir='ltr'>canonicum</span> <span class='ocrx_word' id='word_1_450' title='bbox 1428 4532 1558 4574; x_wconf 72' lang='lat' dir='ltr'>hanc</span> <span class='ocrx_word' id='word_1_451' title='bbox 1574 4534 1878 4584; x_wconf 69' lang='lat' dir='ltr'>potestatem</span> <span class='ocrx_word' id='word_1_452' title='bbox 1905 4533 2242 4586; x_wconf 74' lang='lat' dir='ltr'>recognoscat,</span> <span class='ocrx_word' id='word_1_453' title='bbox 2263 4543 2361 4574; x_wconf 82' lang='lat' dir='ltr'>non</span> <span class='ocrx_word' id='word_1_454' title='bbox 2382 4531 2618 4574; x_wconf 78' lang='lat' dir='ltr'>videatur</span> <span class='ocrx_word' id='word_1_455' title='bbox 2637 4534 2811 4575; x_wconf 67' lang='lat' dir='ltr'>tamen</span> <span class='ocrx_word' id='word_1_456' title='bbox 2830 4544 2939 4575; x_wconf 61' lang='lat' dir='ltr'>enm</span> <span class='ocrx_word' id='word_1_457' title='bbox 2958 4528 3162 4572; x_wconf 67' lang='lat' dir='ltr'>voluisse</span> 
     </span>
     <span class='ocr_line' id='line_1_45' title="bbox 717 4597 2952 4650; baseline -0.001 -6"><span class='ocrx_word' id='word_1_458' title='bbox 717 4604 963 4650; x_wconf 78' lang='lat' dir='ltr'>statuere,</span> <span class='ocrx_word' id='word_1_459' title='bbox 990 4599 1122 4641; x_wconf 87' lang='lat' dir='ltr'>illud</span> <span class='ocrx_word' id='word_1_460' title='bbox 1148 4600 1313 4642; x_wconf 84' lang='lat' dir='ltr'>solum</span> <span class='ocrx_word' id='word_1_461' title='bbox 1342 4598 1621 4641; x_wconf 83' lang='lat' dir='ltr'>tenendum</span> <span class='ocrx_word' id='word_1_462' title='bbox 1650 4597 1748 4639; x_wconf 83' lang='lat' dir='ltr'>erit</span> <span class='ocrx_word' id='word_1_463' title='bbox 1775 4598 1911 4650; x_wconf 85' lang='lat' dir='ltr'>quod</span> <span class='ocrx_word' id='word_1_464' title='bbox 1937 4602 2079 4641; x_wconf 80' lang='lat' dir='ltr'>certa</span> <span class='ocrx_word' id='word_1_465' title='bbox 2104 4598 2300 4641; x_wconf 77' lang='lat' dir='ltr'>ratione</span> <span class='ocrx_word' id='word_1_466' title='bbox 2329 4610 2446 4641; x_wconf 83' lang='lat' dir='ltr'>vere</span> <span class='ocrx_word' id='word_1_467' title='bbox 2472 4597 2868 4641; x_wconf 70' lang='lat' dir='ltr'>demonstratur.</span> <span class='ocrx_word' id='word_1_468' title='bbox 2898 4598 2952 4641; x_wconf 83' lang='grc' dir='ltr'>Ε.</span> 
     </span>
    </p>
   </div>
   <div class='ocr_carea' id='block_1_5' title="bbox 3407 1720 3409 4066">
    <p class='ocr_par' dir='ltr' id='par_1_9' title="bbox 3407 1720 3409 4066">
     <span class='ocr_line' id='line_1_46' title="bbox 3407 1720 3409 4066; baseline 0 0"><span class='ocrx_word' id='word_1_469' title='bbox 3407 1720 3409 4066; x_wconf 95' lang='lat' dir='ltr'> </span> 
     </span>
    </p>
   </div>
   <div class='ocr_carea' id='block_1_6' title="bbox 3407 4307 3409 4947">
    <p class='ocr_par' dir='ltr' id='par_1_10' title="bbox 3407 4307 3409 4947">
     <span class='ocr_line' id='line_1_47' title="bbox 3407 4307 3409 4947; baseline 0 0"><span class='ocrx_word' id='word_1_470' title='bbox 3407 4307 3409 4947; x_wconf 95' lang='lat' dir='ltr'> </span> 
     </span>
    </p>
   </div>
  </div>
 </body>
</html>
