3497 5147
711 316 819 370 252
944 329 1154 370 TRACT.
1188 332 1263 370 vi.
1292 329 1451 370 sacr.
1484 332 1519 369 1.
1548 331 1632 368 Da
1667 330 1857 371 paruo
1883 330 2099 370 manac.
2127 329 2454 370 DECALOGI.
2481 329 2615 368 car).
2646 329 2682 367 1.
2711 329 2854 369 Dua.
2883 328 2946 368 11.
3024 315 3169 383 [545]

709 435 880 491 gentes
917 434 965 479 et
992 426 1173 479 liberos
1200 436 1284 480 aul
1306 442 1431 492 quae
1456 443 1483 478 a
1512 430 1617 480 Deo
1646 429 1872 492 pendent,
1895 435 1947 479 ιιι
1971 424 2100 479 circa
2128 432 2308 478 statum
2333 424 2540 490 animae,
2576 427 2701 477 dona
2730 423 2932 489 gratiae,
2953 424 3170 487 divitias

716 514 945 574 honores
974 515 1224 575 fortunam,
1266 510 1474 576 nuptiaS,
1502 518 1679 564 statum
1722 512 1852 563 vitae
1892 520 1939 564 et
1977 510 2171 571 similia,
2198 525 2407 575 quorum
2448 509 2624 562 electio
2652 508 2925 562 voluntaria
2954 517 3030 563 est
3072 518 3121 563 et
3147 525 3173 563 a

712 595 866 648 libera
884 595 1132 648 hominum
1156 599 1405 649 voluntale
1428 596 1627 661 pendet:
1644 596 1856 661 itemque
1877 597 1937 647 de
1963 598 2110 647 rebus
2130 594 2350 659 occultiS,
2373 602 2422 647 ιιι
2451 598 2596 657 ἴοι-ιο,
2612 598 2843 647 thesauro
2864 595 3172 648 abscondito.

714 681 776 731 V.
805 682 939 732 Lesa
974 682 1003 732 Ι.
1032 696 1074 732 c.
1102 687 1149 732 et
1177 682 1295 731 Bon.
1322 682 1368 732 d.
1399 683 1446 733 3.
1474 696 1519 745 q.
1551 680 1600 733 5.
1634 695 1677 745 p.
1707 683 1755 732 3.
1785 695 1832 732 ιι.
1865 681 1942 730 Η.
1971 682 2111 732 Suar.
2140 683 2314 732 Sancb.
2344 682 2374 732 Ι.
2402 694 2443 731 c.

802 821 979 896 345.
1016 824 1185 905 Quae
1218 826 1508 889 dicuntur
1546 825 1617 889 de
1664 826 2005 907 horoscopo
2053 843 2162 888 seu
2194 826 2421 906 puncto
2454 824 2828 899 nativitatis5
2865 842 3029 887 nunc
3075 824 3176 888 ob—

714 930 912 995 soleta
944 933 1118 993 sunt:
1155 928 1414 1009 ideoque
1445 928 1594 992 haec
1625 927 2026 991 divinationis
2059 927 2365 990 naturalis
2398 926 2627 1008 species
2675 926 2752 989 ad
2789 927 3004 991 inanes
3050 927 3176 1009 opi-

715 1033 928 1096 niones
959 1031 1305 1094 reiicienda.
1342 1029 1402 1093 S.
1434 1030 1792 1112 Alphonsus
1823 1030 1929 1092 lib.
1957 1030 2018 1092 3.
2046 1050 2105 1092 n.
2137 1030 2237 1092 10.

802 1134 979 1213 Quod
998 1153 1139 1198 vero
1157 1134 1386 1197 dicitur
1400 1133 1473 1197 de
1489 1133 1853 1213 astroloyz'a,
1871 1132 2373 1216 distinguebatur
2386 1130 2706 1195 naturalis
2722 1134 2786 1195 et
2801 1130 3138 1195 iudiciaria
3151 1152 3172 1194 .-

712 1236 880 1318 quod
904 1255 1049 1318 prae
1085 1236 1278 1300 oculis
1310 1235 1680 1312 habendum,
1708 1238 1782 1298 ut
1813 1235 2117 1299 Ecclesiae
2149 1234 2394 1298 decreta
2425 1234 2544 1297 rite
2573 1234 3026 1318 intelligantur.
3052 1234 3176 1298 Na-

714 1338 938 1402 turalis
965 1338 1306 1421 astrologia
1338 1338 1584 1414 dicitur,
1611 1356 1770 1418 quae
1794 1337 1867 1400 de
1891 1336 2387 1420 tempestatibus
2415 1336 2663 1418 pluviis,
2690 1338 2891 1400 ventis
2917 1340 3034 1400 etc.
3058 1337 3176 1401 dis-

712 1440 863 1504 serit
887 1459 995 1504 seu
1020 1440 1269 1503 coniicit
1299 1441 1363 1503 et
1385 1440 1608 1503 melius
1631 1439 2000 1522 generaliori
2033 1438 2334 1503 vocabulo
2367 1439 2672 1503 diceretur
2702 1437 3176 1520 nwteoroloyia‚·

718 1562 862 1607 nam
893 1543 1093 1624 reipsa
1135 1562 1356 1625 parum
1402 1544 1515 1618 est,
1556 1542 1720 1624 quod
1769 1543 2091 1605 conferunt
2129 1546 2318 1613 astra,
2353 1542 2693 1624 plurimum
2731 1542 2945 1604 autom
2983 1541 3078 1605 sol
3116 1544 3179 1606 et

716 1645 955 1726 aliquid
985 1646 1135 1708 luna
1175 1646 1456 1726 aliaeque
1502 1664 1745 1709 causae.
1780 1644 1860 1707 Et
1892 1664 2053 1708 nunc
2099 1663 2205 1726 per
2241 1645 2657 1707 instrumenta
2694 1644 2945 1726 propria
2993 1644 3178 1708 huius

714 1750 1009 1813 scientiae
1032 1749 1254 1813 melius
1279 1751 1341 1812 et
1366 1748 1604 1812 felicius
1622 1748 1899 1812 noscitur
1922 1746 2241 1810 defuturis
2258 1746 2372 1813 aut
2395 1746 2468 1809 de
2485 1747 2657 1809 statu
2684 1746 3175 1828 atmosphaerae.

715 1852 852 1915 Hae
886 1852 1345 1915 observationes
1376 1851 1584 1915 licitae
1616 1851 1782 1927 sunt,
1818 1850 1916 1913 uti
1944 1851 2138 1931 patet.

804 1954 1166 2035 Astrologia
1202 1954 1539 2016 iudiciaria
1585 1952 1831 2029 dicitur,
1858 1972 2016 2033 quae
2047 1972 2119 2017 ex
2155 1952 2350 2035 signis
2387 1952 2450 2016 in
2484 1951 2669 2031 astris
2699 1951 2916 2018 futura
2947 1955 3179 2019 contin-

715 2056 929 2139 gentia
963 2055 1221 2132 divinat,
1257 2074 1414 2135 quae
1446 2056 1710 2136 pendent
1744 2074 1776 2118 a
1812 2055 2006 2119 libera
2037 2056 2362 2119 hominum
2391 2056 2734 2119 voluntate.
2761 2056 2935 2121 Haec
2959 2057 3178 2121 illicita

717 2161 812 2223 est
844 2161 907 2222 et
931 2162 1247 2240 praeterea
1271 2158 1510 2222 inducit
1532 2157 1844 2240 quoddam
1877 2157 2079 2221 fatum
2112 2159 2175 2221 et
2200 2159 2444 2240 saepius
2470 2159 2564 2221 est
2588 2157 2903 2235 damnata,
2931 2159 3181 2223 etiamsi

715 2262 818 2343 (ut
849 2261 1113 2324 habetur
1143 2262 1204 2323 in
1238 2259 1656 2326 Costitutione
1688 2259 1846 2324 Sixti
1879 2260 1954 2324 V.
1997 2280 2095 2325 an.
2134 2261 2346 2337 1586„
2386 2263 2450 2325 et
2486 2261 2703 2343 incipit
2746 2286 2782 2320 ι
2807 2260 3180 2325 Modo-rator

714 2364 869 2427 coeli
900 2366 969 2447 »)
1007 2365 1145 2445 quis
1177 2383 1299 2428 non
1337 2363 1565 2427 audeat
1594 2366 1762 2427 certo
1788 2364 2118 2439 affirmare,
2146 2366 2257 2427 aut
2287 2363 2666 2445 protestetur
2686 2382 2750 2427 se
2775 2364 3034 2429 cuilibet
3057 2364 3182 2430 dia-

717 2466 915 2531 bolico
949 2466 1314 2530 commercio
1346 2466 1718 2530 renuntiare.

803 2564 983 2639 346.
1019 2569 1238 2651 Opinio
1274 2571 1480 2631 tamen
1512 2567 1635 2631 fuit
1666 2568 2010 2633 Doctorum
2057 2568 2251 2651 elapsi
2295 2569 2612 2652 temporis,
2654 2570 3181 2654 astra‘cooperari

717 2690 895 2755 posse
928 2672 989 2733 in
1018 2671 1331 2752 passiones
1363 2670 1704 2734 hominum.
1738 2671 1820 2734 Et
1855 2671 2108 2753 proinde
2138 2672 2283 2735 licet
2314 2671 2603 2736 illicitam
2633 2671 2903 2736 dicerent
2941 2672 3181 2737 divina·

716 2774 948 2837 tionem
980 2773 1174 2836 relate
1201 2773 1277 2835 ad
1302 2791 1595 2855 personae
1615 2773 2008 2856 particularis
2035 2774 2326 2850 actiones,
2352 2772 2591 2837 licitam
2617 2774 2826 2837 tamen
2849 2775 3179 2856 putabant,

718 2876 771 2940 si
797 2875 971 2939 fieret
1001 2877 1064 2939 in
1090 2875 1361 2959 generali
1400 2878 1587 2957 atque
1613 2875 1763 2940 adeo
1795 2876 2033 2939 licitam
2058 2875 2343 2938 dixerunt
2367 2875 2973 2958 praenuntiationem
2999 2877 3183 2941 bello-

716 2999 859 3044 rum
884 2980 1398 3060 seditionumque,
1426 2981 1498 3042 ut
1522 2979 1726 3043 videre
1751 2982 1845 3043 est
1871 2978 2033 3062 apud
2059 2997 2108 3042 s.
2128 2978 2314 3059 Alph.
2337 2978 2403 3041 in
2421 2980 2554 3042 not.
2580 2977 2659 3041 ad
2681 2978 2890 3042 Resol.
2911 2980 2974 3042 8.
2995 3000 3054 3043 ιι.
3081 2982 3179 3044 10.

807 3085 941 3148 Imo
977 3084 1150 3147 addit
1179 3084 1330 3146 haec
1362 3083 1547 3146 verba
1581 3103 1628 3145 s,
1664 3083 1938 3146 Thomae
1971 3101 2042 3144 ex
2081 3084 2135 3144 l.
2169 3101 2228 3162 q.
2266 3083 2371 3145 95.
2406 3083 2526 3146 art.
2558 3083 2619 3144 4.
2656 3082 2733 3146 ad
2767 3083 2860 3146 3.:
2901 3107 2939 3141 «ι
2963 3084 3181 3148 Plures

719 3186 997 3249 homines
1031 3187 1376 3266 sequuntur
1421 3185 1754 3267 passioneS‚
1788 3202 1946 3264 quae
1985 3186 2132 3246 sunt
2162 3187 2373 3248 motus
2412 3185 2725 3267 appetitus
2759 3186 3065 3262 sensitivi‚
3106 3184 3180 3250 ad

718 3306 874 3368 quas
907 3289 1221 3368 cooperari
1252 3288 1515 3370 possunt
1559 3304 1815 3367 corpora
1847 3286 2170 3361 caelestia3
2207 3286 2386 3369 pauci
2420 3289 2631 3351 autem
2669 3290 2816 3352 sunt
2848 3289 3178 3372 sapiente8‚

720 3391 828 3473 qui
861 3391 1216 3454 huiusmodi
1248 3390 1635 3473 passionibus
1683 3390 1995 3453 resistant.
2031 3389 2112 3452 Et
2158 3389 2293 3454 ideo
2333 3390 2633 3474 astrologi
2680 3394 2752 3455 ut
2799 3391 2862 3454 in
2896 3393 3182 3474 pluribus

723 3513 867 3559 vera
900 3497 1160 3576 possunt
1197 3493 1541 3576 praedicere
1573 3493 1636 3556 et
1666 3492 1932 3555 maxime
1962 3492 2026 3555 in
2059 3492 2391 3569 communi,
2419 3511 2539 3557 non
2565 3495 2778 3557 autem
2801 3494 2865 3558 in
2891 3497 3180 3578 speciali3

719 3598 867 3677 quia
894 3596 1045 3659 nihil
1072 3595 1356 3677 prohibet
1386 3595 1657 3676 aliquem
1690 3595 2002 3659 hominem
2026 3613 2132 3677 per
2153 3595 2418 3658 liberum
2436 3595 2763 3660 arbitrium
2788 3598 3184 3678 passionibus

717 3699 1001 3761 resistere
1032 3722 1092 3760 ».

807 3801 977 3863 Haec
1011 3803 1222 3863 autem
1253 3800 1531 3882 ponenda
1562 3801 1725 3863 inter
1758 3801 2114 3881 antiquatas
2149 3800 2507 3863 sententias,
2542 3799 2843 3874 Dicimu8‚
2871 3802 3187 3870 obsoletas

723 3919 852 3966 esse
894 3902 1073 3965 hasce
1123 3902 1457 3984 opinioneS‚
1492 3903 1799 3984 quatenus
1845 3902 2088 3964 nullum
2134 3902 2335 3983 reipsa
2384 3905 2640 3985 apparet
2683 3902 3186 3984 fundamentum,

722 4026 913 4089 quare
946 4027 1017 4070 ex
1050 4006 1353 4090 positione
1385 4007 1695 4069 astrorum
1729 4003 2168 4085 exspectandae
2200 4005 2326 4068 sint
2352 4004 2498 4070 illae
2529 4006 3009 4087 commotione83
3039 4031 3190 4076 nam

722 4111 1001 4174 veterum
1028 4109 1543 4174 naturalistarum
1568 4106 1641 4170 de
1665 4106 1763 4169 his
1789 4107 2063 4170 theoriae
2085 4107 2289 4190 reipsa
2310 4110 2458 4173 sunt
2482 4109 2662 4191 plane
2683 4110 2917 4176 inanes.
2951 4115 3046 4178 At
3063 4134 3188 4180 non

716 4213 1003 4294 neganda
1036 4211 1379 4294 generatim
1411 4209 1651 4272 theoria
1688 4211 1784 4272 est
1815 4208 1888 4271 de
1928 4209 2242 4273 effectibus
2289 4211 2651 4288 moralibus,
2686 4213 2790 4293 qui
2839 4216 3188 4296 praevideri

728 4315 959 4393 queant
998 4313 1057 4374 in
1091 4310 1461 4392 quibusdam
1493 4311 1696 4374 causis
1742 4310 2031 4394 physicis
2069 4312 2230 4394 aptis
2276 4331 2491 4396 nempe
2526 4312 2602 4376 ad
2649 4313 2967 4397 passiones
3002 4320 3190 4382 sensi-

723 4413 875 4476 biles
900 4415 1172 4496 proxime
1210 4414 1309 4477 vel
1344 4415 1577 4476 remote
1610 4413 2101 4478 commovendas
2138 4414 2237 4477 Ita
2283 4435 2424 4478 cum
2457 4415 2782 4498 plumbeus
2822 4415 3185 4485 dominatur

720 4518 951 4591 auster,
987 4515 1161 4579 facile
1194 4515 1533 4599 praevideri
1567 4519 1772 4600 potest
1805 4517 2173 4599 irrequietus
2206 4519 2415 4583 motus
2462 4538 2796 4602 puerorum
2833 4518 2898 4584 in
2946 4523 3175 4598 schola,
