<?xml version="1.0" encoding="UTF-8"?>
<!DOCTYPE html PUBLIC "-//W3C//DTD XHTML 1.0 Transitional//EN"
    "http://www.w3.org/TR/xhtml1/DTD/xhtml1-transitional.dtd">
<html xmlns="http://www.w3.org/1999/xhtml" xml:lang="en" lang="en">
 <head>
  <title>
</title>
<meta http-equiv="Content-Type" content="text/html;charset=utf-8" />
  <meta name='ocr-system' content='tesseract 3.04.00' />
  <meta name='ocr-capabilities' content='ocr_page ocr_carea ocr_par ocr_line ocrx_word'/>
</head>
<body>
  <div class='ocr_page' id='page_1' title='image "./opustheologicum00ballgoog/opustheologicum00ballgoog_0291.png"; bbox 0 0 3497 5147; ppageno 0'>
   <div class='ocr_carea' id='block_1_1' title="bbox 732 308 3192 377">
    <p class='ocr_par' dir='ltr' id='par_1_1' title="bbox 732 308 3192 377">
     <span class='ocr_line' id='line_1_1' title="bbox 732 308 3192 377; baseline 0.001 -15"><span class='ocrx_word' id='word_1_1' title='bbox 732 309 840 362; x_wconf 75' lang='grc'><strong>284</strong></span> <span class='ocrx_word' id='word_1_2' title='bbox 948 322 1160 362; x_wconf 71' lang='lat' dir='ltr'>TRAc&#39;r.</span> <span class='ocrx_word' id='word_1_3' title='bbox 1192 323 1268 362; x_wconf 80' lang='lat' dir='ltr'>vr.</span> <span class='ocrx_word' id='word_1_4' title='bbox 1300 322 1460 363; x_wconf 64' lang='lat' dir='ltr'>sacr.</span> <span class='ocrx_word' id='word_1_5' title='bbox 1490 323 1530 363; x_wconf 90' lang='lat'>1.</span> <span class='ocrx_word' id='word_1_6' title='bbox 1553 322 1640 362; x_wconf 70' lang='lat' dir='ltr'>mn</span> <span class='ocrx_word' id='word_1_7' title='bbox 1663 322 1856 363; x_wconf 73' lang='lat' dir='ltr'>Pmuo</span> <span class='ocrx_word' id='word_1_8' title='bbox 1879 321 2096 363; x_wconf 61' lang='lat' dir='ltr'>ruane.</span> <span class='ocrx_word' id='word_1_9' title='bbox 2122 322 2452 364; x_wconf 72' lang='lat' dir='ltr'>nncAnom.</span> <span class='ocrx_word' id='word_1_10' title='bbox 2478 322 2610 364; x_wconf 73' lang='lat' dir='ltr'>oAP.</span> <span class='ocrx_word' id='word_1_11' title='bbox 2637 323 2702 363; x_wconf 93' lang='lat'>11.</span> <span class='ocrx_word' id='word_1_12' title='bbox 2731 324 2874 364; x_wconf 75' lang='lat' dir='ltr'>nnn.</span> <span class='ocrx_word' id='word_1_13' title='bbox 2904 324 2968 364; x_wconf 76' lang='grc'>11.</span> <span class='ocrx_word' id='word_1_14' title='bbox 3048 308 3192 377; x_wconf 83' lang='grc'><strong>[386]</strong></span> 
     </span>
    </p>
   </div>
   <div class='ocr_carea' id='block_1_2' title="bbox 720 418 3200 4606">
    <p class='ocr_par' dir='ltr' id='par_1_2' title="bbox 736 418 3197 707">
     <span class='ocr_line' id='line_1_2' title="bbox 925 418 3197 502; baseline 0 -20"><span class='ocrx_word' id='word_1_15' title='bbox 925 418 1330 484; x_wconf 82' lang='lat' dir='ltr'>1⁰1nferend0</span> <span class='ocrx_word' id='word_1_16' title='bbox 1356 420 1417 482; x_wconf 88' lang='lat' dir='ltr'>in</span> <span class='ocrx_word' id='word_1_17' title='bbox 1441 438 1767 502; x_wconf 81' lang='lat' dir='ltr'>personam</span> <span class='ocrx_word' id='word_1_18' title='bbox 1791 438 2031 483; x_wconf 86' lang='lat' dir='ltr'>sacram</span> <span class='ocrx_word' id='word_1_19' title='bbox 2055 439 2276 485; x_wconf 87' lang='lat' dir='ltr'>manus</span> <span class='ocrx_word' id='word_1_20' title='bbox 2301 421 2604 485; x_wconf 86' lang='lat' dir='ltr'>violentas</span> <span class='ocrx_word' id='word_1_21' title='bbox 2630 420 2926 483; x_wconf 85' lang='lat' dir='ltr'>adversus</span> <span class='ocrx_word' id='word_1_22' title='bbox 2939 419 3197 499; x_wconf 77' lang='lat' dir='ltr'>privile-</span> 
     </span>
     <span class='ocr_line' id='line_1_3' title="bbox 736 521 3196 607; baseline 0.001 -22"><span class='ocrx_word' id='word_1_23' title='bbox 736 523 912 604; x_wconf 73' lang='lat' dir='ltr'>9ium</span> <span class='ocrx_word' id='word_1_24' title='bbox 943 521 1221 586; x_wconf 68' lang='lat' dir='ltr'>Get-nonis</span> <span class='ocrx_word' id='word_1_25' title='bbox 1251 523 1417 604; x_wconf 92' lang='lat' dir='ltr'>quod</span> <span class='ocrx_word' id='word_1_26' title='bbox 1441 541 1574 605; x_wconf 86' lang='lat' dir='ltr'>cap.</span> <span class='ocrx_word' id='word_1_27' title='bbox 1601 521 1675 585; x_wconf 81' lang='lat' dir='ltr'>Si</span> <span class='ocrx_word' id='word_1_28' title='bbox 1701 523 1845 603; x_wconf 79' lang='lat' dir='ltr'>quis</span> <span class='ocrx_word' id='word_1_29' title='bbox 1874 525 2172 587; x_wconf 64' lang='lat' dir='ltr'>suadente</span> <span class='ocrx_word' id='word_1_30' title='bbox 2208 525 2310 587; x_wconf 88' lang='lat'>17.</span> <span class='ocrx_word' id='word_1_31' title='bbox 2337 545 2395 605; x_wconf 90' lang='lat' dir='ltr'>q.</span> <span class='ocrx_word' id='word_1_32' title='bbox 2423 525 2486 586; x_wconf 84' lang='lat'>4.</span> <span class='ocrx_word' id='word_1_33' title='bbox 2505 542 2576 587; x_wconf 81' lang='lat' dir='ltr'>ex</span> <span class='ocrx_word' id='word_1_34' title='bbox 2608 521 2845 587; x_wconf 83' lang='lat' dir='ltr'>motivo</span> <span class='ocrx_word' id='word_1_35' title='bbox 2878 522 3196 607; x_wconf 82' lang='lat' dir='ltr'>religionis</span> 
     </span>
     <span class='ocr_line' id='line_1_4' title="bbox 740 624 2581 707; baseline 0.001 -21"><span class='ocrx_word' id='word_1_36' title='bbox 740 624 1185 689; x_wconf 86' lang='lat' dir='ltr'>Ecclesiasticis</span> <span class='ocrx_word' id='word_1_37' title='bbox 1218 644 1290 688; x_wconf 90' lang='lat' dir='ltr'>ac</span> <span class='ocrx_word' id='word_1_38' title='bbox 1321 626 1451 689; x_wconf 90' lang='lat' dir='ltr'>Deo</span> <span class='ocrx_word' id='word_1_39' title='bbox 1483 625 1743 689; x_wconf 89' lang='lat' dir='ltr'>sacratis</span> <span class='ocrx_word' id='word_1_40' title='bbox 1775 626 2049 707; x_wconf 85' lang='lat' dir='ltr'>personis</span> <span class='ocrx_word' id='word_1_41' title='bbox 2080 644 2436 690; x_wconf 87' lang='lat' dir='ltr'>concessum</span> <span class='ocrx_word' id='word_1_42' title='bbox 2469 628 2581 689; x_wconf 88' lang='lat' dir='ltr'>est.</span> 
     </span>
    </p>

    <p class='ocr_par' dir='ltr' id='par_1_3' title="bbox 743 725 3198 913">
     <span class='ocr_line' id='line_1_5' title="bbox 918 725 3198 809; baseline 0 -20"><span class='ocrx_word' id='word_1_43' title='bbox 918 725 986 789; x_wconf 83' lang='grc' dir='ltr'>2ο</span> <span class='ocrx_word' id='word_1_44' title='bbox 1004 726 1392 791; x_wconf 89' lang='lat' dir='ltr'>Subiiciendo</span> <span class='ocrx_word' id='word_1_45' title='bbox 1419 746 1710 809; x_wconf 81' lang='lat' dir='ltr'>personas</span> <span class='ocrx_word' id='word_1_46' title='bbox 1729 727 2190 792; x_wconf 85' lang='lat' dir='ltr'>Ecclesiasticas</span> <span class='ocrx_word' id='word_1_47' title='bbox 2212 728 2438 792; x_wconf 88' lang='lat' dir='ltr'>iudicio</span> <span class='ocrx_word' id='word_1_48' title='bbox 2454 728 2570 791; x_wconf 87' lang='lat' dir='ltr'>fori</span> <span class='ocrx_word' id='word_1_49' title='bbox 2588 726 2884 791; x_wconf 87' lang='lat' dir='ltr'>secularis</span> <span class='ocrx_word' id='word_1_50' title='bbox 2901 726 3198 791; x_wconf 82' lang='lat' dir='ltr'>adversus</span> 
     </span>
     <span class='ocr_line' id='line_1_6' title="bbox 743 828 2892 913; baseline 0 -22"><span class='ocrx_word' id='word_1_51' title='bbox 743 828 1139 913; x_wconf 83' lang='lat' dir='ltr'>privilegium</span> <span class='ocrx_word' id='word_1_52' title='bbox 1166 828 1569 912; x_wconf 77' lang='lat' dir='ltr'>exemptionis</span> <span class='ocrx_word' id='word_1_53' title='bbox 1589 829 1860 905; x_wconf 76' lang='lat' dir='ltr'>illarum,</span> <span class='ocrx_word' id='word_1_54' title='bbox 1894 830 2060 911; x_wconf 88' lang='lat' dir='ltr'>quod</span> <span class='ocrx_word' id='word_1_55' title='bbox 2083 830 2308 894; x_wconf 86' lang='lat' dir='ltr'>dicitur</span> <span class='ocrx_word' id='word_1_56' title='bbox 2317 828 2724 910; x_wconf 73' lang='lat' dir='ltr'>privileyiwm</span> <span class='ocrx_word' id='word_1_57' title='bbox 2746 828 2892 909; x_wconf 82' lang='lat' dir='ltr'>fori.</span> 
     </span>
    </p>

    <p class='ocr_par' dir='ltr' id='par_1_4' title="bbox 732 930 3200 1308">
     <span class='ocr_line' id='line_1_7' title="bbox 918 930 3198 1017; baseline 0.001 -22"><span class='ocrx_word' id='word_1_58' title='bbox 918 930 988 995; x_wconf 87' lang='lat'>3⁰</span> <span class='ocrx_word' id='word_1_59' title='bbox 1020 932 1332 1017; x_wconf 81' lang='lat' dir='ltr'>Exigendo</span> <span class='ocrx_word' id='word_1_60' title='bbox 1383 934 1460 996; x_wconf 85' lang='lat' dir='ltr'>ab</span> <span class='ocrx_word' id='word_1_61' title='bbox 1506 932 1656 1016; x_wconf 89' lang='lat' dir='ltr'>ipsis</span> <span class='ocrx_word' id='word_1_62' title='bbox 1705 933 2014 997; x_wconf 87' lang='lat' dir='ltr'>tributum</span> <span class='ocrx_word' id='word_1_63' title='bbox 2063 933 2355 998; x_wconf 83' lang='lat' dir='ltr'>adversus</span> <span class='ocrx_word' id='word_1_64' title='bbox 2393 933 2871 997; x_wconf 81' lang='lat' dir='ltr'>ecclesiasticam</span> <span class='ocrx_word' id='word_1_65' title='bbox 2904 932 3198 998; x_wconf 89' lang='lat' dir='ltr'>immuni-</span> 
     </span>
     <span class='ocr_line' id='line_1_8' title="bbox 734 1034 3196 1118; baseline 0 -20"><span class='ocrx_word' id='word_1_66' title='bbox 734 1036 933 1099; x_wconf 88' lang='lat' dir='ltr'>tatem</span> <span class='ocrx_word' id='word_1_67' title='bbox 961 1037 1038 1099; x_wconf 84' lang='lat' dir='ltr'>ab</span> <span class='ocrx_word' id='word_1_68' title='bbox 1069 1036 1165 1099; x_wconf 88' lang='lat' dir='ltr'>his</span> <span class='ocrx_word' id='word_1_69' title='bbox 1201 1036 1505 1099; x_wconf 88' lang='lat' dir='ltr'>oneribus.</span> <span class='ocrx_word' id='word_1_70' title='bbox 1540 1036 1678 1100; x_wconf 92' lang='lat' dir='ltr'>Hoc</span> <span class='ocrx_word' id='word_1_71' title='bbox 1720 1037 1930 1098; x_wconf 85' lang='lat' dir='ltr'>tamen</span> <span class='ocrx_word' id='word_1_72' title='bbox 1963 1036 2035 1099; x_wconf 91' lang='lat' dir='ltr'>de</span> <span class='ocrx_word' id='word_1_73' title='bbox 2082 1036 2301 1118; x_wconf 86' lang='lat' dir='ltr'>capite,</span> <span class='ocrx_word' id='word_1_74' title='bbox 2336 1035 2521 1099; x_wconf 90' lang='lat' dir='ltr'>sicuti</span> <span class='ocrx_word' id='word_1_75' title='bbox 2567 1036 2630 1097; x_wconf 84' lang='lat' dir='ltr'>et</span> <span class='ocrx_word' id='word_1_76' title='bbox 2675 1034 2749 1098; x_wconf 90' lang='lat' dir='ltr'>de</span> <span class='ocrx_word' id='word_1_77' title='bbox 2788 1034 3196 1116; x_wconf 74' lang='lat' dir='ltr'>praecedenti,</span> 
     </span>
     <span class='ocr_line' id='line_1_9' title="bbox 736 1135 3200 1221; baseline 0 -20"><span class='ocrx_word' id='word_1_78' title='bbox 736 1137 885 1218; x_wconf 84' lang='lat' dir='ltr'>quid</span> <span class='ocrx_word' id='word_1_79' title='bbox 917 1138 1137 1219; x_wconf 80' lang='lat' dir='ltr'>quovis</span> <span class='ocrx_word' id='word_1_80' title='bbox 1171 1138 1232 1200; x_wconf 90' lang='lat' dir='ltr'>in</span> <span class='ocrx_word' id='word_1_81' title='bbox 1264 1137 1400 1202; x_wconf 91' lang='lat' dir='ltr'>loco</span> <span class='ocrx_word' id='word_1_82' title='bbox 1436 1138 1743 1221; x_wconf 85' lang='lat' dir='ltr'>agendum</span> <span class='ocrx_word' id='word_1_83' title='bbox 1777 1138 1878 1213; x_wconf 82' lang='lat' dir='ltr'>sit,</span> <span class='ocrx_word' id='word_1_84' title='bbox 1912 1137 2138 1202; x_wconf 89' lang='lat' dir='ltr'>iudicio</span> <span class='ocrx_word' id='word_1_85' title='bbox 2170 1137 2564 1219; x_wconf 88' lang='lat' dir='ltr'>Apostolicae</span> <span class='ocrx_word' id='word_1_86' title='bbox 2598 1135 2770 1201; x_wconf 85' lang='lat' dir='ltr'>Sedis</span> <span class='ocrx_word' id='word_1_87' title='bbox 2807 1138 2871 1200; x_wconf 87' lang='lat' dir='ltr'>et</span> <span class='ocrx_word' id='word_1_88' title='bbox 2910 1136 3200 1220; x_wconf 83' lang='lat' dir='ltr'>Episcopi</span> 
     </span>
     <span class='ocr_line' id='line_1_10' title="bbox 732 1239 1577 1308; baseline 0.007 -6"><span class='ocrx_word' id='word_1_89' title='bbox 732 1239 1143 1303; x_wconf 90' lang='lat' dir='ltr'>definiendum</span> <span class='ocrx_word' id='word_1_90' title='bbox 1176 1240 1312 1303; x_wconf 87' lang='lat' dir='ltr'>erit.</span> <span class='ocrx_word' id='word_1_91' title='bbox 1572 1304 1577 1308; x_wconf 78' lang='grc'><strong>.</strong></span> 
     </span>
    </p>

    <p class='ocr_par' dir='ltr' id='par_1_5' title="bbox 730 1342 3196 1837">
     <span class='ocr_line' id='line_1_11' title="bbox 910 1342 3192 1426; baseline 0.001 -22"><span class='ocrx_word' id='word_1_92' title='bbox 910 1343 979 1405; x_wconf 83' lang='lat'>4⁰</span> <span class='ocrx_word' id='word_1_93' title='bbox 1009 1342 1349 1408; x_wconf 81' lang='lat' dir='ltr'>Luxurioso</span> <span class='ocrx_word' id='word_1_94' title='bbox 1386 1344 1675 1408; x_wconf 84' lang='lat' dir='ltr'>violando</span> <span class='ocrx_word' id='word_1_95' title='bbox 1722 1362 1944 1426; x_wconf 89' lang='lat' dir='ltr'>corpus</span> <span class='ocrx_word' id='word_1_96' title='bbox 1989 1361 2282 1424; x_wconf 82' lang='lat' dir='ltr'>personae</span> <span class='ocrx_word' id='word_1_97' title='bbox 2329 1344 2458 1407; x_wconf 91' lang='lat' dir='ltr'>Deo</span> <span class='ocrx_word' id='word_1_98' title='bbox 2506 1343 2785 1407; x_wconf 83' lang='lat' dir='ltr'>sacratae</span> <span class='ocrx_word' id='word_1_99' title='bbox 2816 1362 2925 1424; x_wconf 92' lang='lat' dir='ltr'>per</span> <span class='ocrx_word' id='word_1_100' title='bbox 2970 1342 3192 1406; x_wconf 75' lang='lat' dir='ltr'>votum</span> 
     </span>
     <span class='ocr_line' id='line_1_12' title="bbox 730 1444 3196 1530; baseline 0 -23"><span class='ocrx_word' id='word_1_101' title='bbox 730 1444 1145 1510; x_wconf 77' lang='lat' dir='ltr'>continentiae</span> <span class='ocrx_word' id='word_1_102' title='bbox 1175 1448 1525 1529; x_wconf 80' lang='lat' dir='ltr'>perpetuae.</span> <span class='ocrx_word' id='word_1_103' title='bbox 1561 1444 1736 1525; x_wconf 90' lang='lat' dir='ltr'>Quod</span> <span class='ocrx_word' id='word_1_104' title='bbox 1772 1446 2245 1530; x_wconf 85' lang='lat' dir='ltr'>intelligendum</span> <span class='ocrx_word' id='word_1_105' title='bbox 2290 1447 2386 1509; x_wconf 84' lang='lat' dir='ltr'>est</span> <span class='ocrx_word' id='word_1_106' title='bbox 2431 1447 2565 1508; x_wconf 89' lang='lat' dir='ltr'>tam</span> <span class='ocrx_word' id='word_1_107' title='bbox 2602 1445 2676 1508; x_wconf 91' lang='lat' dir='ltr'>de</span> <span class='ocrx_word' id='word_1_108' title='bbox 2708 1462 2990 1527; x_wconf 84' lang='lat' dir='ltr'>persona,</span> <span class='ocrx_word' id='word_1_109' title='bbox 3037 1463 3196 1527; x_wconf 89' lang='lat' dir='ltr'>quae</span> 
     </span>
     <span class='ocr_line' id='line_1_13' title="bbox 732 1546 3194 1632; baseline 0 -22"><span class='ocrx_word' id='word_1_110' title='bbox 732 1546 1023 1612; x_wconf 86' lang='lat' dir='ltr'>adversus</span> <span class='ocrx_word' id='word_1_111' title='bbox 1070 1549 1388 1632; x_wconf 91' lang='lat' dir='ltr'>proprium</span> <span class='ocrx_word' id='word_1_112' title='bbox 1435 1549 1653 1613; x_wconf 81' lang='lat' dir='ltr'>votum</span> <span class='ocrx_word' id='word_1_113' title='bbox 1700 1549 2041 1613; x_wconf 82' lang='lat' dir='ltr'>fornicatur</span> <span class='ocrx_word' id='word_1_114' title='bbox 2086 1550 2199 1611; x_wconf 87' lang='lat' dir='ltr'>aut</span> <span class='ocrx_word' id='word_1_115' title='bbox 2243 1548 2709 1629; x_wconf 82' lang='lat' dir='ltr'>quomodolibet</span> <span class='ocrx_word' id='word_1_116' title='bbox 2739 1549 2971 1630; x_wconf 89' lang='lat' dir='ltr'>peccat,</span> <span class='ocrx_word' id='word_1_117' title='bbox 3005 1566 3194 1629; x_wconf 88' lang='lat' dir='ltr'>quam</span> 
     </span>
     <span class='ocr_line' id='line_1_14' title="bbox 736 1649 3191 1734; baseline 0.002 -22"><span class='ocrx_word' id='word_1_118' title='bbox 736 1649 809 1713; x_wconf 90' lang='lat' dir='ltr'>de</span> <span class='ocrx_word' id='word_1_119' title='bbox 843 1650 985 1727; x_wconf 87' lang='lat' dir='ltr'>alia,</span> <span class='ocrx_word' id='word_1_120' title='bbox 1026 1670 1183 1732; x_wconf 89' lang='lat' dir='ltr'>quae</span> <span class='ocrx_word' id='word_1_121' title='bbox 1214 1650 1389 1714; x_wconf 87' lang='lat' dir='ltr'>illam</span> <span class='ocrx_word' id='word_1_122' title='bbox 1421 1650 1622 1715; x_wconf 83' lang='lat' dir='ltr'>violat</span> <span class='ocrx_word' id='word_1_123' title='bbox 1652 1670 1760 1715; x_wconf 90' lang='lat' dir='ltr'>seu</span> <span class='ocrx_word' id='word_1_124' title='bbox 1791 1651 2064 1733; x_wconf 84' lang='lat' dir='ltr'>complex</span> <span class='ocrx_word' id='word_1_125' title='bbox 2108 1653 2204 1715; x_wconf 88' lang='lat' dir='ltr'>est</span> <span class='ocrx_word' id='word_1_126' title='bbox 2235 1650 2658 1734; x_wconf 83' lang='lat' dir='ltr'>turpitudinis.</span> <span class='ocrx_word' id='word_1_127' title='bbox 2684 1650 2848 1715; x_wconf 89' lang='lat' dir='ltr'>Hinc</span> <span class='ocrx_word' id='word_1_128' title='bbox 2885 1651 2940 1714; x_wconf 86' lang='lat' dir='ltr'>si</span> <span class='ocrx_word' id='word_1_129' title='bbox 2974 1652 3191 1716; x_wconf 83' lang='lat' dir='ltr'>ambae</span> 
     </span>
     <span class='ocr_line' id='line_1_15' title="bbox 732 1753 2620 1837; baseline 0.001 -22"><span class='ocrx_word' id='word_1_130' title='bbox 732 1753 859 1817; x_wconf 88' lang='lat' dir='ltr'>sint</span> <span class='ocrx_word' id='word_1_131' title='bbox 889 1772 1183 1836; x_wconf 86' lang='lat' dir='ltr'>personae</span> <span class='ocrx_word' id='word_1_132' title='bbox 1214 1772 1443 1831; x_wconf 85' lang='lat' dir='ltr'>sacrae,</span> <span class='ocrx_word' id='word_1_133' title='bbox 1479 1754 1699 1837; x_wconf 82' lang='lat' dir='ltr'>duplex</span> <span class='ocrx_word' id='word_1_134' title='bbox 1732 1754 2020 1835; x_wconf 89' lang='lat' dir='ltr'>utrinque</span> <span class='ocrx_word' id='word_1_135' title='bbox 2052 1754 2170 1817; x_wconf 86' lang='lat' dir='ltr'>erit</span> <span class='ocrx_word' id='word_1_136' title='bbox 2207 1753 2620 1837; x_wconf 84' lang='lat' dir='ltr'>sacrilegium.</span> 
     </span>
    </p>

    <p class='ocr_par' dir='ltr' id='par_1_6' title="bbox 728 1855 3190 2044">
     <span class='ocr_line' id='line_1_16' title="bbox 821 1855 3190 1940; baseline 0.001 -22"><span class='ocrx_word' id='word_1_137' title='bbox 821 1855 1039 1934; x_wconf 83' lang='lat' dir='ltr'>Quoad</span> <span class='ocrx_word' id='word_1_138' title='bbox 1073 1855 1452 1919; x_wconf 77' lang='lat' dir='ltr'>luxuriosam</span> <span class='ocrx_word' id='word_1_139' title='bbox 1484 1856 1907 1933; x_wconf 83' lang='lat' dir='ltr'>violationem,</span> <span class='ocrx_word' id='word_1_140' title='bbox 1942 1857 2263 1938; x_wconf 83' lang='lat' dir='ltr'>quaeritur</span> <span class='ocrx_word' id='word_1_141' title='bbox 2294 1875 2371 1919; x_wconf 89' lang='lat' dir='ltr'>an</span> <span class='ocrx_word' id='word_1_142' title='bbox 2403 1856 2663 1921; x_wconf 86' lang='lat' dir='ltr'>violatio</span> <span class='ocrx_word' id='word_1_143' title='bbox 2709 1856 2843 1920; x_wconf 85' lang='lat' dir='ltr'>voti</span> <span class='ocrx_word' id='word_1_144' title='bbox 2891 1856 3190 1940; x_wconf 85' lang='lat' dir='ltr'>simplicis</span> 
     </span>
     <span class='ocr_line' id='line_1_17' title="bbox 728 1960 1606 2044; baseline 0.001 -21"><span class='ocrx_word' id='word_1_145' title='bbox 728 1960 1041 2024; x_wconf 85' lang='lat' dir='ltr'>castitatis</span> <span class='ocrx_word' id='word_1_146' title='bbox 1079 1962 1161 2023; x_wconf 91' lang='lat' dir='ltr'>sit</span> <span class='ocrx_word' id='word_1_147' title='bbox 1194 1962 1606 2044; x_wconf 85' lang='lat' dir='ltr'>sacrilegium.</span> 
     </span>
    </p>

    <p class='ocr_par' dir='ltr' id='par_1_7' title="bbox 720 2058 3194 3277">
     <span class='ocr_line' id='line_1_18' title="bbox 820 2058 3188 2147; baseline -0 -15"><span class='ocrx_word' id='word_1_148' title='bbox 820 2058 995 2132; x_wconf 74' lang='grc'><strong>386.</strong></span> <span class='ocrx_word' id='word_1_149' title='bbox 1030 2062 1560 2126; x_wconf 86' lang='lat' dir='ltr'>Praemittendum</span> <span class='ocrx_word' id='word_1_150' title='bbox 1605 2064 1667 2127; x_wconf 91' lang='lat' dir='ltr'>in</span> <span class='ocrx_word' id='word_1_151' title='bbox 1718 2065 1952 2147; x_wconf 84' lang='lat' dir='ltr'>primis,</span> <span class='ocrx_word' id='word_1_152' title='bbox 1988 2067 2100 2139; x_wconf 81' lang='lat' dir='ltr'>est,</span> <span class='ocrx_word' id='word_1_153' title='bbox 2141 2064 2462 2147; x_wconf 69' lang='lat' dir='ltr'>sacrileqii</span> <span class='ocrx_word' id='word_1_154' title='bbox 2496 2084 2717 2130; x_wconf 89' lang='lat' dir='ltr'>nomen</span> <span class='ocrx_word' id='word_1_155' title='bbox 2763 2067 2947 2130; x_wconf 87' lang='lat' dir='ltr'>tuum</span> <span class='ocrx_word' id='word_1_156' title='bbox 2969 2086 3188 2146; x_wconf 79' lang='lat' dir='ltr'>presso</span> 
     </span>
     <span class='ocr_line' id='line_1_19' title="bbox 730 2166 3190 2250; baseline 0.002 -19"><span class='ocrx_word' id='word_1_157' title='bbox 730 2186 912 2231; x_wconf 86' lang='lat' dir='ltr'>sensu</span> <span class='ocrx_word' id='word_1_158' title='bbox 944 2166 1229 2247; x_wconf 84' lang='lat' dir='ltr'>usurpari</span> <span class='ocrx_word' id='word_1_159' title='bbox 1261 2167 1395 2230; x_wconf 88' lang='lat' dir='ltr'>tum</span> <span class='ocrx_word' id='word_1_160' title='bbox 1432 2166 1598 2229; x_wconf 78' lang='lat' dir='ltr'>lato:</span> <span class='ocrx_word' id='word_1_161' title='bbox 1631 2168 1956 2249; x_wconf 86' lang='lat' dir='ltr'>posteriori</span> <span class='ocrx_word' id='word_1_162' title='bbox 1991 2170 2200 2231; x_wconf 83' lang='lat' dir='ltr'>autem</span> <span class='ocrx_word' id='word_1_163' title='bbox 2246 2169 2362 2233; x_wconf 91' lang='lat' dir='ltr'>hoc</span> <span class='ocrx_word' id='word_1_164' title='bbox 2408 2186 2589 2233; x_wconf 88' lang='lat' dir='ltr'>sensu</span> <span class='ocrx_word' id='word_1_165' title='bbox 2622 2169 3024 2250; x_wconf 53' lang='grc' dir='ltr'><strong>ωσι-11691331</strong></span> <span class='ocrx_word' id='word_1_166' title='bbox 3071 2170 3190 2235; x_wconf 84' lang='lat' dir='ltr'>dici</span> 
     </span>
     <span class='ocr_line' id='line_1_20' title="bbox 730 2269 3192 2355; baseline 0.002 -21"><span class='ocrx_word' id='word_1_167' title='bbox 730 2270 1118 2334; x_wconf 84' lang='lat' dir='ltr'>consuevisse</span> <span class='ocrx_word' id='word_1_168' title='bbox 1150 2269 1468 2351; x_wconf 74' lang='lat' dir='ltr'>quodlibet</span> <span class='ocrx_word' id='word_1_169' title='bbox 1482 2276 1804 2351; x_wconf 77' lang='lat' dir='ltr'>peccatu-m</span> <span class='ocrx_word' id='word_1_170' title='bbox 1849 2278 2064 2336; x_wconf 67' lang='lat' dir='ltr'>eontra</span> <span class='ocrx_word' id='word_1_171' title='bbox 2110 2274 2399 2336; x_wconf 71' lang='lat' dir='ltr'>virtutem</span> <span class='ocrx_word' id='word_1_172' title='bbox 2435 2270 2808 2355; x_wconf 52' lang='lat' dir='ltr'>Religionis.</span> <span class='ocrx_word' id='word_1_173' title='bbox 2850 2274 2994 2338; x_wconf 91' lang='lat' dir='ltr'>Vid.</span> <span class='ocrx_word' id='word_1_174' title='bbox 3030 2275 3192 2340; x_wconf 84' lang='lat' dir='ltr'>Azor</span> 
     </span>
     <span class='ocr_line' id='line_1_21' title="bbox 731 2374 3188 2458; baseline 0.001 -19"><span class='ocrx_word' id='word_1_175' title='bbox 731 2397 791 2458; x_wconf 90' lang='lat' dir='ltr'>p.</span> <span class='ocrx_word' id='word_1_176' title='bbox 831 2377 886 2439; x_wconf 96' lang='grc'>1.</span> <span class='ocrx_word' id='word_1_177' title='bbox 922 2375 1027 2437; x_wconf 86' lang='lat' dir='ltr'>lib.</span> <span class='ocrx_word' id='word_1_178' title='bbox 1063 2376 1122 2437; x_wconf 87' lang='lat'>9.</span> <span class='ocrx_word' id='word_1_179' title='bbox 1158 2394 1289 2457; x_wconf 90' lang='lat' dir='ltr'>cap.</span> <span class='ocrx_word' id='word_1_180' title='bbox 1326 2374 1431 2436; x_wconf 86' lang='lat'>27.</span> <span class='ocrx_word' id='word_1_181' title='bbox 1466 2394 1524 2455; x_wconf 91' lang='lat' dir='ltr'>q.</span> <span class='ocrx_word' id='word_1_182' title='bbox 1565 2376 1644 2451; x_wconf 94' lang='grc'>1.,</span> <span class='ocrx_word' id='word_1_183' title='bbox 1672 2375 1924 2440; x_wconf 84' lang='lat' dir='ltr'>Filiucc.</span> <span class='ocrx_word' id='word_1_184' title='bbox 1952 2379 2031 2439; x_wconf 90' lang='lat' dir='ltr'>tr.</span> <span class='ocrx_word' id='word_1_185' title='bbox 2059 2377 2165 2439; x_wconf 84' lang='lat'>24.</span> <span class='ocrx_word' id='word_1_186' title='bbox 2199 2395 2330 2458; x_wconf 91' lang='lat' dir='ltr'>cap.</span> <span class='ocrx_word' id='word_1_187' title='bbox 2372 2377 2432 2439; x_wconf 87' lang='lat'>9.</span> <span class='ocrx_word' id='word_1_188' title='bbox 2466 2394 2526 2438; x_wconf 93' lang='lat' dir='ltr'>n.</span> <span class='ocrx_word' id='word_1_189' title='bbox 2555 2376 2729 2449; x_wconf 67' lang='lat'>229„</span> <span class='ocrx_word' id='word_1_190' title='bbox 2755 2376 2949 2440; x_wconf 86' lang='lat' dir='ltr'>Palao</span> <span class='ocrx_word' id='word_1_191' title='bbox 2975 2379 3056 2441; x_wconf 89' lang='lat' dir='ltr'>tr.</span> <span class='ocrx_word' id='word_1_192' title='bbox 3088 2377 3188 2441; x_wconf 84' lang='lat'>17.</span> 
     </span>
     <span class='ocr_line' id='line_1_22' title="bbox 732 2475 3188 2559; baseline 0.001 -19"><span class='ocrx_word' id='word_1_193' title='bbox 732 2477 790 2540; x_wconf 88' lang='lat' dir='ltr'>d.</span> <span class='ocrx_word' id='word_1_194' title='bbox 829 2477 886 2540; x_wconf 89' lang='lat'>1.</span> <span class='ocrx_word' id='word_1_195' title='bbox 922 2497 979 2559; x_wconf 91' lang='lat' dir='ltr'>q.</span> <span class='ocrx_word' id='word_1_196' title='bbox 1031 2479 1091 2540; x_wconf 92' lang='grc'>2.</span> <span class='ocrx_word' id='word_1_197' title='bbox 1141 2495 1273 2559; x_wconf 84' lang='lat' dir='ltr'>cap.</span> <span class='ocrx_word' id='word_1_198' title='bbox 1329 2477 1385 2539; x_wconf 91' lang='lat'>1.</span> <span class='ocrx_word' id='word_1_199' title='bbox 1434 2476 1595 2551; x_wconf 67' lang='lat' dir='ltr'>init„</span> <span class='ocrx_word' id='word_1_200' title='bbox 1644 2477 2009 2540; x_wconf 85' lang='lat' dir='ltr'>Tamburini</span> <span class='ocrx_word' id='word_1_201' title='bbox 2057 2475 2207 2539; x_wconf 81' lang='lat' dir='ltr'>Dec.</span> <span class='ocrx_word' id='word_1_202' title='bbox 2256 2477 2364 2540; x_wconf 89' lang='lat' dir='ltr'>lib.</span> <span class='ocrx_word' id='word_1_203' title='bbox 2415 2479 2474 2540; x_wconf 84' lang='lat'>2.</span> <span class='ocrx_word' id='word_1_204' title='bbox 2525 2496 2657 2559; x_wconf 84' lang='lat' dir='ltr'>cap.</span> <span class='ocrx_word' id='word_1_205' title='bbox 2708 2477 2768 2541; x_wconf 85' lang='lat'>6.</span> <span class='ocrx_word' id='word_1_206' title='bbox 2806 2478 2864 2559; x_wconf 63' lang='lat' dir='ltr'>g.</span> <span class='ocrx_word' id='word_1_207' title='bbox 2907 2479 2969 2541; x_wconf 83' lang='lat'>3.</span> <span class='ocrx_word' id='word_1_208' title='bbox 3010 2499 3073 2541; x_wconf 90' lang='lat' dir='ltr'>n.</span> <span class='ocrx_word' id='word_1_209' title='bbox 3112 2481 3188 2558; x_wconf 87' lang='lat' dir='ltr'>l.‚</span> 
     </span>
     <span class='ocr_line' id='line_1_23' title="bbox 732 2579 3188 2663; baseline 0 -18"><span class='ocrx_word' id='word_1_210' title='bbox 732 2579 1023 2645; x_wconf 84' lang='lat' dir='ltr'>Catalani</span> <span class='ocrx_word' id='word_1_211' title='bbox 1060 2580 1219 2663; x_wconf 89' lang='lat' dir='ltr'>part.</span> <span class='ocrx_word' id='word_1_212' title='bbox 1257 2582 1316 2643; x_wconf 94' lang='grc'>2.</span> <span class='ocrx_word' id='word_1_213' title='bbox 1353 2599 1410 2661; x_wconf 89' lang='lat' dir='ltr'>q.</span> <span class='ocrx_word' id='word_1_214' title='bbox 1450 2580 1506 2643; x_wconf 90' lang='lat'>7.</span> <span class='ocrx_word' id='word_1_215' title='bbox 1548 2598 1679 2663; x_wconf 86' lang='lat' dir='ltr'>cap.</span> <span class='ocrx_word' id='word_1_216' title='bbox 1720 2581 1777 2643; x_wconf 90' lang='lat'>1.</span> <span class='ocrx_word' id='word_1_217' title='bbox 1815 2600 1871 2642; x_wconf 90' lang='lat' dir='ltr'>n.</span> <span class='ocrx_word' id='word_1_218' title='bbox 1905 2580 1983 2655; x_wconf 92' lang='grc'>1.,</span> <span class='ocrx_word' id='word_1_219' title='bbox 2016 2579 2332 2644; x_wconf 86' lang='lat' dir='ltr'>Mazzotta</span> <span class='ocrx_word' id='word_1_220' title='bbox 2366 2581 2445 2643; x_wconf 87' lang='lat' dir='ltr'>tr.</span> <span class='ocrx_word' id='word_1_221' title='bbox 2481 2582 2540 2643; x_wconf 91' lang='grc'><strong>2.</strong></span> <span class='ocrx_word' id='word_1_222' title='bbox 2582 2581 2639 2644; x_wconf 86' lang='grc'>(1.</span> <span class='ocrx_word' id='word_1_223' title='bbox 2680 2581 2735 2644; x_wconf 92' lang='grc'>1.</span> <span class='ocrx_word' id='word_1_224' title='bbox 2765 2600 2824 2662; x_wconf 96' lang='lat' dir='ltr'>q.</span> <span class='ocrx_word' id='word_1_225' title='bbox 2862 2583 2922 2644; x_wconf 85' lang='lat'>2.</span> <span class='ocrx_word' id='word_1_226' title='bbox 2957 2600 3094 2663; x_wconf 84' lang='lat' dir='ltr'>cap.</span> <span class='ocrx_word' id='word_1_227' title='bbox 3134 2583 3188 2645; x_wconf 93' lang='lat'>1.</span> 
     </span>
     <span class='ocr_line' id='line_1_24' title="bbox 732 2680 3190 2767; baseline 0.001 -20"><span class='ocrx_word' id='word_1_228' title='bbox 732 2683 869 2747; x_wconf 90' lang='lat' dir='ltr'>init.</span> <span class='ocrx_word' id='word_1_229' title='bbox 898 2685 1012 2747; x_wconf 88' lang='grc'><strong>616.</strong></span> <span class='ocrx_word' id='word_1_230' title='bbox 1040 2681 1177 2748; x_wconf 85' lang='grc' dir='ltr'>Ηο6</span> <span class='ocrx_word' id='word_1_231' title='bbox 1208 2701 1355 2767; x_wconf 85' lang='lat' dir='ltr'>ergo</span> <span class='ocrx_word' id='word_1_232' title='bbox 1394 2700 1577 2747; x_wconf 90' lang='lat' dir='ltr'>sensu</span> <span class='ocrx_word' id='word_1_233' title='bbox 1608 2685 1671 2746; x_wconf 87' lang='lat' dir='ltr'>et</span> <span class='ocrx_word' id='word_1_234' title='bbox 1682 2682 2037 2762; x_wconf 73' lang='lat' dir='ltr'>periurium</span> <span class='ocrx_word' id='word_1_235' title='bbox 2072 2682 2135 2745; x_wconf 90' lang='lat' dir='ltr'>et</span> <span class='ocrx_word' id='word_1_236' title='bbox 2167 2680 2549 2762; x_wconf 61' lang='lat' dir='ltr'>blasphemia</span> <span class='ocrx_word' id='word_1_237' title='bbox 2578 2684 2642 2747; x_wconf 92' lang='lat' dir='ltr'>et</span> <span class='ocrx_word' id='word_1_238' title='bbox 2673 2681 3037 2747; x_wconf 61' lang='lat' dir='ltr'>idololatr-w</span> <span class='ocrx_word' id='word_1_239' title='bbox 3076 2687 3190 2749; x_wconf 88' lang='lat' dir='ltr'>etc.</span> 
     </span>
     <span class='ocr_line' id='line_1_25' title="bbox 731 2783 3192 2868; baseline 0 -18"><span class='ocrx_word' id='word_1_240' title='bbox 731 2785 1125 2868; x_wconf 80' lang='lat' dir='ltr'>sacrilegium</span> <span class='ocrx_word' id='word_1_241' title='bbox 1165 2785 1286 2850; x_wconf 88' lang='lat' dir='ltr'>dici</span> <span class='ocrx_word' id='word_1_242' title='bbox 1318 2787 1595 2868; x_wconf 88' lang='lat' dir='ltr'>possunt.</span> <span class='ocrx_word' id='word_1_243' title='bbox 1624 2819 1708 2830; x_wconf 86' lang='lat'>-——</span> <span class='ocrx_word' id='word_1_244' title='bbox 1736 2783 1970 2848; x_wconf 76' lang='lat' dir='ltr'>Presso</span> <span class='ocrx_word' id='word_1_245' title='bbox 2005 2785 2214 2848; x_wconf 84' lang='lat' dir='ltr'>autem</span> <span class='ocrx_word' id='word_1_246' title='bbox 2251 2803 2432 2848; x_wconf 90' lang='lat' dir='ltr'>sensu</span> <span class='ocrx_word' id='word_1_247' title='bbox 2471 2787 2533 2849; x_wconf 88' lang='lat' dir='ltr'>et</span> <span class='ocrx_word' id='word_1_248' title='bbox 2569 2786 2757 2868; x_wconf 88' lang='lat' dir='ltr'>prout</span> <span class='ocrx_word' id='word_1_249' title='bbox 2791 2787 2888 2850; x_wconf 90' lang='lat' dir='ltr'>est</span> <span class='ocrx_word' id='word_1_250' title='bbox 2924 2787 3192 2866; x_wconf 69' lang='lat' dir='ltr'>speciale</span> 
     </span>
     <span class='ocr_line' id='line_1_26' title="bbox 736 2886 3194 2971; baseline 0 -19"><span class='ocrx_word' id='word_1_251' title='bbox 736 2889 1076 2970; x_wconf 85' lang='lat' dir='ltr'>peccatum,</span> <span class='ocrx_word' id='word_1_252' title='bbox 1110 2887 1507 2971; x_wconf 84' lang='lat' dir='ltr'>sacrilegium</span> <span class='ocrx_word' id='word_1_253' title='bbox 1538 2886 1766 2951; x_wconf 91' lang='lat' dir='ltr'>dicitur</span> <span class='ocrx_word' id='word_1_254' title='bbox 1797 2886 2051 2949; x_wconf 71' lang='lat' dir='ltr'>m&#39;olatio</span> <span class='ocrx_word' id='word_1_255' title='bbox 2081 2887 2181 2949; x_wconf 77' lang='lat' dir='ltr'>rei</span> <span class='ocrx_word' id='word_1_256' title='bbox 2207 2907 2439 2949; x_wconf 81' lang='lat' dir='ltr'>sacrae.</span> <span class='ocrx_word' id='word_1_257' title='bbox 2469 2888 2569 2951; x_wconf 86' lang='lat' dir='ltr'>Ita</span> <span class='ocrx_word' id='word_1_258' title='bbox 2592 2887 2824 2952; x_wconf 83' lang='lat' dir='ltr'>Palaus</span> <span class='ocrx_word' id='word_1_259' title='bbox 2848 2888 2890 2951; x_wconf 91' lang='lat'>1.</span> <span class='ocrx_word' id='word_1_260' title='bbox 2910 2908 2996 2952; x_wconf 88' lang='lat' dir='ltr'>c.:</span> <span class='ocrx_word' id='word_1_261' title='bbox 3033 2888 3194 2952; x_wconf 83' lang='lat' dir='ltr'>Pro-</span> 
     </span>
     <span class='ocr_line' id='line_1_27' title="bbox 720 2987 3189 3071; baseline 0 -19"><span class='ocrx_word' id='word_1_262' title='bbox 720 2991 878 3070; x_wconf 78' lang='lat' dir='ltr'>pria</span> <span class='ocrx_word' id='word_1_263' title='bbox 908 3011 1057 3071; x_wconf 69' lang='lat' dir='ltr'>crya</span> <span class='ocrx_word' id='word_1_264' title='bbox 1086 2991 1353 3068; x_wconf 76' lang='lat' dir='ltr'>acceptio</span> <span class='ocrx_word' id='word_1_265' title='bbox 1384 2989 1708 3070; x_wconf 71' lang='lat' dir='ltr'>sacrileyii</span> <span class='ocrx_word' id='word_1_266' title='bbox 1736 2993 1847 3064; x_wconf 79' lang='lat' dir='ltr'>est,</span> <span class='ocrx_word' id='word_1_267' title='bbox 1881 3010 2038 3069; x_wconf 78' lang='lat' dir='ltr'>quae</span> <span class='ocrx_word' id='word_1_268' title='bbox 2075 3010 2152 3052; x_wconf 75' lang='lat' dir='ltr'>ex</span> <span class='ocrx_word' id='word_1_269' title='bbox 2182 2990 2278 3052; x_wconf 74' lang='lat' dir='ltr'>rei</span> <span class='ocrx_word' id='word_1_270' title='bbox 2306 3007 2544 3065; x_wconf 78' lang='lat' dir='ltr'>sacrae,</span> <span class='ocrx_word' id='word_1_271' title='bbox 2581 3009 2624 3053; x_wconf 83' lang='lat' dir='ltr'>a</span> <span class='ocrx_word' id='word_1_272' title='bbox 2653 2987 2791 3053; x_wconf 83' lang='lat' dir='ltr'>Deo</span> <span class='ocrx_word' id='word_1_273' title='bbox 2837 2987 3189 3066; x_wconf 68' lang='lat' dir='ltr'>distinctae,</span> 
     </span>
     <span class='ocr_line' id='line_1_28' title="bbox 730 3090 3187 3174; baseline 0 -18"><span class='ocrx_word' id='word_1_274' title='bbox 730 3093 999 3156; x_wconf 72' lang='lat' dir='ltr'>laesione</span> <span class='ocrx_word' id='word_1_275' title='bbox 1014 3113 1125 3156; x_wconf 74' lang='lat' dir='ltr'>seu</span> <span class='ocrx_word' id='word_1_276' title='bbox 1146 3091 1476 3156; x_wconf 73' lang='lat' dir='ltr'>violatione</span> <span class='ocrx_word' id='word_1_277' title='bbox 1506 3094 1808 3156; x_wconf 74' lang='lat' dir='ltr'>sumitur:</span> <span class='ocrx_word' id='word_1_278' title='bbox 1831 3094 1920 3156; x_wconf 77' lang='lat' dir='ltr'>sic</span> <span class='ocrx_word' id='word_1_279' title='bbox 1942 3113 1992 3155; x_wconf 92' lang='grc'>3.</span> <span class='ocrx_word' id='word_1_280' title='bbox 2025 3090 2293 3155; x_wconf 54' lang='lat' dir='ltr'>Nomas</span> <span class='ocrx_word' id='word_1_281' title='bbox 2327 3093 2407 3156; x_wconf 85' lang='lat' dir='ltr'>ab</span> <span class='ocrx_word' id='word_1_282' title='bbox 2440 3091 2724 3156; x_wconf 72' lang='lat' dir='ltr'>omnibus</span> <span class='ocrx_word' id='word_1_283' title='bbox 2738 3095 3101 3174; x_wconf 71' lang='lat' dir='ltr'>receptus&#39;2.</span> <span class='ocrx_word' id='word_1_284' title='bbox 3129 3097 3187 3158; x_wconf 91' lang='grc'><strong>2.</strong></span> 
     </span>
     <span class='ocr_line' id='line_1_29' title="bbox 727 3196 1304 3277; baseline 0.002 -20"><span class='ocrx_word' id='word_1_285' title='bbox 727 3215 788 3277; x_wconf 92' lang='lat' dir='ltr'>q.</span> <span class='ocrx_word' id='word_1_286' title='bbox 824 3197 928 3259; x_wconf 88' lang='lat'>99.</span> <span class='ocrx_word' id='word_1_287' title='bbox 965 3215 1019 3259; x_wconf 87' lang='lat' dir='ltr'>a.</span> <span class='ocrx_word' id='word_1_288' title='bbox 1059 3197 1115 3258; x_wconf 95' lang='grc'>1.</span> <span class='ocrx_word' id='word_1_289' title='bbox 1149 3197 1213 3259; x_wconf 86' lang='grc'>61</span> <span class='ocrx_word' id='word_1_290' title='bbox 1244 3196 1304 3258; x_wconf 90' lang='grc'>3.</span> 
     </span>
    </p>

    <p class='ocr_par' dir='ltr' id='par_1_8' title="bbox 720 3295 3192 4606">
     <span class='ocr_line' id='line_1_30' title="bbox 819 3295 3192 3378; baseline -0 -17"><span class='ocrx_word' id='word_1_291' title='bbox 819 3295 1101 3361; x_wconf 87' lang='lat' dir='ltr'>Succedit</span> <span class='ocrx_word' id='word_1_292' title='bbox 1131 3297 1359 3361; x_wconf 92' lang='lat' dir='ltr'>summi</span> <span class='ocrx_word' id='word_1_293' title='bbox 1396 3298 1697 3362; x_wconf 87' lang='lat' dir='ltr'>momenti</span> <span class='ocrx_word' id='word_1_294' title='bbox 1741 3297 2053 3378; x_wconf 88' lang='lat' dir='ltr'>quaestio:</span> <span class='ocrx_word' id='word_1_295' title='bbox 2103 3296 2262 3376; x_wconf 84' lang='lat' dir='ltr'>Quid</span> <span class='ocrx_word' id='word_1_296' title='bbox 2301 3297 2471 3362; x_wconf 82' lang='lat' dir='ltr'>venit</span> <span class='ocrx_word' id='word_1_297' title='bbox 2507 3298 2753 3361; x_wconf 76' lang='lat' dir='ltr'>nomine</span> <span class='ocrx_word' id='word_1_298' title='bbox 2791 3297 2890 3360; x_wconf 79' lang='lat' dir='ltr'>rei</span> <span class='ocrx_word' id='word_1_299' title='bbox 2916 3297 3192 3362; x_wconf 74' lang='lat' dir='ltr'>sacrae?</span> 
     </span>
     <span class='ocr_line' id='line_1_31' title="bbox 732 3401 3191 3487; baseline 0 -23"><span class='ocrx_word' id='word_1_300' title='bbox 732 3402 1083 3484; x_wconf 87' lang='lat' dir='ltr'>Respondet</span> <span class='ocrx_word' id='word_1_301' title='bbox 1129 3402 1449 3487; x_wconf 84' lang='lat' dir='ltr'>Laymann</span> <span class='ocrx_word' id='word_1_302' title='bbox 1498 3402 1604 3465; x_wconf 88' lang='lat' dir='ltr'>lib.</span> <span class='ocrx_word' id='word_1_303' title='bbox 1638 3401 1698 3464; x_wconf 89' lang='lat'>4.</span> <span class='ocrx_word' id='word_1_304' title='bbox 1734 3402 1814 3465; x_wconf 85' lang='lat' dir='ltr'>tr.</span> <span class='ocrx_word' id='word_1_305' title='bbox 1853 3402 1954 3466; x_wconf 86' lang='lat'>10.</span> <span class='ocrx_word' id='word_1_306' title='bbox 1988 3421 2120 3485; x_wconf 89' lang='lat' dir='ltr'>cap.</span> <span class='ocrx_word' id='word_1_307' title='bbox 2159 3401 2215 3464; x_wconf 87' lang='grc'><strong>7.</strong></span> <span class='ocrx_word' id='word_1_308' title='bbox 2250 3422 2309 3464; x_wconf 88' lang='grc'>11.</span> <span class='ocrx_word' id='word_1_309' title='bbox 2353 3402 2436 3477; x_wconf 92' lang='grc'>2.,</span> <span class='ocrx_word' id='word_1_310' title='bbox 2483 3421 2615 3463; x_wconf 81' lang='lat' dir='ltr'>rem</span> <span class='ocrx_word' id='word_1_311' title='bbox 2657 3420 2907 3464; x_wconf 78' lang='lat' dir='ltr'>sacram</span> <span class='ocrx_word' id='word_1_312' title='bbox 2930 3402 3191 3481; x_wconf 75' lang='lat' dir='ltr'>proprie</span> 
     </span>
     <span class='ocr_line' id='line_1_32' title="bbox 726 3501 3192 3584; baseline 0.001 -17"><span class='ocrx_word' id='word_1_313' title='bbox 726 3523 864 3567; x_wconf 82' lang='lat' dir='ltr'>eam</span> <span class='ocrx_word' id='word_1_314' title='bbox 896 3507 1138 3566; x_wconf 78' lang='lat' dir='ltr'>tantum</span> <span class='ocrx_word' id='word_1_315' title='bbox 1167 3503 1422 3578; x_wconf 76' lang='lat' dir='ltr'>censeri,</span> <span class='ocrx_word' id='word_1_316' title='bbox 1456 3523 1613 3584; x_wconf 80' lang='lat' dir='ltr'>quae</span> <span class='ocrx_word' id='word_1_317' title='bbox 1633 3503 1885 3583; x_wconf 76' lang='lat' dir='ltr'>publico</span> <span class='ocrx_word' id='word_1_318' title='bbox 1932 3504 2062 3565; x_wconf 61' lang='lat' dir='ltr'>ritu,</span> <span class='ocrx_word' id='word_1_319' title='bbox 2098 3506 2213 3566; x_wconf 74' lang='lat' dir='ltr'>aut</span> <span class='ocrx_word' id='word_1_320' title='bbox 2251 3503 2639 3566; x_wconf 74' lang='lat' dir='ltr'>institutione</span> <span class='ocrx_word' id='word_1_321' title='bbox 2671 3503 2758 3566; x_wconf 79' lang='lat' dir='ltr'>ad</span> <span class='ocrx_word' id='word_1_322' title='bbox 2791 3501 2922 3567; x_wconf 77' lang='lat' dir='ltr'>Dei</span> <span class='ocrx_word' id='word_1_323' title='bbox 2955 3504 3192 3569; x_wconf 66' lang='lat' dir='ltr'>mltum</span> 
     </span>
     <span class='ocr_line' id='line_1_33' title="bbox 728 3603 3189 3692; baseline 0.002 -25"><span class='ocrx_word' id='word_1_324' title='bbox 728 3606 1028 3687; x_wconf 74' lang='lat' dir='ltr'>deputata</span> <span class='ocrx_word' id='word_1_325' title='bbox 1072 3611 1181 3682; x_wconf 75' lang='lat' dir='ltr'>est,</span> <span class='ocrx_word' id='word_1_326' title='bbox 1228 3606 1392 3669; x_wconf 76' lang='lat' dir='ltr'>sicut</span> <span class='ocrx_word' id='word_1_327' title='bbox 1419 3604 1591 3668; x_wconf 78' lang='lat' dir='ltr'>docet</span> <span class='ocrx_word' id='word_1_328' title='bbox 1632 3605 1949 3669; x_wconf 68' lang='lat' dir='ltr'>Izcrecom.</span> <span class='ocrx_word' id='word_1_329' title='bbox 2001 3604 2041 3668; x_wconf 82' lang='grc' dir='ltr'><strong>Ζ.</strong></span> <span class='ocrx_word' id='word_1_330' title='bbox 2093 3603 2177 3668; x_wconf 81' lang='lat' dir='ltr'>In</span> <span class='ocrx_word' id='word_1_331' title='bbox 2209 3609 2468 3679; x_wconf 78' lang='lat' dir='ltr'>tantum,</span> <span class='ocrx_word' id='word_1_332' title='bbox 2518 3609 2579 3668; x_wconf 80' lang='lat' dir='ltr'>et</span> <span class='ocrx_word' id='word_1_333' title='bbox 2622 3604 2664 3667; x_wconf 77' lang='lat' dir='ltr'>l.</span> <span class='ocrx_word' id='word_1_334' title='bbox 2702 3603 2900 3668; x_wconf 81' lang='lat' dir='ltr'>Sacra</span> <span class='ocrx_word' id='word_1_335' title='bbox 2933 3608 3081 3692; x_wconf 86' lang='lat' dir='ltr'>Dig.</span> <span class='ocrx_word' id='word_1_336' title='bbox 3117 3606 3189 3671; x_wconf 81' lang='lat' dir='ltr'>de</span> 
     </span>
     <span class='ocr_line' id='line_1_34' title="bbox 728 3706 3187 3790; baseline 0.001 -20"><span class='ocrx_word' id='word_1_337' title='bbox 728 3707 1031 3771; x_wconf 51' lang='lat' dir='ltr'>divisione</span> <span class='ocrx_word' id='word_1_338' title='bbox 1064 3729 1292 3772; x_wconf 82' lang='lat' dir='ltr'>rerum.</span> <span class='ocrx_word' id='word_1_339' title='bbox 1328 3707 1605 3790; x_wconf 87' lang='lat' dir='ltr'>Idipsum</span> <span class='ocrx_word' id='word_1_340' title='bbox 1644 3707 1875 3772; x_wconf 87' lang='lat' dir='ltr'>habent</span> <span class='ocrx_word' id='word_1_341' title='bbox 1906 3708 2134 3772; x_wconf 87' lang='lat' dir='ltr'>Palaus</span> <span class='ocrx_word' id='word_1_342' title='bbox 2166 3708 2208 3771; x_wconf 93' lang='lat' dir='ltr'>l.</span> <span class='ocrx_word' id='word_1_343' title='bbox 2244 3729 2293 3772; x_wconf 93' lang='grc'>6.</span> <span class='ocrx_word' id='word_1_344' title='bbox 2332 3708 2388 3790; x_wconf 62' lang='grc' dir='ltr'><strong>ξ.</strong></span> <span class='ocrx_word' id='word_1_345' title='bbox 2428 3709 2486 3771; x_wconf 91' lang='grc'>1.</span> <span class='ocrx_word' id='word_1_346' title='bbox 2521 3729 2581 3771; x_wconf 89' lang='grc'>11.</span> <span class='ocrx_word' id='word_1_347' title='bbox 2617 3707 2698 3784; x_wconf 90' lang='grc'>1.,</span> <span class='ocrx_word' id='word_1_348' title='bbox 2734 3706 2887 3772; x_wconf 89' lang='lat' dir='ltr'>Voit</span> <span class='ocrx_word' id='word_1_349' title='bbox 2935 3710 3091 3774; x_wconf 90' lang='lat' dir='ltr'>tom.</span> <span class='ocrx_word' id='word_1_350' title='bbox 3131 3710 3187 3773; x_wconf 91' lang='lat'>1.</span> 
     </span>
     <span class='ocr_line' id='line_1_35' title="bbox 727 3809 3185 3894; baseline 0.001 -20"><span class='ocrx_word' id='word_1_351' title='bbox 727 3831 787 3874; x_wconf 92' lang='lat' dir='ltr'>n.</span> <span class='ocrx_word' id='word_1_352' title='bbox 824 3811 997 3884; x_wconf 64' lang='lat'>465„</span> <span class='ocrx_word' id='word_1_353' title='bbox 1033 3809 1256 3874; x_wconf 85' lang='lat' dir='ltr'>Suarez</span> <span class='ocrx_word' id='word_1_354' title='bbox 1290 3810 1364 3873; x_wconf 83' lang='lat' dir='ltr'>de</span> <span class='ocrx_word' id='word_1_355' title='bbox 1395 3810 1537 3873; x_wconf 76' lang='lat' dir='ltr'>Rel.</span> <span class='ocrx_word' id='word_1_356' title='bbox 1565 3812 1645 3875; x_wconf 90' lang='lat' dir='ltr'>tr.</span> <span class='ocrx_word' id='word_1_357' title='bbox 1681 3812 1740 3874; x_wconf 86' lang='lat'>3.</span> <span class='ocrx_word' id='word_1_358' title='bbox 1769 3812 1876 3874; x_wconf 89' lang='lat' dir='ltr'>lib.</span> <span class='ocrx_word' id='word_1_359' title='bbox 1906 3812 1965 3874; x_wconf 84' lang='lat'>3.</span> <span class='ocrx_word' id='word_1_360' title='bbox 1993 3831 2126 3893; x_wconf 84' lang='lat' dir='ltr'>cap.</span> <span class='ocrx_word' id='word_1_361' title='bbox 2158 3812 2236 3885; x_wconf 94' lang='grc'>1.,</span> <span class='ocrx_word' id='word_1_362' title='bbox 2269 3809 2530 3894; x_wconf 85' lang='lat' dir='ltr'>Struggl</span> <span class='ocrx_word' id='word_1_363' title='bbox 2560 3812 2639 3874; x_wconf 85' lang='lat' dir='ltr'>tr.</span> <span class='ocrx_word' id='word_1_364' title='bbox 2675 3811 2735 3873; x_wconf 84' lang='lat'>5.</span> <span class='ocrx_word' id='word_1_365' title='bbox 2776 3829 2835 3891; x_wconf 91' lang='lat' dir='ltr'>q.</span> <span class='ocrx_word' id='word_1_366' title='bbox 2871 3812 2932 3875; x_wconf 85' lang='lat'>6.</span> <span class='ocrx_word' id='word_1_367' title='bbox 2971 3814 3091 3876; x_wconf 83' lang='lat' dir='ltr'>art.</span> <span class='ocrx_word' id='word_1_368' title='bbox 3128 3815 3185 3875; x_wconf 87' lang='grc'><strong>2.</strong></span> 
     </span>
     <span class='ocr_line' id='line_1_36' title="bbox 734 3911 3192 3999; baseline 0.002 -26"><span class='ocrx_word' id='word_1_369' title='bbox 734 3932 790 3974; x_wconf 92' lang='lat' dir='ltr'>n.</span> <span class='ocrx_word' id='word_1_370' title='bbox 827 3913 910 3988; x_wconf 90' lang='grc'>9.,</span> <span class='ocrx_word' id='word_1_371' title='bbox 945 3912 1199 3975; x_wconf 82' lang='lat' dir='ltr'>Filiucc.</span> <span class='ocrx_word' id='word_1_372' title='bbox 1235 3912 1277 3975; x_wconf 94' lang='lat' dir='ltr'>l.</span> <span class='ocrx_word' id='word_1_373' title='bbox 1312 3931 1384 3987; x_wconf 87' lang='grc'><strong>6.,</strong></span> <span class='ocrx_word' id='word_1_374' title='bbox 1421 3912 1583 3976; x_wconf 87' lang='lat' dir='ltr'>Azor</span> <span class='ocrx_word' id='word_1_375' title='bbox 1614 3912 1655 3976; x_wconf 94' lang='lat' dir='ltr'>l.</span> <span class='ocrx_word' id='word_1_376' title='bbox 1690 3934 1741 3976; x_wconf 93' lang='grc'>6.</span> <span class='ocrx_word' id='word_1_377' title='bbox 1779 3915 1894 3976; x_wconf 82' lang='grc'><strong>616.</strong></span> <span class='ocrx_word' id='word_1_378' title='bbox 1935 3913 2016 3976; x_wconf 84' lang='grc' dir='ltr'>Ε1</span> <span class='ocrx_word' id='word_1_379' title='bbox 2061 3914 2400 3976; x_wconf 87' lang='lat' dir='ltr'>consonant</span> <span class='ocrx_word' id='word_1_380' title='bbox 2444 3911 2646 3994; x_wconf 90' lang='lat' dir='ltr'>reipsa</span> <span class='ocrx_word' id='word_1_381' title='bbox 2690 3913 2901 3998; x_wconf 81' lang='lat' dir='ltr'>textus</span> <span class='ocrx_word' id='word_1_382' title='bbox 2950 3932 2988 3978; x_wconf 88' lang='grc'><strong>3</strong></span> <span class='ocrx_word' id='word_1_383' title='bbox 3035 3914 3192 3999; x_wconf 81' lang='lat' dir='ltr'>Lay-</span> 
     </span>
     <span class='ocr_line' id='line_1_37' title="bbox 727 4011 3190 4099; baseline 0.001 -22"><span class='ocrx_word' id='word_1_384' title='bbox 727 4033 913 4077; x_wconf 86' lang='lat' dir='ltr'>mann</span> <span class='ocrx_word' id='word_1_385' title='bbox 965 4013 1239 4098; x_wconf 83' lang='lat' dir='ltr'>allegati.</span> <span class='ocrx_word' id='word_1_386' title='bbox 1285 4012 1520 4098; x_wconf 81' lang='lat' dir='ltr'>Quippe</span> <span class='ocrx_word' id='word_1_387' title='bbox 1568 4013 1609 4076; x_wconf 80' lang='lat' dir='ltr'>l.</span> <span class='ocrx_word' id='word_1_388' title='bbox 1662 4013 1919 4078; x_wconf 80' lang='lat' dir='ltr'>Summa</span> <span class='ocrx_word' id='word_1_389' title='bbox 1968 4015 2025 4077; x_wconf 92' lang='lat'>1.</span> <span class='ocrx_word' id='word_1_390' title='bbox 2078 4014 2219 4098; x_wconf 87' lang='lat' dir='ltr'>Dig.</span> <span class='ocrx_word' id='word_1_391' title='bbox 2269 4011 2343 4076; x_wconf 81' lang='lat' dir='ltr'>de</span> <span class='ocrx_word' id='word_1_392' title='bbox 2388 4015 2568 4077; x_wconf 53' lang='lat' dir='ltr'>divi&amp;</span> <span class='ocrx_word' id='word_1_393' title='bbox 2617 4035 2742 4078; x_wconf 79' lang='lat' dir='ltr'>rer.</span> <span class='ocrx_word' id='word_1_394' title='bbox 2793 4014 2989 4079; x_wconf 78' lang='lat' dir='ltr'>Aliae</span> <span class='ocrx_word' id='word_1_395' title='bbox 3036 4016 3190 4099; x_wconf 88' lang='lat' dir='ltr'>(res)</span> 
     </span>
     <span class='ocr_line' id='line_1_38' title="bbox 724 4114 3187 4200; baseline 0.001 -20"><span class='ocrx_word' id='word_1_396' title='bbox 724 4124 877 4180; x_wconf 74' lang='lat' dir='ltr'>sunt</span> <span class='ocrx_word' id='word_1_397' title='bbox 905 4117 1107 4180; x_wconf 71' lang='lat' dir='ltr'>climfm·</span> <span class='ocrx_word' id='word_1_398' title='bbox 1140 4117 1390 4193; x_wconf 76' lang='lat' dir='ltr'>iuris...,</span> <span class='ocrx_word' id='word_1_399' title='bbox 1422 4116 1616 4178; x_wconf 69' lang='lat' dir='ltr'>veluti</span> <span class='ocrx_word' id='word_1_400' title='bbox 1636 4136 1735 4179; x_wconf 84' lang='lat' dir='ltr'>res</span> <span class='ocrx_word' id='word_1_401' title='bbox 1767 4135 2019 4178; x_wconf 72' lang='lat' dir='ltr'>sacrae:</span> <span class='ocrx_word' id='word_1_402' title='bbox 2051 4114 2209 4179; x_wconf 87' lang='lat' dir='ltr'>unde</span> <span class='ocrx_word' id='word_1_403' title='bbox 2241 4115 2396 4180; x_wconf 87' lang='lat' dir='ltr'>illud</span> <span class='ocrx_word' id='word_1_404' title='bbox 2429 4136 2477 4180; x_wconf 89' lang='lat' dir='ltr'>s.</span> <span class='ocrx_word' id='word_1_405' title='bbox 2504 4116 2779 4180; x_wconf 85' lang='lat' dir='ltr'>Thomae</span> <span class='ocrx_word' id='word_1_406' title='bbox 2812 4118 2874 4180; x_wconf 81' lang='lat'>2.</span> <span class='ocrx_word' id='word_1_407' title='bbox 2903 4118 2965 4180; x_wconf 86' lang='lat'>2.</span> <span class='ocrx_word' id='word_1_408' title='bbox 2993 4138 3053 4200; x_wconf 88' lang='lat' dir='ltr'>q.</span> <span class='ocrx_word' id='word_1_409' title='bbox 3084 4120 3187 4182; x_wconf 82' lang='lat'>99.</span> 
     </span>
     <span class='ocr_line' id='line_1_39' title="bbox 728 4215 3190 4300; baseline 0.001 -18"><span class='ocrx_word' id='word_1_410' title='bbox 728 4238 783 4282; x_wconf 83' lang='lat' dir='ltr'>a.</span> <span class='ocrx_word' id='word_1_411' title='bbox 825 4221 914 4283; x_wconf 91' lang='lat'>1.:</span> <span class='ocrx_word' id='word_1_412' title='bbox 949 4220 1057 4283; x_wconf 74' lang='lat' dir='ltr'>Ex</span> <span class='ocrx_word' id='word_1_413' title='bbox 1080 4219 1189 4282; x_wconf 78' lang='lat' dir='ltr'>hoc</span> <span class='ocrx_word' id='word_1_414' title='bbox 1214 4219 1377 4300; x_wconf 75' lang='lat' dir='ltr'>quod</span> <span class='ocrx_word' id='word_1_415' title='bbox 1388 4218 1645 4299; x_wconf 74' lang='lat' dir='ltr'>aliquod</span> <span class='ocrx_word' id='word_1_416' title='bbox 1666 4216 2000 4297; x_wconf 63' lang='lat' dir='ltr'>deputatur</span> <span class='ocrx_word' id='word_1_417' title='bbox 2028 4218 2117 4281; x_wconf 78' lang='lat' dir='ltr'>ad</span> <span class='ocrx_word' id='word_1_418' title='bbox 2142 4218 2373 4281; x_wconf 74' lang='lat' dir='ltr'>cultum-</span> <span class='ocrx_word' id='word_1_419' title='bbox 2398 4217 2544 4294; x_wconf 77' lang='lat' dir='ltr'>Dei,</span> <span class='ocrx_word' id='word_1_420' title='bbox 2583 4219 2856 4300; x_wconf 76' lang='lat' dir='ltr'>efficitur</span> <span class='ocrx_word' id='word_1_421' title='bbox 2878 4215 3190 4300; x_wconf 79' lang='lat' dir='ltr'>quoddam</span> 
     </span>
     <span class='ocr_line' id='line_1_40' title="bbox 724 4319 3191 4403; baseline 0.002 -23"><span class='ocrx_word' id='word_1_422' title='bbox 724 4319 1022 4383; x_wconf 72' lang='lat' dir='ltr'>divinum.</span> <span class='ocrx_word' id='word_1_423' title='bbox 1064 4323 1146 4386; x_wconf 83' lang='lat' dir='ltr'>Et</span> <span class='ocrx_word' id='word_1_424' title='bbox 1177 4322 1218 4384; x_wconf 84' lang='lat' dir='ltr'>l.</span> <span class='ocrx_word' id='word_1_425' title='bbox 1262 4320 1458 4384; x_wconf 77' lang='lat' dir='ltr'>Sacra</span> <span class='ocrx_word' id='word_1_426' title='bbox 1489 4322 1549 4384; x_wconf 91' lang='grc'><strong>9.</strong></span> <span class='ocrx_word' id='word_1_427' title='bbox 1586 4321 1729 4403; x_wconf 83' lang='lat' dir='ltr'>Dig.</span> <span class='ocrx_word' id='word_1_428' title='bbox 1779 4321 1853 4382; x_wconf 80' lang='lat' dir='ltr'>(Ie</span> <span class='ocrx_word' id='word_1_429' title='bbox 1889 4319 2070 4383; x_wconf 71' lang='lat' dir='ltr'>dim&#39;s.</span> <span class='ocrx_word' id='word_1_430' title='bbox 2118 4341 2240 4383; x_wconf 84' lang='lat' dir='ltr'>rer.</span> <span class='ocrx_word' id='word_1_431' title='bbox 2290 4320 2375 4385; x_wconf 89' lang='lat' dir='ltr'>sic</span> <span class='ocrx_word' id='word_1_432' title='bbox 2422 4321 2638 4385; x_wconf 88' lang='lat' dir='ltr'>habet:</span> <span class='ocrx_word' id='word_1_433' title='bbox 2689 4319 2889 4385; x_wconf 80' lang='lat' dir='ltr'>Sacra</span> <span class='ocrx_word' id='word_1_434' title='bbox 2934 4321 3071 4387; x_wconf 82' lang='lat' dir='ltr'>loca</span> <span class='ocrx_word' id='word_1_435' title='bbox 3116 4342 3191 4386; x_wconf 81' lang='lat' dir='ltr'>ea</span> 
     </span>
     <span class='ocr_line' id='line_1_41' title="bbox 721 4421 3188 4505; baseline 0.002 -21"><span class='ocrx_word' id='word_1_436' title='bbox 721 4426 890 4498; x_wconf 77' lang='lat' dir='ltr'>sunt,</span> <span class='ocrx_word' id='word_1_437' title='bbox 939 4443 1095 4504; x_wconf 78' lang='lat' dir='ltr'>quae</span> <span class='ocrx_word' id='word_1_438' title='bbox 1121 4424 1370 4504; x_wconf 73' lang='lat' dir='ltr'>publice</span> <span class='ocrx_word' id='word_1_439' title='bbox 1414 4426 1567 4485; x_wconf 74' lang='lat' dir='ltr'>sunt</span> <span class='ocrx_word' id='word_1_440' title='bbox 1608 4421 1910 4485; x_wconf 69' lang='lat' dir='ltr'>dedicata.</span> <span class='ocrx_word' id='word_1_441' title='bbox 1960 4423 2039 4486; x_wconf 88' lang='lat' dir='ltr'>Et</span> <span class='ocrx_word' id='word_1_442' title='bbox 2067 4423 2122 4505; x_wconf 63' lang='grc' dir='ltr'><strong>ἓ.</strong></span> <span class='ocrx_word' id='word_1_443' title='bbox 2149 4424 2236 4486; x_wconf 88' lang='lat' dir='ltr'>l.:</span> <span class='ocrx_word' id='word_1_444' title='bbox 2269 4425 2357 4486; x_wconf 90' lang='lat' dir='ltr'>l.:</span> <span class='ocrx_word' id='word_1_445' title='bbox 2388 4422 2716 4486; x_wconf 74' lang='lat' dir='ltr'>Sciendum</span> <span class='ocrx_word' id='word_1_446' title='bbox 2760 4428 2870 4499; x_wconf 78' lang='lat' dir='ltr'>est,</span> <span class='ocrx_word' id='word_1_447' title='bbox 2920 4423 3188 4489; x_wconf 73' lang='lat' dir='ltr'>locum...</span> 
     </span>
     <span class='ocr_line' id='line_1_42' title="bbox 720 4523 3192 4606; baseline 0.001 -19"><span class='ocrx_word' id='word_1_448' title='bbox 720 4544 969 4587; x_wconf 75' lang='lat' dir='ltr'>sacrum</span> <span class='ocrx_word' id='word_1_449' title='bbox 1014 4525 1157 4604; x_wconf 73' lang='lat' dir='ltr'>ficri</span> <span class='ocrx_word' id='word_1_450' title='bbox 1188 4544 1394 4604; x_wconf 75' lang='lat' dir='ltr'>posse,</span> <span class='ocrx_word' id='word_1_451' title='bbox 1425 4544 1563 4586; x_wconf 79' lang='lat' dir='ltr'>eum</span> <span class='ocrx_word' id='word_1_452' title='bbox 1611 4523 1924 4606; x_wconf 73' lang='lat' dir='ltr'>Princeps</span> <span class='ocrx_word' id='word_1_453' title='bbox 1968 4545 2100 4588; x_wconf 77' lang='lat' dir='ltr'>eum</span> <span class='ocrx_word' id='word_1_454' title='bbox 2150 4525 2457 4589; x_wconf 71' lang='lat' dir='ltr'>dedicavit</span> <span class='ocrx_word' id='word_1_455' title='bbox 2501 4525 2594 4589; x_wconf 79' lang='lat' dir='ltr'>vel</span> <span class='ocrx_word' id='word_1_456' title='bbox 2640 4523 2977 4591; x_wconf 77' lang='lat' dir='ltr'>dedicandi</span> <span class='ocrx_word' id='word_1_457' title='bbox 3020 4527 3192 4592; x_wconf 73' lang='lat' dir='ltr'>dedit</span> 
     </span>
    </p>
   </div>
  </div>
 </body>
</html>
