3497 5147
714 365 821 422 372
921 381 1133 422 maner.
1162 383 1216 422 v.
1243 379 1403 421 sacr.
1432 380 1468 421 1.
1497 380 1581 419 nn:
1608 378 1800 420 mmo
1825 378 2042 419 Pana-c.
2069 377 2399 420 nnoALoor.
2429 375 2562 418 car».
2592 375 2659 415 11.
2685 375 2828 417 nun.
2856 377 2946 416 ιιι.
3030 362 3176 438 [48η

803 476 1017 558 Neque
1047 476 1148 540 hic
1178 476 1524 541 defenditur
1554 475 1772 560 regula
1804 475 1877 540 de
1907 475 2197 539 triennali
2228 458 2652 558 possessione}
2687 472 2837 555 quia
2868 473 2931 536 in
2964 473 3173 539 eadem

713 596 989 661 expresse
1013 580 1299 661 exceptus
1324 581 1437 655 est,
1466 578 1570 642 ubi
1596 578 1825 642 dicitur
1846 577 2077 658 absque
2097 576 2436 641 sinwm'cwo
2458 576 2773 657 inyressu.
2793 575 3172 662 Schmalzgr.

710 680 856 744 ibid.
896 705 933 739 α
964 680 1162 746 Notat
1194 685 1403 745 tamen
1436 681 1719 744 Valensis
1754 680 1813 743 h.
1864 680 1963 744 tit.
2001 679 2058 761 §-
2094 679 2155 742 4.
2191 698 2250 741 ιι.
2289 679 2392 741 12.
2426 679 2568 761 post
2599 676 2891 741 Lessium
2924 698 2984 741 n.
3026 680 3166 745 138.

707 783 815 847 lib.
852 786 913 847 2.
952 803 1083 868 cap.
1121 786 1248 861 35„
1283 783 1449 866 quod
1480 785 1532 847 si
1581 785 1812 848 electus
1843 782 1943 846 vel
1972 783 2404 865 praesentatus
2439 780 2719 865 legitime
2756 782 2976 863 postea
3008 801 3166 847 com·

711 886 912 950 mittit
956 887 1285 952 simoniam
1331 905 1441 970 pro
1488 886 1956 950 confirmatione
2011 885 2109 949 vel
2155 883 2555 949 institutione
2602 883 3003 965 acquirenda,
3054 904 3168 950 non

708 988 973 1052 vitiatur
994 989 1211 1054 electio
1244 990 1341 1054 vel
1388 988 1826 1072 praesentatiO,
1861 987 1965 1051 sed
1998 987 2131 1051 sola
2175 987 2463 1059 irritatur
2508 985 2907 1050 confirmatio
2959 987 3053 1051 vel
3083 988 3168 1051 in-

709 1089 980 1167 stitutio,
1039 1091 1100 1154 in
1162 1111 1283 1173 qua
1348 1091 1572 1155 vitium
1631 1089 1789 1154 illud
1836 1089 2238 1153 commissum
2300 1089 2414 1153 est.
2478 1087 2561 1152 Et
2615 1088 2732 1151 hoc
2782 1088 3084 1170 probatur
3129 1109 3162 1154 a

709 1191 898 1255 simili
943 1211 1015 1257 ex
1061 1212 1190 1275 cap.
1244 1192 1317 1257 Si
1359 1193 1830 1272 confirmatione
1876 1190 1951 1254 de
1995 1190 2199 1255 Elect.
2247 1191 2314 1255 in
2346 1192 2406 1254 6.
2438 1190 2546 1254 ubi
2590 1189 2876 1267 habetur,
2924 1195 3162 1256 cassata

709 1293 1172 1360 confirmatione
1199 1296 1276 1359 ob
1306 1295 1611 1359 defectum
1645 1294 1908 1358 alicuius
1945 1294 2385 1358 sollemnitatis
2429 1311 2549 1357 non
2581 1293 2906 1376 propterea
2934 1295 3161 1358 cassari

709 1395 1068 1462 electionem
1100 1398 1558 1481 praecedentem
1590 1397 1877 1461 canonice
1908 1397 2159 1461 factam.
2192 1396 2369 1461 Unde
2400 1397 2463 1460 in
2511 1395 2630 1460 tali
2661 1413 2811 1460 casu
2834 1395 3157 1473 sufficeret,

707 1496 761 1560 si
807 1518 913 1581 per
956 1498 1306 1584 legitimam
1352 1499 1871 1583 dispensationem
1917 1499 2243 1563 tolleretur
2286 1498 2651 1563 inhabilitas
2691 1499 3012 1562 contracta
3059 1518 3160 1581 per

708 1601 918 1664 actum
962 1602 1384 1684 posteriorem,
1418 1620 1529 1666 nec
1565 1620 1719 1684 opus
1753 1603 1914 1666 esset
1946 1619 2108 1666 nova
2141 1601 2437 1666 electione
2484 1601 2598 1664 aut
2629 1600 3156 1683 praesentatione:

704 1720 879 1766 secus
909 1703 1252 1782 dicendum,
1286 1705 1339 1769 si
1370 1705 1433 1768 in
1465 1703 1654 1786 priori
1691 1705 1835 1767 actu
1868 1703 2197 1768 commissa
2242 1703 2465 1768 fuisset
2509 1701 2802 1767 simonia:
2837 1720 2984 1765 nam
3018 1692 3158 1766 t'unc

703 1823 915 1870 omnes
945 1810 1267 1889 sequentes
1302 1808 1477 1871 actus
1508 1807 1709 1870 forent
1741 1806 1905 1869 irriti
1942 1830 2002 1869 ».
2037 1805 2353 1870 Reiffenst.
2388 1806 2451 1869 h.
2485 1804 2588 1870 tit.
2622 1823 2681 1868 n.
2717 1803 2868 1867 265.

791 1907 927 1971 Hoc
973 1911 1183 1973 autem
1231 1909 1524 1992 procedit,
1574 1908 1822 1972 etiamsi
1866 1909 1930 1971 in
1968 1907 2263 1972 electione
2295 1908 2408 1972 aut
2438 1907 2501 1970 in
2532 1905 3036 1989 praesentatione
3081 1905 3157 1970 ad

700 2008 1060 2073 beneficium
1107 2011 1205 2074 vel
1251 2011 1692 2093 praelaturam,
1741 2029 1900 2092 quae
1946 2009 2059 2074 fiat
2104 2029 2140 2074 a
2187 2010 2470 2093 pluribus
2515 2009 2654 2072 iure
2700 2009 3157 2073 communitatis

698 2109 794 2173 vel
839 2109 1120 2193 Colleyii,
1160 2132 1320 2177 unus
1353 2113 1600 2175 tantum
1634 2115 1854 2176 votum
1886 2111 2153 2177 dedisset
2183 2112 2535 2189 simoniace,
2569 2111 2799 2176 maiori
2835 2113 3004 2194 parte
3049 2111 3157 2175 eli-

696 2215 879 2298 gente
926 2216 1155 2297 absque
1202 2215 1491 2279 simonia.

783 2317 967 2382 Secus
1001 2337 1142 2382 vero
1191 2318 1241 2382 si
1290 2317 1706 2401 praesentatio
1756 2315 1869 2380 fiat
1912 2335 1950 2380 a
1996 2317 2297 2399 pluribus),
2348 2316 2444 2381 uti
2490 2314 2728 2401 singuli
2775 2316 2957 2380 sunt:
3006 2319 3154 2382 tunc

693 2419 856 2483 enim
879 2439 1021 2483 cum
1048 2422 1143 2485 tot
1173 2421 1300 2485 sint
1329 2419 1875 2504 praesentationeS,
1902 2421 2057 2501 quot
2089 2419 2354 2502 patroni,
2382 2438 2506 2484 una
2531 2417 2788 2483 collatio
2814 2417 3152 2484 simoniaca

692 2521 879 2586 aliam
911 2542 1032 2588 non
1064 2523 1262 2588 inficit
1293 2524 1479 2605 atque
1514 2522 1710 2587 adeo
1694 2541 1759 2587 111
1793 2540 1930 2586 eam
1960 2539 2082 2586 non
2114 2521 2340 2587 influit.
2376 2521 2757 2607 Schmalzgr.
2791 2519 2941 2585 ibid.

778 2623 956 2696 487.
989 2627 1177 2691 Irrita
1210 2628 1441 2710 pariter
1478 2628 1573 2690 est
1604 2626 1896 2709 provisio,
1934 2625 2180 2691 etiamsi
2211 2625 2542 2691 simoniam
2575 2644 2699 2690 non
2733 2623 2985 2707 quidem
3021 2626 3154 2709 ipse

690 2731 1028 2810 promotus,
1064 2728 1215 2793 sed
1200 2746 1334 2811 1pso
1360 2730 1688 2810 iquorante
1720 2730 2004 2812 parentes
2037 2729 2187 2805 eius,
2222 2728 2494 2811 cognati,
2528 2728 2717 2793 amici
2749 2730 2864 2792 etc.
2900 2730 3153 2794 commi-

687 2831 901 2894 serint.

772 2932 1091 3015 Excipitur
1138 2935 1344 2998 tamen
1392 2952 1590 3011 casus,
1641 2952 1765 3015 quo
1812 2933 1875 2997 id
1920 2933 2155 2997 factum
2202 2932 2365 2997 forte
2411 2932 2601 2997 fuerit
2645 2933 2708 2996 in
2755 2932 3039 2999 fraudem
3084 2937 3146 2999 et

683 3035 760 3099 ad
784 3034 1049 3101 electum
1081 3038 1193 3100 aut
1222 3038 1684 3118 praesentatum
1718 3039 1832 3099 etc.
1867 3034 2241 3099 reddendum
2271 3034 2612 3100 inhabilem
2647 3035 2726 3099 ad
2757 3035 3139 3102 beneficium.

681 3138 852 3203 Tunc
882 3140 1045 3203 enim
1090 3139 1223 3222 ipsa
1270 3139 1408 3203 iura
1455 3139 1763 3203 sustinent
1809 3138 2244 3220 provisionem,
2297 3157 2372 3202 ne
2419 3138 2558 3220 plus
2603 3138 2869 3204 malitiis
2902 3159 3144 3223 perver-

678 3258 889 3304 sorum
935 3241 1276 3316 hominum,
1310 3260 1500 3323 quam
1529 3239 1951 3304 innocentium
1995 3240 2236 3304 meritis
2271 3240 2610 3305 tribuatur.
2645 3240 2760 3305 Est
2790 3243 3133 3308 communis

675 3340 990 3406 doctrina:
1038 3342 1162 3406 vid.
1211 3344 1588 3426 Schmalzgr.
1639 3342 1699 3404 h.
1751 3342 1851 3406 tit.
1902 3361 1960 3406 ιι.
2003 3342 2152 3406 266.
2189 3361 2311 3407 van
2355 3342 2558 3425 Espen
2608 3341 2866 3424 quidem
2915 3364 3138 3409 novam

672 3444 1050 3528 excogitavit
1094 3447 1418 3521 rationem,
1469 3444 1753 3525 inquiens
1807 3464 1865 3526 p.
1902 3446 1961 3507 2.
1996 3444 2097 3508 tit.
2132 3445 2239 3508 30.
2272 3463 2404 3525 cap.
2448 3444 2507 3508 6.
2547 3463 2608 3508 n.
2645 3445 2752 3508 25.
2795 3469 2832 3504 ‹
2863 3447 3028 3528 quod
3066 3467 3138 3512 eo

669 3566 816 3611 casu
845 3547 981 3629 ipsa
1013 3548 1276 3613 simonia
1299 3547 1542 3631 proprie
1574 3565 1694 3610 non
1732 3545 2026 3621 inficeret,
2060 3565 2204 3612 cum
2255 3547 2672 3629 supponatur,
2706 3548 2875 3629 quod
2921 3550 3128 3625 etiam,

662 3667 733 3712 ea
779 3670 900 3715 non
946 3651 1410 3727 interveniente,
1451 3649 1670 3713 electio
1718 3648 1887 3713 facta
1933 3649 2154 3713 fuisset
2201 3673 2270 3712 ».
2327 3648 2518 3713 Ratio
2572 3649 3128 3732 insipientissima!

662 3753 841 3829 quasi
886 3772 1030 3817 vero
1080 3755 1230 3816 tunc
1275 3753 1480 3817 solum
1527 3752 1792 3816 simonia
1838 3751 2154 3816 inficiatur
2184 3752 2364 3816 actus
2411 3751 2699 3833 quidam,
2747 3754 3000 3835 quando
3034 3756 3136 3820 ab·

660 3853 831 3914 sente
876 3854 1141 3916 simonia
1188 3854 1392 3919 factus
1439 3874 1561 3920 non
1610 3855 1888 3920 fuissetll
1938 3854 2036 3918 vel
2090 3852 2270 3936 quasi
2317 3854 2559 3918 certum
2615 3853 2719 3931 sit,
2769 3855 3132 3925 electionem

660 3951 999 4017 faciendam
1032 3953 1239 4031 fuisse,
1273 3957 1419 4020 licet
1450 3976 1571 4020 non
1603 3931 2051 4022 intercessisset
2088 3954 2405 4021 simonia.
2392 3958 2441 3998 Η
2478 3955 2655 4021 Unde
2703 3957 2870 4022 enim
2902 3959 2963 4024 id
2997 3980 3132 4025 con·

660 4057 837 4120 stat?
872 4054 1040 4121 Num
1087 4058 1306 4122 electio
1355 4062 1617 4140 sequuta
1665 4059 1999 4125 simoniace
2047 4060 2146 4123 est
2194 4057 2492 4123 indicium
2537 4059 2937 4139 sequuturae,
2989 4062 3131 4127 licet

656 4159 918 4224 simonia
966 4160 1176 4224 absit?
1229 4161 1311 4223 Et
1359 4161 1521 4242 quod
1553 4162 1803 4238 mirum,
1852 4162 2228 4227 resolutores
2286 4179 2547 4226 casuum
2593 4161 3008 4229 conscientiae
3070 4167 3130 4231 ιιι

658 4261 888 4325 Βοιιοιι.
925 4263 1202 4327 Dioecesi
1235 4282 1333 4327 an.
1372 4264 1562 4327 1768.
1599 4265 1850 4328 Ianuar.
1901 4282 2026 4329 cas.
2076 4264 2138 4327 3.
2175 4264 2328 4327 tom.
2377 4263 2437 4327 3.
2479 4280 2623 4346 pag.
2654 4262 2761 4327 12.
2796 4263 2959 4329 hanc
3009 4287 3128 4333 van

650 4363 847 4446 Espen
895 4365 1201 4431 rationem
1248 4366 1462 4430 dicunt
1507 4368 1977 4431 acutissimam!
2023 4365 2141 4431 Sed
2189 4385 2261 4431 ea
2308 4365 2512 4431 aetate
2562 4384 2683 4430 van
2739 4365 2942 4451 Espen
2992 4376 3132 4437 erat

648 4466 804 4530 alter
852 4484 899 4529 S.
933 4466 1055 4531 Leo
1106 4472 1217 4532 aut
1248 4470 1659 4553 Augustinus,
1708 4469 1955 4551 quando
1989 4468 2357 4533 Ianseniana
2387 4466 2579 4551 pestis
2612 4466 2848 4533 viscera
2882 4471 3112 4539 Italiae

651 4569 1035 4636 corrodebat.
