3497 5147
678 295 788 349 568
967 309 1181 351 ’111Δο1.
1208 308 1287 349 vn
1314 307 1475 349 suom.
1504 308 1594 349 111.
1619 309 1705 348 nn
1727 308 1950 348 'ranno
1976 306 2194 347 Panno.
2223 305 2551 348 amamur.
2577 307 2720 349 nun.
2745 308 2834 350 111.
2992 293 3135 364 [7741

767 402 984 483 Quoad
1021 403 1394 468 sententiam
1425 406 1755 489 negantem
1793 407 2190 487 praeceptum
2225 405 2472 487 impleri
2503 405 2583 469 ab
2613 423 2685 470 eo
2722 405 2832 487 qui
2861 407 3137 490 tempore

674 507 905 572 Missae
936 505 1285 581 confitetur,
1320 507 1557 571 Auctor
1587 507 1839 571 confuse
1877 507 2180 588 quaedam
2213 507 2512 591 congerit,
2545 526 2703 590 quae
2741 508 3136 573 distinctione

672 610 973 694 indigent.
1014 609 1176 673 Nam
1225 610 1324 674 vel
1367 609 1433 672 1⁰
1464 611 1745 692 quaestio
1795 611 1908 684 est,
1946 629 2023 674 an
2060 610 2394 674 necessitas
2425 609 2759 674 confitendi
2790 611 2869 675 ob
2899 628 3136 694 praece·

670 713 869 794 ptum,
907 711 1003 776 vel
1049 712 1381 776 necessitas
1413 712 1552 776 dein
1584 711 2100 789 communicandi,
2140 711 2240 775 vel
2271 711 2462 776 etiam
2493 712 2656 776 ratio
2694 729 2819 776 non
2848 712 3135 777 manendi

670 814 733 877 in
774 816 946 878 statu
993 814 1232 898 peccati
1278 817 1525 879 excuset
1571 814 1650 879 ab
1700 814 2038 878 audiendae
2085 814 2317 878 Missae
2362 815 2709 897 praecept0‚
2750 813 2915 880 sicut
2945 815 3133 879 etiam

671 935 748 980 an
798 918 1046 981 excuset
1091 918 1253 981 bona
1299 915 1449 981 fides
1499 936 1535 980 a
1581 919 1868 1000 peccato;
1910 917 2006 981 vel
2047 919 2115 980 2⁰
2146 917 2430 998 quaestio
2477 916 2569 993 fit,
2611 936 2690 981 an
2735 917 2845 999 qui
2889 917 2954 980 in
3000 919 3132 1001 ipsa

671 1020 925 1083 ecclesia
959 1019 1310 1097 confitetur,
1346 1019 1496 1083 dum
1542 1019 1738 1084 Missa
1786 1020 2152 1097 celebratur,
2187 1019 2376 1083 simul
2423 1019 2774 1084 satisfaciat
2809 1023 3131 1104 praecepto

672 1121 1011 1185 audiendae
1048 1121 1279 1186 Missae
1325 1123 1385 1185 h.
1420 1142 1472 1186 e.
1507 1122 1842 1186 censendus
1881 1123 1965 1186 sit
2007 1123 2197 1187 simul
2246 1121 2542 1186 adsistere
2588 1122 2743 1187 satis
2781 1122 2990 1188 Sacro.

761 1224 954 1287 Porro
1018 1221 1243 1287 Suarez
1296 1224 1372 1286 de
1417 1222 1617 1288 Euch.
1667 1224 1823 1307 disp.
1875 1226 1979 1288 88.
2030 1225 2178 1288 sect.
2230 1224 2289 1287 6.
2339 1245 2397 1287 v.
2451 1223 2792 1305 Septimum
2853 1228 2918 1290 et
2970 1227 3132 1292 Azor

669 1326 832 1407 part.
864 1325 921 1388 1.
948 1325 1055 1389 1111.
1085 1325 1142 1389 7.
1171 1344 1303 1408 cap.
1334 1326 1391 1390 7.
1420 1346 1478 1407 q.
1508 1327 1567 1390 8.
1595 1327 2023 1408 quaestionem
2055 1327 2255 1410 primo
2294 1327 2544 1390 tantum
2575 1345 2760 1392 sensu
2792 1326 3040 1412 agitant
3068 1330 3134 1392 et

672 1426 899 1491 Suarez
936 1428 1187 1491 tantum
1232 1430 1422 1512 negat
1467 1428 1637 1492 licite
1676 1428 1887 1493 omitti
1917 1427 2198 1505 Missam,
2234 1430 2306 1493 ut
2343 1429 2482 1510 quis
2514 1428 2906 1503 confiteatur,
2941 1449 3132 1512 aeque

668 1547 740 1592 ac
786 1528 1003 1593 illicite
1053 1529 1389 1604 omitteret,
1423 1531 1497 1594 ut
1533 1531 1887 1594 concionem
1919 1530 2181 1594 audiret.
2214 1529 2448 1594 Eodem
2486 1532 2668 1612 pacto
2707 1531 3130 1611 quaestionem

666 1629 819 1694 facit
842 1631 1207 1695 Tamburini
1232 1631 1539 1717 (allegans
1565 1631 1822 1716 Suarez)
1843 1633 1912 1695 in
1928 1631 2149 1696 Decal.
2176 1631 2284 1695 lib.
2304 1633 2365 1696 4.
2386 1651 2518 1715 cap.
2541 1634 2600 1695 2.
2626 1633 2684 1715 ξ.
2708 1634 2769 1695 2.
2787 1652 2890 1697 1111.
2915 1633 3128 1697 15.13.

663 1733 829 1797 Azor
860 1751 1003 1797 vero
1050 1732 1219 1797 licite
1258 1733 1409 1796 dicit
1444 1733 1705 1798 Missam
1739 1735 1969 1810 omitti,
2004 1735 2056 1798 si
2089 1753 2263 1798 secus
2309 1734 2554 1816 impleri
2601 1736 2962 1818 praceptum
2995 1754 3134 1800 con-

664 1836 947 1900 fessionis
993 1854 1117 1900 non
1163 1839 1396 1919 posset;
1439 1855 1606 1919 quae
1654 1838 1709 1901 si
1756 1837 2088 1901 necessitas
2121 1837 2304 1915 absit,
2337 1836 2403 1901 id
2449 1837 2600 1901 dicit
2644 1836 2959 1901 illicitum.
2995 1837 3130 1918 Quo

666 1937 916 2018 quidem
962 1957 1144 2002 sensu
1192 1939 1383 2003 etiam
1429 1959 1477 2003 s.
1512 1939 1697 2023 Alph.
1730 1961 1791 2005 n.
1828 1941 1978 2003 332.
2013 1939 2262 2004 scribit:
2310 1966 2345 1999 «
2377 1938 2519 2004 Non
2557 1943 2887 2005 excusatur
2918 1941 3130 2006 autem

666 2057 738 2103 ex
784 2041 1261 2105 communiori...
1313 2034 1423 2123 qui
1472 2043 1794 2107 omitteret
1841 2041 2099 2107 Sacrum
2149 2043 2226 2107 ob
2274 2042 2446 2106 aliud
2493 2043 2725 2107 bonum
2786 2043 3129 2126 spirituale,

666 2143 953 2222 quamvis
1002 2144 1205 2207 maius
1243 2143 1498 2225 (Suarez
1536 2144 1579 2207 1.
1615 2164 1666 2209 0.
1704 2145 1881 2209 affert
1913 2144 2261 2228 exemplum
2291 2143 2483 2221 illius,
2522 2144 2632 2226 qui
2663 2145 2833 2209 domi
2855 2148 3126 2221 maneat,

664 2245 739 2306 ut
777 2245 1290 2327 contemplationi
1336 2246 1587 2312 insistat
1634 2266 1777 2311 cum
1822 2265 2051 2331 magno
2100 2245 2381 2329 profectu
2425 2246 2788 2330 spirituali).
2837 2247 3131 2311 Probabi-

663 2345 809 2409 liter
854 2350 1064 2411 tamen
1111 2348 1392 2413 admittit
1438 2349 1701 2433 Illsung,
1751 2350 2046 2426 excusari,
2089 2349 2196 2432 qui
2235 2349 2554 2413 omitteret
2599 2347 2860 2412 Missam
2905 2368 3018 2432 pro
3065 2369 3128 2414 se

662 2448 1031 2527 confitendo,
1082 2451 1135 2514 si
1182 2451 1338 2515 alias
1385 2452 1632 2516 deberet
1679 2451 2041 2533 aliquandiu
2080 2470 2435 2533 permanere
2471 2451 2535 2514 in
2568 2451 2819 2533 peccato
2851 2452 3125 2516 mortali.

665 2550 826 2615 Item
874 2555 1206 2618 excusatur
1252 2575 1288 2617 a
1336 2554 1550 2631 Missa,
1587 2554 1693 2637 qui
1743 2554 1898 2618 alias
1931 2573 2053 2618 non
2102 2554 2311 2637 posset
2355 2552 2651 2636 impedire
2688 2552 3124 2636 blasphemias

662 2654 846 2730 111138,
882 2655 1051 2720 furta
1084 2658 1198 2720 etc.
1227 2682 1287 2720 ›>.
1323 2659 1396 2721 In
1421 2658 1646 2740 quibus
1671 2676 1794 2722 non
1819 2656 2141 2738 quaeritur
2177 2657 2250 2720 de
2288 2655 2727 2738 impedimento
2762 2656 3127 2721 attentionis

663 2754 742 2817 ad
774 2755 1053 2834 Missam,
1089 2758 1253 2838 quod
1286 2760 1503 2823 afferat
1537 2759 1699 2823 actio
1734 2758 2064 2824 confitendi
2096 2761 2367 2842 peccata,
2402 2758 2507 2822 sed
2540 2759 2754 2823 utrum
2785 2758 2955 2822 licite
2988 2760 3126 2841 quis

662 2856 829 2921 absit
860 2877 895 2921 a
918 2858 1113 2923 Missa
1145 2862 1410 2943 penituS,
1439 2863 1513 2926 ut
1543 2862 1741 2945 possit
1766 2861 2063 2926 confiteri.
2098 2861 2309 2925 Etiam
2331 2860 2603 2924 Escobar
2632 2860 2740 2924 lib.
2768 2860 2874 2924 42.
2901 2880 3036 2944 cap.
3064 2864 3122 2926 9.

661 2956 806 3022 dub.
857 2960 961 3024 35.
1011 2982 1067 3025 n.
1114 2964 1261 3027 182.
1314 2967 1543 3040 monet,
1595 2964 1821 3029 Suarez
1872 2966 1933 3027 et
1980 2965 2143 3029 Azor
2190 2965 2299 3028 abs
2345 2983 2412 3028 re
2460 2964 2738 3048 allegari.
2789 2964 2956 3048 Ergo
3003 2966 3125 3030 ista

660 3082 782 3129 non
816 3064 1052 3132 faciunt
1099 3068 1176 3131 ad
1207 3088 1336 3132 rem
1370 3072 1774 3152 praesentem,
1816 3068 1921 3131 sed
1961 3067 2038 3131 ad
2076 3067 2502 3149 quaestionem
2539 3085 2664 3147 seq.
2705 3066 2768 3130 in
2806 3067 3015 3131 Dubio
3047 3067 3123 3131 V.

663 3196 747 3225 =
792 3170 961 3249 Quae
1008 3177 1301 3235 excusent
1343 3170 1422 3234 ab
1469 3172 1791 3234 amlz‘tz‘one
1825 3170 2025 3234 Sacri.
2057 3198 2137 3226 =

752 3273 914 3336 Item
945 3273 1112 3354 quod
1143 3274 1217 3338 A.
1245 3274 1395 3338 dicit
1428 3295 1497 3338 ex
1536 3274 1871 3351 Bonacina,
1900 3274 2177 3338 excusari
2208 3272 2512 3355 quosdam
2543 3272 2705 3338 bona
2735 3271 2875 3349 fide,
2902 3293 3122 3356 parum

665 3375 742 3439 ad
779 3394 908 3438 rem
954 3374 1134 3453 facit3
1183 3377 1331 3458 quia
1378 3377 1440 3439 id
1485 3395 1811 3440 commune
1844 3378 1938 3438 est
1971 3375 2139 3440 omni
2186 3375 2531 3457 praecepto.
2567 3374 2668 3438 Ita
2693 3374 2747 3439 si
2778 3374 2917 3456 quis
2963 3376 3123 3440 bona

664 3477 781 3559 fide
826 3479 1007 3561 putet
1039 3498 1102 3542 se
1134 3497 1312 3562 posse
1345 3497 1466 3542 non
1501 3478 1713 3542 audire
1754 3477 2029 3555 Sacrum,
2064 3479 2140 3542 ut
2175 3477 2511 3542 comitetur
2546 3477 3007 3541 Eucharistiam
3045 3477 3121 3540 ad

662 3580 948 3646 infimum
995 3581 1287 3645 delatam.
1339 3580 1555 3645 Solum
1603 3581 1873 3657 adverte,
1923 3579 2005 3655 id,
2047 3580 2210 3662 quod
2257 3579 2493 3643 fatetur
2538 3579 2873 3657 Bonacina,
2921 3580 3122 3663 reipsa

662 3684 1039 3767 contingere,
1075 3686 1149 3748 ut
1180 3683 1387 3748 fideles
1419 3685 1581 3748 bona
1615 3684 1729 3748 fide
1765 3684 2003 3767 putent,
2033 3702 2095 3745 se
2120 3681 2473 3745 satisfacere
2488 3667 2869 3766 ⁸obligationi
2893 3680 3123 3746 Missae

662 3785 1022 3858 audiendae,
1047 3787 1194 3850 licet
1218 3806 1289 3851 eo
1316 3789 1592 3870 tempore
1616 3786 2049 3851 confiteantur.
2078 3782 2197 3862 Qui
2231 3801 2446 3846 sensus
2471 3784 2815 3849 communis
2847 3783 3120 3849 fidelium

661 3905 783 3950 11011
814 3888 1127 3951 modicum
1166 3890 1401 3953 confert
1439 3890 1517 3953 ad
1548 3887 2126 3970 interpretationem
2157 3884 2431 3950 eiusdem
2462 3887 2790 3970 praecepti.

750 3984 925 4057 774.
967 3986 1263 4068 Quaestio
1295 4009 1441 4076 ergo
1474 3990 1661 4054 huius
1694 3990 1814 4053 loci
1853 3989 1948 4052 est
1977 3988 2039 4050 in
2073 3987 2336 4052 secundo
2370 4007 2574 4066 sensu,
2608 4009 2826 4072 nempe
2857 4008 2938 4054 an
2961 4009 3123 4055 com·

662 4091 981 4173 possibilia
1029 4092 1155 4156 sint
1203 4093 1413 4156 audire
1458 4091 1720 4154 Missam
1769 4090 1832 4153 et
1879 4088 2176 4152 confiteri.

747 4194 956 4278 Negat
986 4194 1165 4279 Lugo
1199 4195 1272 4258 de
1299 4193 1496 4257 Euch.
1524 4192 1678 4274 disp.
1710 4193 1815 4253 22.
1842 4210 1901 4254 11.
1931 4192 2057 4267 22.,
2085 4191 2232 4273 quia
2266 4193 2428 4258 actio
2461 4193 2791 4258 confitendi
2825 4193 3115 4268 excludit,

660 4295 885 4376 inquit,
920 4300 1239 4360 externam
1270 4296 1690 4359 attentionem.
1718 4293 1800 4356 Et
1846 4293 2002 4356 hanc
2037 4294 2344 4358 rationem
2376 4315 2424 4359 8.
2459 4295 2643 4379 Alph.
2677 4315 2738 4360 n.
2774 4296 2925 4359 314.
2952 4315 3119 4379 prae-

660 4396 783 4459 fert
820 4398 1048 4462 rationi
1080 4399 1449 4474 Bonacinae,
1477 4415 1665 4479 quam
1688 4395 1836 4469 imo,
1867 4396 1939 4459 ut
1965 4395 2308 4461 videbimus
2335 4397 2519 4481 paulo
2546 4400 2708 4480 post,
2735 4398 2865 4480 ipse
2889 4398 3115 4462 reiicit:

658 4498 823 4577 quod
855 4520 1069 4582 nempe
1102 4500 1373 4565 Ecclesia
1405 4499 1763 4583 praecipiat,
1789 4501 1863 4562 ut
1895 4499 2032 4581 quis
2067 4499 2332 4564 adsistat
2364 4519 2472 4582 per
2500 4499 2754 4564 modum
2788 4501 3113 4575 orationis3
