3497 5147
334 398 464 474 [266]
893 415 979 454 nn
1019 414 1355 456 scANnAno.
1396 414 1476 453 As
1515 413 1726 455 nomm
1766 414 2169 458 oui-nmmum
2670 404 2782 459 198

328 511 600 577 omittere
638 511 732 593 (et
762 530 877 595 ego
910 510 1133 576 addam
1171 511 1369 574 teneri
1400 510 1475 574 ad
1508 509 1890 593 implendum
1922 515 2294 596 praecepta).
2330 513 2581 595 Optima
2612 515 2781 579 ratio

331 617 433 690 est,
467 614 612 696 quia
645 614 830 678 nimis
863 618 961 678 est
993 613 1066 676 id
1092 613 1354 696 difficile
1385 618 1444 677 et
1459 611 1724 692 plenum
1745 612 2078 694 scrupulis,
2114 614 2257 678 Vid.
2292 615 2473 678 Dian.
2524 616 2677 680 tom.
2723 618 2782 680 7.

331 718 403 781 tr.
439 718 495 780 5.
523 717 705 781 resol.
744 718 802 781 7.
839 718 899 780 8.

498 821 566 882 2⁰
591 817 656 882 Si
683 818 941 883 timetur
965 819 1324 883 scandalum
1352 819 1414 881 in
1438 819 1822 901 particulari,
1852 818 1960 882 alii
1985 819 2179 883 teneri
2203 819 2395 883 etiam
2420 840 2527 903 per
2552 840 2785 885 annum

329 922 652 999 affirmant,
704 922 812 985 alii
859 923 1110 1006 negant.
1159 919 1414 985 Certum
1461 921 1578 985 hoc
1624 923 1738 997 est,
1779 940 1901 986 non
1934 939 2112 1005 posse
2145 939 2256 985 nos
2291 920 2583 1006 obligari3
2634 922 2783 1005 quia

329 1027 481 1089 certa
529 1043 650 1089 non
699 1025 795 1088 est
841 1024 1165 1108 obligatio.
1216 1025 1307 1088 De
1352 1024 1470 1088 hac
1505 1043 1571 1087 re
1603 1043 1651 1088 s.
1702 1023 1886 1108 Alph.
1936 1023 2045 1087 lib.
2080 1024 2139 1088 3.
2176 1043 2235 1087 n.
2271 1024 2420 1087 331.
2457 1024 2607 1088 dicit
2653 1027 2786 1089 tres

328 1146 447 1191 esse
492 1127 862 1191 sententias:
916 1127 987 1189 1·
1033 1127 1124 1189 ait
1168 1144 1347 1210 posse
1379 1127 1444 1189 et
1489 1126 1583 1190 bis
1631 1128 1744 1190 aut
1791 1127 1887 1190 ter
1917 1126 2111 1190 teneri
2153 1125 2441 1190 omittere
2487 1126 2777 1191 Missam:

325 1232 390 1293 2⁸
418 1229 608 1294 teneri
657 1230 868 1294 audire
915 1229 1204 1293 Missam:
1255 1229 1328 1291 3⁵
1358 1248 1537 1313 posse
1586 1229 1895 1307 omittere,
1945 1229 2051 1293 sed
2082 1248 2205 1294 non
2246 1230 2463 1293 teneri.
2499 1228 2559 1293 S.
2596 1230 2781 1313 Alph.

324 1331 540 1410 subdit,
566 1350 779 1396 omnes
801 1332 914 1396 has
938 1331 1277 1395 sententias
1309 1349 1440 1395 esse
1471 1330 1841 1414 probabileS‚
1876 1330 1980 1394 sed
2027 1331 2292 1414 primam
2335 1350 2466 1395 esse
2501 1333 2787 1414 probabi-

323 1433 560 1498 liorem:
589 1434 696 1498 sed
720 1433 1029 1497 sufficitne
1061 1433 1261 1497 maior
1285 1433 1692 1516 probabilitas
1725 1434 1802 1497 ad
1828 1432 2263 1516 imponendam
2288 1434 2737 1518 obligationem
2753 1439 2786 1498 P

489 1537 558 1600 3⁰
591 1535 770 1615 Quod
808 1535 1036 1600 dicitur
1081 1535 1269 1598 semel
1316 1538 1428 1599 aut
1473 1537 1720 1611 iterum,
1757 1535 1979 1600 melius
2008 1535 2187 1599 iuxta
2222 1536 2526 1617 quosdam
2559 1536 2789 1600 intelli-

321 1639 504 1723 gitur,
540 1639 594 1702 si
627 1638 817 1702 semel
843 1639 956 1702 aut
986 1638 1216 1702 iterum
1240 1637 1404 1701 adsit
1435 1637 1709 1701 scandali
1732 1637 2096 1720 periculum,
2124 1636 2290 1717 quod
2319 1636 2534 1701 deinde
2559 1641 2781 1703 cesset:

322 1759 509 1818 secus,
542 1742 594 1804 si
628 1740 1023 1824 praevidetur
1052 1741 1453 1814 duraturum3
1503 1740 1651 1821 quia
1688 1740 1863 1803 nulla
1900 1739 2062 1803 ratio
2096 1740 2379 1821 superest
2414 1740 2787 1818 abstinendi,

323 1861 460 1906 cum
490 1843 949 1908 incommodum
981 1842 1120 1907 dein
1154 1842 1317 1906 idem
1349 1842 1673 1905 habeatur.
1707 1841 1836 1905 Alii
1883 1843 2091 1905 tamen
2125 1841 2316 1905 etiam
2368 1842 2432 1905 in
2473 1842 2590 1905 hoc
2636 1862 2782 1908 casu

326 1944 478 2009 utile
522 1946 585 2009 id
631 1945 858 2022 dicunt,
909 1945 1056 2027 quia
1105 1945 1255 2008 tunc
1285 1944 1511 2007 mulier
1541 1942 1857 2027 significat
1901 1961 1967 2006 se
2013 1941 2227 2027 fugere
2275 1942 2353 2005 ab
2399 1961 2470 2007 eo
2519 1946 2633 2007 etc.
2670 1942 2787 2007 Sed

320 2065 477 2128 quae
513 2047 590 2110 ad
638 2048 753 2112 hoc
800 2046 1147 2130 obligatio?

403 2149 468 2215 Si
505 2169 652 2215 vero
689 2169 786 2214 res
831 2169 954 2214 non
1003 2149 1088 2214 sit
1135 2149 1480 2232 praecepta,
1530 2150 1680 2213 sunt
1724 2148 1833 2230 qui
1869 2147 2221 2212 mortaliter
2270 2167 2518 2230 peccare
2569 2149 2786 2215 dieunt

313 2253 659 2331 mulierem,
695 2253 749 2317 si
780 2252 999 2316 offerat
1028 2270 1093 2315 se
1126 2250 1502 2333 conspectui.

397 2355 525 2420 Alii
558 2355 622 2420 id
658 2356 891 2438 negant
926 2355 1008 2430 et,
1043 2353 1251 2434 inquit
1280 2372 1329 2417 s.
1364 2352 1572 2436 Alph..
1606 2352 1787 2417 valde
1810 2352 2248 2436 probabiliter3
2284 2356 2380 2419 est
2413 2354 2575 2418 enim
2616 2373 2788 2418 scan-

314 2457 522 2523 dalum
556 2458 884 2541 acceptum
917 2459 983 2522 et
1016 2476 1138 2521 non
1184 2455 1404 2520 datum
1450 2457 1515 2519 et
1544 2456 1727 2519 nimis
1761 2455 1915 2519 dura
1949 2459 2112 2520 esset
2156 2456 2307 2520 haec
2344 2458 2637 2521 anxietas,
2666 2457 2787 2522 Vix

315 2560 473 2626 enim
524 2560 812 2642 alioquin
845 2558 1099 2637 accidet,
1138 2558 1202 2622 in
1233 2577 1463 2643 magno
1502 2577 1803 2623 concursu
1841 2558 2068 2635 deesse,
2104 2559 2214 2642 qui
2247 2559 2458 2643 turpia
2489 2559 2791 2624 desideria

312 2683 431 2729 non
461 2664 718 2729 habeat.
759 2661 1076 2746 Obligatio
1124 2661 1241 2725 sub
1286 2660 1465 2745 gravi
1497 2661 1783 2725 mutandi
1818 2662 1988 2725 viam
2026 2664 2140 2726 aut
2187 2662 2535 2727 abstinendi
2582 2682 2618 2727 a
2664 2663 2787 2740 via,

309 2785 346 2831 a
390 2766 670 2832 fenestra
701 2763 889 2829 semel
917 2768 1033 2828 aut
1064 2764 1311 2839 iterum,
1346 2781 1467 2827 non
1498 2763 1819 2846 probatur.
1853 2765 2010 2827 Dein
2040 2764 2232 2828 semel
2267 2768 2328 2828 et
2359 2766 2586 2829 iterum
2615 2765 2794 2830 intel-

307 2869 428 2953 lige
464 2870 663 2935 modo
702 2888 838 2951 sup.
873 2867 1197 2950 explicato,
1232 2886 1293 2929 n.
1329 2866 1417 2929 3⁰.

392 2973 585 3039 Nota.
624 2970 697 3037 Si
728 2971 878 3035 data
919 2989 1102 3052 opera
1125 2969 1188 3033 id
1226 2968 1379 3033 facit
1409 2967 1487 3031 ad
1521 2967 1843 3031 excitanda
1875 2966 2196 3045 desideria,
2225 2969 2399 3033 nulla
2424 2971 2520 3033 est
2550 2971 2794 3034 contro-

308 3076 527 3140 versia.
557 3074 626 3140 si
654 3095 729 3139 ex
761 3072 1061 3149 vanitate,
1094 3091 1216 3136 non
1241 3068 1562 3134 intendens
1597 3071 1806 3133 tamen
1837 3070 2198 3135 scandalum
2228 3072 2366 3148 viri,
2403 3071 2510 3135 alii
2540 3090 2793 3154 peccare

305 3178 668 3243 mortaliter
708 3175 951 3239 dicunt:
986 3174 1077 3238 ita
1111 3172 1378 3237 Sanchez
1411 3170 1656 3235 Moraz.
1697 3172 1805 3236 lib.
1844 3172 1901 3236 1.
1943 3192 2075 3255 cap.
2120 3173 2177 3237 7.
2212 3194 2272 3238 n.
2311 3174 2414 3237 17.
2448 3173 2536 3238 At
2565 3174 2792 3238 melius

307 3279 750 3363 explicandum
788 3277 905 3342 hoc
936 3275 1115 3349 foret,
1152 3295 1229 3339 an
1271 3275 1354 3338 sit
1400 3275 1646 3338 vanitas
1686 3274 1994 3339 alliciendi
2026 3276 2335 3340 amasium
2367 3276 2466 3340 vel
2498 3276 2787 3340 amasios.

303 3383 468 3448 Nam
519 3383 578 3448 si
613 3402 678 3446 V.
714 3400 809 3464 gr.
843 3379 979 3444 sola
1010 3378 1257 3442 vanitas
1288 3377 1609 3441 mulierem
1641 3376 1945 3460 impellat,
1994 3379 2069 3442 ut
2098 3379 2196 3442 vel
2228 3379 2344 3442 hac
2389 3379 2491 3441 via
2524 3378 2787 3454 incedat,

306 3486 400 3551 vel
440 3485 521 3551 ad
573 3482 945 3567 quampiam
999 3481 1322 3546 ecclesiam
1368 3480 1669 3555 accurrat,
1709 3478 1818 3542 ubi
1853 3480 2093 3544 multus
2126 3499 2458 3544 concursus
2506 3482 2618 3554 est,
2666 3499 2789 3545 non

306 3589 483 3654 video
519 3587 846 3652 rationem
879 3583 1114 3667 peccati
1147 3583 1377 3667 gravia.

390 3691 595 3755 Addit
630 3708 684 3753 s.
719 3687 905 3770 Alph.
940 3687 1046 3750 lib.
1079 3687 1139 3749 2.
1169 3686 1313 3748 53.:
1348 3708 1382 3742 α
1408 3683 1743 3764 Nequirem
1779 3701 2065 3746 excusare
2088 3702 2125 3746 a
2155 3683 2414 3747 mortali
2443 3684 2791 3762 mulierem,

304 3794 357 3857 si
401 3791 660 3877 peteret
713 3789 984 3871 aliquem
1030 3789 1259 3864 locum,
1301 3805 1485 3868 quem
1534 3803 1655 3848 non
1705 3784 1924 3859 adiret,
1972 3784 2092 3848 nisi
2128 3785 2313 3849 sciret
2358 3785 2447 3849 ibi
2484 3787 2791 3853 amasium

303 3915 517 3961 esse».
539 3896 654 3961 Ita
671 3912 725 3958 s.
751 3891 935 3975 Alph.
956 3891 1234 3975 allegans
1253 3887 1476 3971 Sporer
1493 3888 1561 3950 in
1596 3886 1903 3950 5.Praec.
1924 3906 1975 3950 c.
2007 3887 2063 3950 1.
2098 3907 2157 3951 n.
2185 3888 2291 3951 35.
2327 3886 2444 3952 Sed
2480 3889 2547 3952 1⁰
2572 3887 2797 3973 Sporer

303 3998 450 4062 ibid.
503 4019 568 4062 n.
609 3995 725 4060 37.
762 3993 962 4059 addit:
1013 3992 1132 4057 nisi
1181 3990 1346 4055 adsit
1391 3990 1723 4054 necessitas
1771 3991 1884 4052 aut
1928 3990 2321 4054 rationabilis
2368 4010 2591 4056 causa:
2634 3995 2703 4055 2⁰
2741 3996 2794 4059 si

305 4101 589 4166 amasius
624 4096 1028 4180 intelligatur
1066 4112 1346 4177 sponsus,
1382 4093 1490 4175 qui
1522 4111 1659 4156 eam
1692 4091 1993 4157 ducturus
2026 4094 2140 4169 est,
2173 4092 2297 4157 ista
2327 4094 2546 4177 regula
2578 4097 2796 4176 nequit

303 4204 547 4268 valere:
594 4201 675 4263 3⁰
711 4215 890 4262 casus
921 4196 1083 4261 forte
1105 4195 1290 4260 nimis
1324 4214 1480 4279 vage
1503 4194 1904 4278 proponitur;
1939 4195 2086 4277 quid
2111 4195 2275 4259 enim
2300 4195 2418 4259 sibi
2442 4195 2600 4273 vult,
2629 4198 2795 4279 quod

303 4326 425 4373 non
457 4303 722 4389 peteret
759 4300 1028 4382 aliquem
1060 4299 1287 4375 locum,
1321 4298 1438 4361 nisi
1473 4298 1675 4375 sciret,
1711 4298 1797 4362 ibi
1824 4298 2130 4362 amasium
2162 4302 2340 4362 esse?
2372 4296 2532 4377 Quid
2565 4298 2637 4363 de
2670 4301 2796 4365 ista

304 4410 572 4474 muliere
607 4404 1026 4487 supponimus
1059 4403 1173 4466 aut
1208 4420 1331 4483 quo
1367 4401 1573 4465 animo
1607 4420 1670 4464 se
1696 4400 1845 4464 illue
1870 4400 2141 4464 conferre
2171 4399 2591 4482 concipimus?
2623 4399 2795 4466 Cete-

303 4531 445 4577 rum
485 4512 555 4575 in
591 4506 783 4593 praxi
813 4506 979 4569 haud
1007 4505 1290 4587 frequens
1323 4504 1418 4568 est
1448 4522 1599 4567 usus
1630 4502 1820 4567 huius
1851 4502 2284 4578 resolutionis3
2320 4503 2456 4565 tum
2489 4502 2637 4583 quia
2670 4521 2790 4566 non

415 4667 731 4709 Boanum.
752 4680 805 4691 --
822 4658 991 4702 Hor-al.
1019 4657 1156 4702 Tem.
1185 4657 1253 4700 11.
2631 4655 2682 4694 13
