3497 5147
331 344 512 414 [lOE7]
752 358 835 397 111(
875 355 1237 404 amomum
1274 355 1499 397 mom-r
1534 354 1906 398 Pnocunann
1942 357 2380 401 POLLUTIONEM
2688 346 2793 401 767

331 457 529 533 tione3
549 455 728 520 dolor
743 453 903 518 enim
923 453 1229 517 maximus
1247 472 1316 517 ex
1334 453 1610 533 ipsorum
1632 455 2060 536 amputatione
2076 473 2471 540 consurgens,
2495 457 2797 522 coercebit

331 578 369 622 a
404 577 528 623 non
566 555 907 623 necessaria
946 554 1173 618 nedum
1207 573 1243 617 a
1280 554 1539 638 prodiga
1581 555 1859 637 ipsorum
1890 556 2428 622 administratione
2463 583 2523 622 ».

427 658 639 732 1⁰36.
665 657 1016 723 Fatendum
1033 657 1277 721 estesse
1306 657 1548 738 aliquas
1571 657 1842 738 praticas
1867 659 2163 724 veritates
2187 660 2460 726 humano
2486 661 2796 726 convictui

332 763 726 839 116663361163,
784 778 941 842 (11163
986 759 1266 849 homines
1312 759 1615 823 instinctu
1662 760 1934 842 quodam
1995 762 2290 827 rationali
2343 764 2690 846 percipiunt
2738 766 2799 828 et

332 867 631 943 sentiunt,
664 882 933 946 quarum
978 864 1188 927 tamen
1235 861 1541 926 rationem
1574 880 1827 943 prorsus
1859 862 2436 940 demonstrativam,
2471 884 2615 930 cum
2662 884 2798 930 eam

337 972 523 1037 iidem
548 968 829 1033 homines
855 964 1160 1049 analytice
1185 966 1511 1046 quaerunt,
1532 963 1866 1029 difficulter
1883 964 2222 1030 inveniunt.
2242 967 2508 1032 Videtur
2530 969 2801 1034 voluisse

334 1075 561 1137 natura
614 1070 743 1135 sive
792 1069 1011 1132 auctor
1057 1069 1318 1131 naturae
1364 1065 1723 1130 huiusmodi
1770 1066 2072 1132 instinctu
2119 1071 2233 1133 aut
2278 1088 2462 1133 sensu
2508 1071 2801 1135 rationali

336 1174 619 1258 supplere
667 1169 973 1236 defectum
1018 1168 1280 1233 rationis
1328 1187 1392 1232 se
1440 1169 1809 1244 exercentis;
1860 1189 2003 1234 cum
2049 1171 2412 1253 praesertim
2445 1171 2508 1235 in
2557 1190 2621 1236 re
2668 1175 2803 1236 tam

335 1276 573 1340 lubrica
612 1292 732 1338 non
772 1270 1107 1336 admodum
1139 1270 1421 1354 expediat
1452 1271 1794 1353 penetralia
1825 1272 2060 1336 rimari.
2096 1273 2266 1338 Inter
2310 1273 2668 1340 huiusmodi
2699 1294 2803 1338 ve—

336 1377 557 1443 ritates
593 1374 746 1439 haec
777 1392 1021 1455 quoque
1058 1372 1238 1450 forte,
1288 1391 1413 1453 qua
1445 1372 1519 1436 de
1567 1372 1832 1458 agimus,
1865 1374 2197 1451 invenitur,
2234 1394 2423 1457 quam
2455 1378 2619 1441 certe
2666 1395 2805 1441 con-

338 1480 551 1545 firmat
581 1495 912 1543 consensus
949 1476 1085 1540 DD.
1127 1477 1190 1540 et
1222 1475 1330 1557 qui
1360 1475 1426 1539 in
1458 1493 1528 1539 66
1561 1476 1934 1551 continetur,
1974 1495 2304 1541 consensus
2335 1477 2664 1542 Ecclesiae.

435 1580 703 1647 Sanchez
746 1578 892 1642 ibid.
952 1576 1124 1641 addit
1180 1579 1620 1660 argumentum
1668 1596 1704 1640 a
1751 1578 2098 1660 posteriori.
2151 1577 2396 1643 Scilicet
2441 1580 2646 1644 minus
2710 1581 2806 1644 est

340 1682 692 1750 inordinata
738 1680 954 1745 effusio
1001 1678 1253 1744 seminis
1308 1679 1370 1742 in
1410 1679 1836 1757 fornicatione,
1884 1699 2074 1762 quam
2119 1681 2182 1744 in
2229 1682 2595 1764 pollutione,
2644 1701 2804 1764 quae

339 1786 593 1871 gravius
630 1803 738 1867 per
775 1801 839 1846 se
878 1783 1204 1865 peccatum
1222 1783 1336 1856 est,
1371 1781 1597 1863 quippe
1628 1784 1846 1847 contra
1871 1784 2197 1850 naturam:
2234 1785 2515 1848 attamen
2537 1784 2603 1848 111
2627 1785 2803 1849 nullo

340 1891 567 1954 eventu
590 1886 700 1950 illa
736 1885 910 1961 licet;
931 1902 1078 1969 ergo
1111 1882 1314 1948 multo
1346 1883 1553 1947 minus
1570 1884 1713 1949 ista.
1741 1884 2087 1964 Neminem,
2118 1886 2228 1959 ait,
2256 1886 2402 1949 huic
2424 1887 2805 1952 conclusioni

344 1991 674 2056 adversum
702 1988 929 2052 inveni.

428 2091 547 2158 Sed
575 2091 739 2157 forte
773 2089 1155 2174 hypothesis,
1205 2088 1366 2153 unde
1398 2087 1735 2154 difficultas
1768 2107 1914 2153 vera
1941 2088 2159 2167 oritur,
2196 2107 2414 2173 nempe
2446 2090 2610 2172 quod
2641 2090 2807 2156 iden-

340 2194 535 2260 tidem
570 2211 681 2277 pro
716 2191 1179 2257 conservatione
1228 2191 1416 2269 vitae,
1457 2191 1675 2256 eiectio
1713 2191 1964 2256 seminis
1996 2191 2083 2256 sit
2111 2192 2474 2269 necessaria,
2523 2194 2805 2278 neganda

342 2300 456 2361 est.
490 2293 860 2380 Negandum
897 2297 992 2358 est
1038 2294 1272 2358 scilicet
1318 2293 1483 2376 quod
1530 2294 1923 2377 supponitur,
1973 2295 2507 2359 conservationem
2553 2297 2805 2361 seminis

345 2403 785 2467 nocumentum
832 2400 1000 2464 vitae
1069 2399 1401 2482 aliquando
1452 2400 1666 2464 afferre
1713 2419 1911 2484 posse.
1969 2400 2133 2485 Lege
2188 2400 2431 2465 dissert.
2491 2400 2801 2466 citandam

344 2507 622 2590 aliosque
667 2504 994 2569 modernos
1027 2505 1090 2568 et
1120 2505 1413 2568 honestos
1443 2504 1729 2569 medicos.

437 2605 646 2678 1037.
679 2608 846 2673 Huic
892 2607 1097 2672 affinis
1143 2609 1237 2671 est
1271 2608 1575 2688 quaestio,
1611 2628 1764 2672 num
1788 2608 1974 2673 liceat
2006 2608 2249 2692 puellae
2284 2609 2414 2672 sive
2459 2608 2707 2672 mulieri
2743 2608 2807 2671 vi

347 2730 690 2795 oppressae,
724 2728 928 2774 semen
978 2710 1152 2773 virile
1200 2711 1543 2792 exceptum,
1580 2709 1875 2775 adhibitis
1897 2710 2117 2775 mediis
2150 2710 2242 2792 (et
2288 2729 2451 2775 nunc
2496 2709 2805 2792 quoddam

345 2813 609 2898 speciale
654 2812 1139 2876 instrumentum
1184 2811 1329 2875 huic
1374 2811 1519 2874 usui
1566 2813 1662 2875 est
1692 2812 2043 2897 inventum)
2090 2812 2443 2876 imnwdiate
2474 2812 2803 2896 expellere:

346 2934 536 2998 quam
583 2914 1006 2996 quaestionem
1054 2914 1144 2977 ita
1190 2913 1447 2978 resolvit
1508 2912 1861 2977 Lehmkuhl
1906 2935 1963 2978 v.
2004 2916 2060 2978 1.
2109 2935 2170 2979 n.
2215 2916 2362 2979 849.
2419 2934 2695 2993 1116116116,
2745 2934 2807 2979 36

343 3018 517 3101 loqui
549 3016 623 3081 de
654 3015 912 3079 muliere
948 3015 1012 3078 υἱ
1041 3034 1378 3096 oppressa:
1429 3014 1585 3079 alias
1618 3015 1783 3079 enim
1813 3018 2051 3081 certum
2083 3021 2178 3082 est
2204 3019 2313 3094 ait,
2347 3017 2410 3081 id
2447 3036 2570 3081 non
2606 3018 2805 3094 licere,

347 3141 541 3203 quum
588 3119 833 3184 malitia
880 3118 1219 3184 frustratae
1289 3118 1551 3182 naturae
1597 3117 1661 3182 in
1709 3118 1820 3181 illa
1870 3118 2110 3183 actione
2167 3120 2533 3202 (expellendi
2580 3139 2808 3196 semen,

348 3228 682 3307 postquam
728 3225 918 3289 libere
966 3224 1320 3305 susceptum
1371 3224 1492 3304 est)
1540 3221 1872 3287 manifesta
1905 3222 2007 3285 sit.
2048 3221 2284 3284 Verum
2330 3224 2576 3287 mulieri
2608 3223 2670 3287 vi
2710 3241 2811 3306 op-

347 3346 591 3409 pressae
638 3327 699 3390 id
746 3326 949 3401 licere,
985 3324 1141 3387 mihi
1172 3326 1355 3399 certe,
1390 3323 1613 3405 inquit,
1641 3323 1960 3405 probabile
1999 3324 2182 3386 estet
2215 3341 2359 3386 sane
2396 3343 2518 3388 non
2566 3325 2812 3389 videtur

348 3427 421 3492 de
459 3428 576 3492 hac
620 3449 686 3493 re
733 3426 1180 3501 dubitandum3
1222 3445 1285 3490 se
1334 3427 1521 3489 habet
1567 3426 1729 3490 enim
1778 3444 1984 3490 semen
2033 3425 2110 3490 ad
2157 3426 2412 3490 modum
2457 3428 2676 3493 iniusti
2708 3446 2813 3513 ag-

350 3529 670 3611 gressoriS‚
710 3547 895 3610 quem
940 3527 1088 3592 licet
1111 3527 1421 3609 repellere.
1456 3526 1617 3604 Quid
1648 3545 1793 3592 vero
1841 3527 1897 3591 si
1925 3526 2131 3591 foetus
2162 3527 2290 3590 iam
2321 3530 2650 3610 conceptus
2681 3530 2810 3593 sit?

351 3630 453 3693 vix
488 3629 806 3711 probabile
845 3631 958 3702 est,
994 3628 1321 3711 respondet
1366 3627 1549 3704 idem,
1582 3629 1751 3692 illico
1787 3647 1824 3691 a
1861 3628 2085 3711 copula
2115 3628 2353 3692 foetum
2386 3629 2649 3710 concipi3
2694 3631 2811 3693 etsi

352 3732 566 3795 antem
610 3729 673 3793 id
720 3734 1008 3813 ponatur,
1044 3749 1251 3795 merus
1294 3731 1555 3794 conatus
1610 3729 1890 3795 eliciendi
1937 3748 2143 3793 semen
2188 3748 2312 3794 non
2359 3749 2500 3793 eum
2547 3730 2809 3794 nocebit.

352 3831 774 3897 Nihilominus
807 3833 1121 3915 quaelibet
1154 3832 1275 3897 alia
1328 3833 1511 3909 actio,
1546 3852 1705 3914 quae
1745 3832 1822 3897 ad
1876 3833 2173 3898 damnum
2211 3832 2561 3897 exsistentis
2608 3832 2812 3897 foetus

353 3933 649 4012 tenderet,
685 3936 905 4018 utpote
938 3935 1247 3999 contraria
1298 3935 1671 4000 ordinationi
1719 3938 1999 4009 naturae,
2058 3954 2309 4018 prorsus
2364 3934 2585 3999 illicita
2630 3935 2809 3999 foret.

355 4039 455 4101 Ita
488 4039 550 4101 et
588 4035 856 4101 Sanchez
896 4039 1102 4101 censet
1132 4038 1205 4100 de
1255 4036 1548 4101 Matrim.
1598 4038 1641 4101 l.
1692 4040 1753 4101 2.
1794 4038 1948 4122 disp.
1987 4039 2091 4102 22.
2128 4060 2185 4103 n.
2232 4039 2334 4102 17.
2384 4038 2587 4102 dicens
2635 4037 2813 4100 valde

353 4139 671 4223 probabile
703 4139 822 4204 sibi
846 4156 995 4215 esse,
1031 4138 1195 4221 quod
1228 4140 1411 4203 liceat
1439 4141 1588 4204 haec
1612 4140 1889 4224 expulsio
1915 4141 2164 4205 seminis
2195 4141 2602 4206 incontinenti
2625 4139 2810 4203 facta.

352 4241 517 4307 Huic
564 4244 770 4305 tamen
819 4240 1159 4305 sententiae
1197 4243 1387 4325 negat
1446 4260 1509 4306 se
1572 4243 1952 4326 acquiescere
2000 4261 2176 4327 posse
2215 4261 2262 4307 3.
2319 4245 2503 4327 Α11111.
2557 4263 2617 4307 11.
2661 4241 2810 4306 394.

353 4344 648 4424 Quaestio
698 4363 844 4409 sane
877 4361 948 4408 ex
981 4342 1357 4407 medicorum
1398 4343 1618 4425 pendet
1649 4345 1897 4410 iudicio.
1948 4345 2013 4411 Si
2060 4345 2221 4410 enim
2278 4347 2392 4409 hac
2440 4346 2678 4410 actione
2713 4363 2815 4427 ap-

353 4449 607 4528 ponitur
638 4445 1146 4531 impedimentum
1193 4444 1322 4508 iam
1369 4448 1621 4529 coeptae
1674 4447 2076 4531 conceptioni,
2132 4448 2360 4531 species
2400 4448 2655 4512 abortus
2703 4448 2815 4510 ha-
