<?xml version="1.0" encoding="UTF-8"?>
<!DOCTYPE html PUBLIC "-//W3C//DTD XHTML 1.0 Transitional//EN"
    "http://www.w3.org/TR/xhtml1/DTD/xhtml1-transitional.dtd">
<html xmlns="http://www.w3.org/1999/xhtml" xml:lang="en" lang="en">
 <head>
  <title>
</title>
<meta http-equiv="Content-Type" content="text/html;charset=utf-8" />
  <meta name='ocr-system' content='tesseract 3.04.00' />
  <meta name='ocr-capabilities' content='ocr_page ocr_carea ocr_par ocr_line ocrx_word'/>
</head>
<body>
  <div class='ocr_page' id='page_1' title='image "./opustheologicum00ballgoog/opustheologicum00ballgoog_0812.png"; bbox 0 0 3497 5147; ppageno 0'>
   <div class='ocr_carea' id='block_1_1' title="bbox 329 326 2791 403">
    <p class='ocr_par' dir='ltr' id='par_1_1' title="bbox 329 326 2791 403">
     <span class='ocr_line' id='line_1_1' title="bbox 329 326 2791 403; baseline 0.002 -19"><span class='ocrx_word' id='word_1_1' title='bbox 329 326 509 403; x_wconf 82' lang='lat'>[1085]</span> <span class='ocrx_word' id='word_1_2' title='bbox 1180 343 1265 382; x_wconf 68' lang='lat' dir='ltr'>mr</span> <span class='ocrx_word' id='word_1_3' title='bbox 1302 343 1572 386; x_wconf 73' lang='grc'><strong>6166111116</strong></span> <span class='ocrx_word' id='word_1_4' title='bbox 1608 344 1934 387; x_wconf 57' lang='lat' dir='ltr'>snnvauno</span> <span class='ocrx_word' id='word_1_5' title='bbox 2682 333 2791 390; x_wconf 80' lang='lat'>805</span> 
     </span>
    </p>
   </div>
   <div class='ocr_carea' id='block_1_2' title="bbox 242 438 2791 4625">
    <p class='ocr_par' dir='ltr' id='par_1_2' title="bbox 242 438 2791 1037">
     <span class='ocr_line' id='line_1_2' title="bbox 327 438 2790 525; baseline 0.002 -20"><span class='ocrx_word' id='word_1_6' title='bbox 327 441 538 525; x_wconf 90' lang='lat' dir='ltr'>potest</span> <span class='ocrx_word' id='word_1_7' title='bbox 584 439 662 504; x_wconf 86' lang='lat' dir='ltr'>ad</span> <span class='ocrx_word' id='word_1_8' title='bbox 708 438 1079 503; x_wconf 86' lang='lat' dir='ltr'>servandum</span> <span class='ocrx_word' id='word_1_9' title='bbox 1116 441 1420 506; x_wconf 87' lang='lat' dir='ltr'>secretum</span> <span class='ocrx_word' id='word_1_10' title='bbox 1451 441 1514 505; x_wconf 92' lang='lat' dir='ltr'>in</span> <span class='ocrx_word' id='word_1_11' title='bbox 1546 441 1671 506; x_wconf 91' lang='lat' dir='ltr'>illis</span> <span class='ocrx_word' id='word_1_12' title='bbox 1696 442 1960 517; x_wconf 83' lang='lat' dir='ltr'>casibus,</span> <span class='ocrx_word' id='word_1_13' title='bbox 1994 442 2059 505; x_wconf 92' lang='lat' dir='ltr'>in</span> <span class='ocrx_word' id='word_1_14' title='bbox 2106 441 2330 523; x_wconf 88' lang='lat' dir='ltr'>quibus</span> <span class='ocrx_word' id='word_1_15' title='bbox 2364 443 2629 507; x_wconf 88' lang='lat' dir='ltr'>tenearis</span> <span class='ocrx_word' id='word_1_16' title='bbox 2661 463 2790 510; x_wconf 91' lang='lat' dir='ltr'>rem</span> 
     </span>
     <span class='ocr_line' id='line_1_3' title="bbox 331 541 2789 627; baseline 0.001 -20"><span class='ocrx_word' id='word_1_17' title='bbox 331 541 750 608; x_wconf 85' lang='lat' dir='ltr'>manifestare.</span> <span class='ocrx_word' id='word_1_18' title='bbox 772 541 940 624; x_wconf 87' lang='lat' dir='ltr'>Ergo</span> <span class='ocrx_word' id='word_1_19' title='bbox 966 541 1214 606; x_wconf 87' lang='lat' dir='ltr'>etiamsi</span> <span class='ocrx_word' id='word_1_20' title='bbox 1236 543 1592 624; x_wconf 84' lang='lat' dir='ltr'>promiseris</span> <span class='ocrx_word' id='word_1_21' title='bbox 1622 546 1929 607; x_wconf 89' lang='lat' dir='ltr'>secretum</span> <span class='ocrx_word' id='word_1_22' title='bbox 1969 564 2026 608; x_wconf 85' lang='lat' dir='ltr'>v.</span> <span class='ocrx_word' id='word_1_23' title='bbox 2046 564 2140 627; x_wconf 87' lang='lat' dir='ltr'>gr.</span> <span class='ocrx_word' id='word_1_24' title='bbox 2177 545 2251 609; x_wconf 90' lang='lat' dir='ltr'>de</span> <span class='ocrx_word' id='word_1_25' title='bbox 2284 544 2528 621; x_wconf 90' lang='lat' dir='ltr'>delicto,</span> <span class='ocrx_word' id='word_1_26' title='bbox 2564 545 2789 610; x_wconf 90' lang='lat' dir='ltr'>teneris</span> 
     </span>
     <span class='ocr_line' id='line_1_4' title="bbox 329 643 2791 729; baseline 0.001 -20"><span class='ocrx_word' id='word_1_27' title='bbox 329 645 489 710; x_wconf 91' lang='lat' dir='ltr'>illud</span> <span class='ocrx_word' id='word_1_28' title='bbox 535 643 955 719; x_wconf 84' lang='lat' dir='ltr'>manifestare,</span> <span class='ocrx_word' id='word_1_29' title='bbox 993 643 1239 725; x_wconf 87' lang='lat' dir='ltr'>quando</span> <span class='ocrx_word' id='word_1_30' title='bbox 1286 644 1566 729; x_wconf 78' lang='lat' dir='ltr'>legitime</span> <span class='ocrx_word' id='word_1_31' title='bbox 1611 645 2012 729; x_wconf 88' lang='lat' dir='ltr'>interrogeris</span> <span class='ocrx_word' id='word_1_32' title='bbox 2059 664 2095 709; x_wconf 86' lang='lat' dir='ltr'>a</span> <span class='ocrx_word' id='word_1_33' title='bbox 2143 646 2341 711; x_wconf 91' lang='lat' dir='ltr'>iudice</span> <span class='ocrx_word' id='word_1_34' title='bbox 2389 647 2486 710; x_wconf 80' lang='lat' dir='ltr'>vel</span> <span class='ocrx_word' id='word_1_35' title='bbox 2526 666 2562 710; x_wconf 87' lang='lat' dir='ltr'>a</span> <span class='ocrx_word' id='word_1_36' title='bbox 2609 666 2791 729; x_wconf 90' lang='lat' dir='ltr'>supe-</span> 
     </span>
     <span class='ocr_line' id='line_1_5' title="bbox 330 745 2790 830; baseline 0.001 -18"><span class='ocrx_word' id='word_1_37' title='bbox 330 748 519 823; x_wconf 86' lang='lat' dir='ltr'>riore;</span> <span class='ocrx_word' id='word_1_38' title='bbox 558 764 684 811; x_wconf 91' lang='lat' dir='ltr'>non</span> <span class='ocrx_word' id='word_1_39' title='bbox 729 745 894 810; x_wconf 90' lang='lat' dir='ltr'>enim</span> <span class='ocrx_word' id='word_1_40' title='bbox 925 747 1064 827; x_wconf 89' lang='lat' dir='ltr'>quis</span> <span class='ocrx_word' id='word_1_41' title='bbox 1096 747 1305 828; x_wconf 89' lang='lat' dir='ltr'>potest</span> <span class='ocrx_word' id='word_1_42' title='bbox 1334 764 1400 810; x_wconf 90' lang='lat' dir='ltr'>se</span> <span class='ocrx_word' id='word_1_43' title='bbox 1433 746 1709 830; x_wconf 88' lang='lat' dir='ltr'>obligare</span> <span class='ocrx_word' id='word_1_44' title='bbox 1741 745 1820 811; x_wconf 89' lang='lat' dir='ltr'>ad</span> <span class='ocrx_word' id='word_1_45' title='bbox 1842 747 1925 823; x_wconf 88' lang='lat' dir='ltr'>id,</span> <span class='ocrx_word' id='word_1_46' title='bbox 1961 746 2127 829; x_wconf 86' lang='lat' dir='ltr'>quod</span> <span class='ocrx_word' id='word_1_47' title='bbox 2150 749 2244 812; x_wconf 90' lang='lat' dir='ltr'>est</span> <span class='ocrx_word' id='word_1_48' title='bbox 2276 748 2596 813; x_wconf 86' lang='lat' dir='ltr'>illicitum:</span> <span class='ocrx_word' id='word_1_49' title='bbox 2634 750 2790 814; x_wconf 91' lang='lat' dir='ltr'>obli-</span> 
     </span>
     <span class='ocr_line' id='line_1_6' title="bbox 334 847 2789 934; baseline 0.002 -21"><span class='ocrx_word' id='word_1_50' title='bbox 334 849 503 934; x_wconf 87' lang='lat' dir='ltr'>garis</span> <span class='ocrx_word' id='word_1_51' title='bbox 551 848 780 924; x_wconf 90' lang='lat' dir='ltr'>tamen,</span> <span class='ocrx_word' id='word_1_52' title='bbox 814 848 890 912; x_wconf 90' lang='lat' dir='ltr'>ut</span> <span class='ocrx_word' id='word_1_53' title='bbox 934 849 1153 931; x_wconf 91' lang='lat' dir='ltr'>sponte</span> <span class='ocrx_word' id='word_1_54' title='bbox 1198 866 1321 912; x_wconf 91' lang='lat' dir='ltr'>non</span> <span class='ocrx_word' id='word_1_55' title='bbox 1368 867 1614 913; x_wconf 79' lang='lat' dir='ltr'>accuses</span> <span class='ocrx_word' id='word_1_56' title='bbox 1663 849 1777 912; x_wconf 90' lang='lat' dir='ltr'>aut</span> <span class='ocrx_word' id='word_1_57' title='bbox 1807 847 2152 926; x_wconf 77' lang='lat' dir='ltr'>denuntieS,</span> <span class='ocrx_word' id='word_1_58' title='bbox 2193 849 2440 931; x_wconf 90' lang='lat' dir='ltr'>quando</span> <span class='ocrx_word' id='word_1_59' title='bbox 2482 851 2639 917; x_wconf 87' lang='lat' dir='ltr'>alias</span> <span class='ocrx_word' id='word_1_60' title='bbox 2670 852 2789 918; x_wconf 91' lang='lat' dir='ltr'>tibi</span> 
     </span>
     <span class='ocr_line' id='line_1_7' title="bbox 242 951 2530 1037; baseline 0 -20"><span class='ocrx_word' id='word_1_61' title='bbox 242 1021 251 1029; x_wconf 66' lang='grc'><strong>,</strong></span> <span class='ocrx_word' id='word_1_62' title='bbox 332 954 395 1018; x_wconf 89' lang='lat' dir='ltr'>id</span> <span class='ocrx_word' id='word_1_63' title='bbox 417 953 664 1030; x_wconf 79' lang='lat' dir='ltr'>licebat,</span> <span class='ocrx_word' id='word_1_64' title='bbox 699 952 806 1017; x_wconf 88' lang='lat' dir='ltr'>sed</span> <span class='ocrx_word' id='word_1_65' title='bbox 838 951 914 1016; x_wconf 87' lang='lat' dir='ltr'>ad</span> <span class='ocrx_word' id='word_1_66' title='bbox 944 952 1011 1016; x_wconf 92' lang='lat' dir='ltr'>id</span> <span class='ocrx_word' id='word_1_67' title='bbox 1040 970 1163 1018; x_wconf 90' lang='lat' dir='ltr'>non</span> <span class='ocrx_word' id='word_1_68' title='bbox 1186 953 1514 1017; x_wconf 80' lang='lat' dir='ltr'>tenebaris,</span> <span class='ocrx_word' id='word_1_69' title='bbox 1553 952 1733 1037; x_wconf 88' lang='lat' dir='ltr'>Lugo</span> <span class='ocrx_word' id='word_1_70' title='bbox 1781 952 1937 1036; x_wconf 87' lang='lat' dir='ltr'>disp.</span> <span class='ocrx_word' id='word_1_71' title='bbox 1977 954 2079 1017; x_wconf 85' lang='lat'>14.</span> <span class='ocrx_word' id='word_1_72' title='bbox 2114 973 2174 1018; x_wconf 91' lang='lat' dir='ltr'>n.</span> <span class='ocrx_word' id='word_1_73' title='bbox 2205 954 2530 1017; x_wconf 62' lang='lat' dir='ltr'>las-141.</span> 
     </span>
    </p>

    <p class='ocr_par' dir='ltr' id='par_1_3' title="bbox 321 1050 2790 2469">
     <span class='ocr_line' id='line_1_8' title="bbox 423 1050 2786 1136; baseline -0.002 -10"><span class='ocrx_word' id='word_1_74' title='bbox 423 1050 631 1126; x_wconf 77' lang='lat'>1⁰85.</span> <span class='ocrx_word' id='word_1_75' title='bbox 668 1052 738 1118; x_wconf 83' lang='lat'>5⁰</span> <span class='ocrx_word' id='word_1_76' title='bbox 770 1054 1047 1136; x_wconf 87' lang='lat' dir='ltr'>Denique</span> <span class='ocrx_word' id='word_1_77' title='bbox 1103 1054 1348 1136; x_wconf 89' lang='lat' dir='ltr'>quando</span> <span class='ocrx_word' id='word_1_78' title='bbox 1395 1055 1699 1119; x_wconf 86' lang='lat' dir='ltr'>secretum</span> <span class='ocrx_word' id='word_1_79' title='bbox 1748 1058 1844 1120; x_wconf 90' lang='lat' dir='ltr'>est</span> <span class='ocrx_word' id='word_1_80' title='bbox 1891 1056 2311 1120; x_wconf 90' lang='lat' dir='ltr'>commissum.</span> <span class='ocrx_word' id='word_1_81' title='bbox 2369 1053 2786 1121; x_wconf 85' lang='lat' dir='ltr'>Commissum</span> 
     </span>
     <span class='ocr_line' id='line_1_9' title="bbox 338 1156 2790 1243; baseline 0.002 -22"><span class='ocrx_word' id='word_1_82' title='bbox 338 1160 547 1221; x_wconf 84' lang='lat' dir='ltr'>autem</span> <span class='ocrx_word' id='word_1_83' title='bbox 594 1156 822 1221; x_wconf 90' lang='lat' dir='ltr'>dicitur</span> <span class='ocrx_word' id='word_1_84' title='bbox 853 1156 1097 1238; x_wconf 87' lang='lat' dir='ltr'>quando</span> <span class='ocrx_word' id='word_1_85' title='bbox 1145 1175 1276 1221; x_wconf 89' lang='lat' dir='ltr'>rem</span> <span class='ocrx_word' id='word_1_86' title='bbox 1329 1175 1452 1221; x_wconf 91' lang='grc'><strong>11611</strong></span> <span class='ocrx_word' id='word_1_87' title='bbox 1501 1156 1748 1222; x_wconf 87' lang='lat' dir='ltr'>aliunde</span> <span class='ocrx_word' id='word_1_88' title='bbox 1796 1158 1942 1235; x_wconf 86' lang='lat' dir='ltr'>scio;</span> <span class='ocrx_word' id='word_1_89' title='bbox 1976 1158 2083 1222; x_wconf 90' lang='lat' dir='ltr'>sed</span> <span class='ocrx_word' id='word_1_90' title='bbox 2116 1158 2341 1239; x_wconf 88' lang='lat' dir='ltr'>aliquis</span> <span class='ocrx_word' id='word_1_91' title='bbox 2387 1159 2543 1223; x_wconf 86' lang='lat' dir='ltr'>mihi</span> <span class='ocrx_word' id='word_1_92' title='bbox 2590 1161 2790 1243; x_wconf 86' lang='lat' dir='ltr'>aperit</span> 
     </span>
     <span class='ocr_line' id='line_1_10' title="bbox 329 1257 2788 1344; baseline 0.002 -21"><span class='ocrx_word' id='word_1_93' title='bbox 329 1261 391 1323; x_wconf 91' lang='lat' dir='ltr'>et</span> <span class='ocrx_word' id='word_1_94' title='bbox 438 1278 552 1342; x_wconf 89' lang='lat' dir='ltr'>ego</span> <span class='ocrx_word' id='word_1_95' title='bbox 600 1258 903 1323; x_wconf 89' lang='lat' dir='ltr'>secretum</span> <span class='ocrx_word' id='word_1_96' title='bbox 937 1257 1015 1322; x_wconf 85' lang='lat' dir='ltr'>ab</span> <span class='ocrx_word' id='word_1_97' title='bbox 1063 1276 1134 1323; x_wconf 93' lang='lat' dir='ltr'>eo</span> <span class='ocrx_word' id='word_1_98' title='bbox 1184 1259 1416 1342; x_wconf 88' lang='lat' dir='ltr'>accipio</span> <span class='ocrx_word' id='word_1_99' title='bbox 1448 1279 1589 1324; x_wconf 92' lang='lat' dir='ltr'>cum</span> <span class='ocrx_word' id='word_1_100' title='bbox 1638 1278 1921 1342; x_wconf 82' lang='lat' dir='ltr'>expressa</span> <span class='ocrx_word' id='word_1_101' title='bbox 1953 1260 2052 1325; x_wconf 85' lang='lat' dir='ltr'>vel</span> <span class='ocrx_word' id='word_1_102' title='bbox 2085 1260 2278 1325; x_wconf 85' lang='lat' dir='ltr'>tacita</span> <span class='ocrx_word' id='word_1_103' title='bbox 2304 1259 2685 1344; x_wconf 80' lang='lat' dir='ltr'>obligatione</span> <span class='ocrx_word' id='word_1_104' title='bbox 2718 1282 2788 1327; x_wconf 88' lang='lat' dir='ltr'>ac</span> 
     </span>
     <span class='ocr_line' id='line_1_11' title="bbox 330 1361 2785 1444; baseline 0.001 -18"><span class='ocrx_word' id='word_1_105' title='bbox 330 1361 754 1444; x_wconf 86' lang='lat' dir='ltr'>promissione,</span> <span class='ocrx_word' id='word_1_106' title='bbox 789 1379 863 1425; x_wconf 90' lang='lat' dir='ltr'>ne</span> <span class='ocrx_word' id='word_1_107' title='bbox 909 1361 1056 1425; x_wconf 84' lang='lat' dir='ltr'>utar</span> <span class='ocrx_word' id='word_1_108' title='bbox 1102 1380 1174 1425; x_wconf 90' lang='lat' dir='ltr'>ea</span> <span class='ocrx_word' id='word_1_109' title='bbox 1222 1361 1449 1426; x_wconf 90' lang='lat' dir='ltr'>notitia</span> <span class='ocrx_word' id='word_1_110' title='bbox 1479 1362 1601 1425; x_wconf 90' lang='lat' dir='ltr'>nisi</span> <span class='ocrx_word' id='word_1_111' title='bbox 1655 1380 1724 1425; x_wconf 84' lang='lat' dir='ltr'>ex</span> <span class='ocrx_word' id='word_1_112' title='bbox 1782 1380 2081 1427; x_wconf 90' lang='lat' dir='ltr'>consensu</span> <span class='ocrx_word' id='word_1_113' title='bbox 2119 1362 2314 1444; x_wconf 89' lang='lat' dir='ltr'>ipsius</span> <span class='ocrx_word' id='word_1_114' title='bbox 2368 1364 2431 1426; x_wconf 90' lang='lat' dir='ltr'>et</span> <span class='ocrx_word' id='word_1_115' title='bbox 2478 1366 2785 1443; x_wconf 89' lang='lat' dir='ltr'>quatenus</span> 
     </span>
     <span class='ocr_line' id='line_1_12' title="bbox 332 1463 2781 1548; baseline 0 -19"><span class='ocrx_word' id='word_1_116' title='bbox 332 1464 451 1547; x_wconf 87' lang='lat' dir='ltr'>ipsi</span> <span class='ocrx_word' id='word_1_117' title='bbox 484 1465 744 1547; x_wconf 86' lang='lat' dir='ltr'>placeat.</span> <span class='ocrx_word' id='word_1_118' title='bbox 780 1464 861 1527; x_wconf 85' lang='lat' dir='ltr'>Et</span> <span class='ocrx_word' id='word_1_119' title='bbox 905 1464 1056 1529; x_wconf 91' lang='grc'><strong>11666</strong></span> <span class='ocrx_word' id='word_1_120' title='bbox 1085 1463 1334 1546; x_wconf 91' lang='lat' dir='ltr'>quidem</span> <span class='ocrx_word' id='word_1_121' title='bbox 1383 1464 1711 1547; x_wconf 89' lang='lat' dir='ltr'>promissio</span> <span class='ocrx_word' id='word_1_122' title='bbox 1759 1464 2068 1546; x_wconf 91' lang='lat' dir='ltr'>praecedit</span> <span class='ocrx_word' id='word_1_123' title='bbox 2115 1465 2305 1528; x_wconf 88' lang='lat' dir='ltr'>tacite</span> <span class='ocrx_word' id='word_1_124' title='bbox 2352 1466 2451 1530; x_wconf 83' lang='lat' dir='ltr'>vel</span> <span class='ocrx_word' id='word_1_125' title='bbox 2484 1485 2781 1548; x_wconf 79' lang='lat' dir='ltr'>expresse.</span> 
     </span>
     <span class='ocr_line' id='line_1_13' title="bbox 329 1566 2784 1648; baseline 0.002 -18"><span class='ocrx_word' id='word_1_126' title='bbox 329 1567 649 1631; x_wconf 84' lang='lat' dir='ltr'>Praecedit</span> <span class='ocrx_word' id='word_1_127' title='bbox 694 1566 942 1648; x_wconf 85' lang='lat' dir='ltr'>quidem</span> <span class='ocrx_word' id='word_1_128' title='bbox 988 1585 1294 1646; x_wconf 70' lang='lat' dir='ltr'>expresse,</span> <span class='ocrx_word' id='word_1_129' title='bbox 1333 1566 1387 1629; x_wconf 90' lang='lat' dir='ltr'>si</span> <span class='ocrx_word' id='word_1_130' title='bbox 1434 1567 1552 1630; x_wconf 89' lang='lat' dir='ltr'>tibi</span> <span class='ocrx_word' id='word_1_131' title='bbox 1596 1566 1826 1630; x_wconf 88' lang='lat' dir='ltr'>dicitur</span> <span class='ocrx_word' id='word_1_132' title='bbox 1855 1585 1954 1630; x_wconf 92' lang='lat' dir='ltr'>res</span> <span class='ocrx_word' id='word_1_133' title='bbox 1983 1567 2098 1630; x_wconf 91' lang='lat' dir='ltr'>sub</span> <span class='ocrx_word' id='word_1_134' title='bbox 2145 1567 2378 1632; x_wconf 91' lang='lat' dir='ltr'>secreto</span> <span class='ocrx_word' id='word_1_135' title='bbox 2417 1568 2482 1631; x_wconf 92' lang='lat' dir='ltr'>et</span> <span class='ocrx_word' id='word_1_136' title='bbox 2518 1586 2655 1632; x_wconf 88' lang='lat' dir='ltr'>eam</span> <span class='ocrx_word' id='word_1_137' title='bbox 2693 1569 2784 1634; x_wconf 91' lang='lat' dir='ltr'>ita</span> 
     </span>
     <span class='ocr_line' id='line_1_14' title="bbox 329 1667 2786 1752; baseline 0.001 -19"><span class='ocrx_word' id='word_1_138' title='bbox 329 1669 555 1751; x_wconf 88' lang='lat' dir='ltr'>accipis</span> <span class='ocrx_word' id='word_1_139' title='bbox 600 1687 709 1734; x_wconf 90' lang='lat' dir='ltr'>nec</span> <span class='ocrx_word' id='word_1_140' title='bbox 754 1668 1121 1752; x_wconf 83' lang='lat' dir='ltr'>protestaris</span> <span class='ocrx_word' id='word_1_141' title='bbox 1168 1686 1466 1750; x_wconf 84' lang='lat' dir='ltr'>expresse,</span> <span class='ocrx_word' id='word_1_142' title='bbox 1501 1670 1565 1733; x_wconf 89' lang='lat' dir='ltr'>te</span> <span class='ocrx_word' id='word_1_143' title='bbox 1610 1668 1776 1733; x_wconf 88' lang='lat' dir='ltr'>nolle</span> <span class='ocrx_word' id='word_1_144' title='bbox 1807 1668 2101 1733; x_wconf 88' lang='lat' dir='ltr'>notitiam</span> <span class='ocrx_word' id='word_1_145' title='bbox 2135 1667 2406 1750; x_wconf 88' lang='lat' dir='ltr'>accipere</span> <span class='ocrx_word' id='word_1_146' title='bbox 2430 1688 2572 1733; x_wconf 93' lang='lat' dir='ltr'>cum</span> <span class='ocrx_word' id='word_1_147' title='bbox 2605 1671 2786 1737; x_wconf 89' lang='lat' dir='ltr'>tanta</span> 
     </span>
     <span class='ocr_line' id='line_1_15' title="bbox 330 1770 2786 1855; baseline 0.001 -19"><span class='ocrx_word' id='word_1_148' title='bbox 330 1772 727 1855; x_wconf 86' lang='lat' dir='ltr'>obligatione.</span> <span class='ocrx_word' id='word_1_149' title='bbox 763 1771 987 1835; x_wconf 77' lang='lat' dir='ltr'>Tacita</span> <span class='ocrx_word' id='word_1_150' title='bbox 1016 1771 1327 1854; x_wconf 86' lang='lat' dir='ltr'>praecedit</span> <span class='ocrx_word' id='word_1_151' title='bbox 1363 1770 1712 1854; x_wconf 87' lang='lat' dir='ltr'>promissio,</span> <span class='ocrx_word' id='word_1_152' title='bbox 1746 1771 1993 1852; x_wconf 89' lang='lat' dir='ltr'>quando</span> <span class='ocrx_word' id='word_1_153' title='bbox 2027 1790 2099 1834; x_wconf 81' lang='lat' dir='ltr'>ex</span> <span class='ocrx_word' id='word_1_154' title='bbox 2129 1770 2615 1836; x_wconf 88' lang='lat' dir='ltr'>circumstantiis</span> <span class='ocrx_word' id='word_1_155' title='bbox 2646 1792 2786 1838; x_wconf 90' lang='grc'><strong>6611-</strong></span> 
     </span>
     <span class='ocr_line' id='line_1_16' title="bbox 326 1872 2781 1955; baseline 0.001 -17"><span class='ocrx_word' id='word_1_156' title='bbox 326 1875 473 1949; x_wconf 88' lang='grc'><strong>6161,</strong></span> <span class='ocrx_word' id='word_1_157' title='bbox 507 1894 638 1939; x_wconf 85' lang='grc'><strong>16111</strong></span> <span class='ocrx_word' id='word_1_158' title='bbox 683 1874 800 1938; x_wconf 91' lang='lat' dir='ltr'>tibi</span> <span class='ocrx_word' id='word_1_159' title='bbox 846 1875 1080 1939; x_wconf 90' lang='lat' dir='ltr'>secreto</span> <span class='ocrx_word' id='word_1_160' title='bbox 1128 1873 1437 1937; x_wconf 88' lang='lat' dir='ltr'>committi</span> <span class='ocrx_word' id='word_1_161' title='bbox 1485 1875 1548 1937; x_wconf 90' lang='lat' dir='ltr'>et</span> <span class='ocrx_word' id='word_1_162' title='bbox 1595 1874 1656 1937; x_wconf 86' lang='lat' dir='ltr'>te</span> <span class='ocrx_word' id='word_1_163' title='bbox 1702 1873 1791 1953; x_wconf 86' lang='lat' dir='ltr'>sic</span> <span class='ocrx_word' id='word_1_164' title='bbox 1836 1873 2010 1936; x_wconf 86' lang='lat' dir='ltr'>illam</span> <span class='ocrx_word' id='word_1_165' title='bbox 2074 1872 2365 1955; x_wconf 87' lang='lat' dir='ltr'>accipere.</span> <span class='ocrx_word' id='word_1_166' title='bbox 2414 1874 2552 1938; x_wconf 91' lang='lat' dir='ltr'>Hoc</span> <span class='ocrx_word' id='word_1_167' title='bbox 2596 1875 2781 1941; x_wconf 92' lang='lat' dir='ltr'>modo</span> 
     </span>
     <span class='ocr_line' id='line_1_17' title="bbox 328 1974 2781 2061; baseline 0 -20"><span class='ocrx_word' id='word_1_168' title='bbox 328 1976 688 2061; x_wconf 89' lang='lat' dir='ltr'>obligantur</span> <span class='ocrx_word' id='word_1_169' title='bbox 731 1976 971 2052; x_wconf 79' lang='lat' dir='ltr'>medici,</span> <span class='ocrx_word' id='word_1_170' title='bbox 1025 1974 1327 2053; x_wconf 72' lang='lat' dir='ltr'>advocati,</span> <span class='ocrx_word' id='word_1_171' title='bbox 1374 1974 1677 2057; x_wconf 71' lang='lat' dir='ltr'>ohimrqi,</span> <span class='ocrx_word' id='word_1_172' title='bbox 1728 1975 2084 2039; x_wconf 76' lang='lat' dir='ltr'>obstetrices</span> <span class='ocrx_word' id='word_1_173' title='bbox 2130 1977 2194 2039; x_wconf 93' lang='lat' dir='ltr'>et</span> <span class='ocrx_word' id='word_1_174' title='bbox 2240 1975 2349 2039; x_wconf 86' lang='lat' dir='ltr'>alii</span> <span class='ocrx_word' id='word_1_175' title='bbox 2397 1976 2649 2054; x_wconf 89' lang='lat' dir='ltr'>similes,</span> <span class='ocrx_word' id='word_1_176' title='bbox 2704 1978 2781 2041; x_wconf 89' lang='lat' dir='ltr'>ad</span> 
     </span>
     <span class='ocr_line' id='line_1_18' title="bbox 325 2077 2781 2162; baseline 0 -18"><span class='ocrx_word' id='word_1_177' title='bbox 325 2098 480 2160; x_wconf 87' lang='lat' dir='ltr'>quos</span> <span class='ocrx_word' id='word_1_178' title='bbox 526 2098 636 2162; x_wconf 87' lang='lat' dir='ltr'>pro</span> <span class='ocrx_word' id='word_1_179' title='bbox 667 2079 936 2143; x_wconf 91' lang='lat' dir='ltr'>remedio</span> <span class='ocrx_word' id='word_1_180' title='bbox 983 2082 1044 2141; x_wconf 79' lang='lat' dir='ltr'>et</span> <span class='ocrx_word' id='word_1_181' title='bbox 1086 2077 1345 2142; x_wconf 76' lang='lat' dir='ltr'>oonsilio</span> <span class='ocrx_word' id='word_1_182' title='bbox 1375 2078 1733 2155; x_wconf 89' lang='lat' dir='ltr'>recurritur,</span> <span class='ocrx_word' id='word_1_183' title='bbox 1768 2077 1933 2142; x_wconf 90' lang='lat' dir='ltr'>sicut</span> <span class='ocrx_word' id='word_1_184' title='bbox 1963 2078 2156 2142; x_wconf 86' lang='lat' dir='ltr'>etiam</span> <span class='ocrx_word' id='word_1_185' title='bbox 2203 2077 2482 2161; x_wconf 82' lang='lat' dir='ltr'>theologi</span> <span class='ocrx_word' id='word_1_186' title='bbox 2513 2080 2781 2145; x_wconf 89' lang='lat' dir='ltr'>consulti</span> 
     </span>
     <span class='ocr_line' id='line_1_19' title="bbox 321 2179 2782 2263; baseline 0.001 -19"><span class='ocrx_word' id='word_1_187' title='bbox 321 2181 482 2245; x_wconf 89' lang='lat' dir='ltr'>circa</span> <span class='ocrx_word' id='word_1_188' title='bbox 513 2200 693 2246; x_wconf 89' lang='lat' dir='ltr'>casus</span> <span class='ocrx_word' id='word_1_189' title='bbox 742 2182 985 2263; x_wconf 85' lang='lat' dir='ltr'>aliquos</span> <span class='ocrx_word' id='word_1_190' title='bbox 1030 2180 1473 2244; x_wconf 84' lang='lat' dir='ltr'>conscientiae:</span> <span class='ocrx_word' id='word_1_191' title='bbox 1499 2180 1607 2261; x_wconf 90' lang='lat' dir='ltr'>qui</span> <span class='ocrx_word' id='word_1_192' title='bbox 1641 2198 1851 2244; x_wconf 90' lang='lat' dir='ltr'>omnes</span> <span class='ocrx_word' id='word_1_193' title='bbox 1897 2198 1969 2243; x_wconf 81' lang='lat' dir='ltr'>ex</span> <span class='ocrx_word' id='word_1_194' title='bbox 2016 2179 2219 2244; x_wconf 90' lang='lat' dir='ltr'>officio</span> <span class='ocrx_word' id='word_1_195' title='bbox 2267 2181 2557 2244; x_wconf 88' lang='lat' dir='ltr'>tenentur</span> <span class='ocrx_word' id='word_1_196' title='bbox 2586 2200 2782 2247; x_wconf 89' lang='lat' dir='ltr'>secre-</span> 
     </span>
     <span class='ocr_line' id='line_1_20' title="bbox 323 2281 2776 2368; baseline 0.001 -22"><span class='ocrx_word' id='word_1_197' title='bbox 323 2284 460 2347; x_wconf 90' lang='lat' dir='ltr'>tum</span> <span class='ocrx_word' id='word_1_198' title='bbox 514 2302 758 2348; x_wconf 88' lang='lat' dir='ltr'>servare</span> <span class='ocrx_word' id='word_1_199' title='bbox 813 2285 876 2348; x_wconf 92' lang='lat' dir='ltr'>et</span> <span class='ocrx_word' id='word_1_200' title='bbox 921 2283 1113 2348; x_wconf 88' lang='lat' dir='ltr'>tacite</span> <span class='ocrx_word' id='word_1_201' title='bbox 1158 2282 1317 2347; x_wconf 88' lang='lat' dir='ltr'>illud</span> <span class='ocrx_word' id='word_1_202' title='bbox 1363 2282 1740 2365; x_wconf 89' lang='lat' dir='ltr'>promittunt</span> <span class='ocrx_word' id='word_1_203' title='bbox 1793 2281 2033 2347; x_wconf 89' lang='lat' dir='ltr'>ratione</span> <span class='ocrx_word' id='word_1_204' title='bbox 2088 2282 2187 2346; x_wconf 90' lang='lat' dir='ltr'>sui</span> <span class='ocrx_word' id='word_1_205' title='bbox 2245 2282 2541 2348; x_wconf 89' lang='lat' dir='ltr'>muneris.</span> <span class='ocrx_word' id='word_1_206' title='bbox 2599 2283 2776 2368; x_wconf 89' lang='lat' dir='ltr'>Lugo</span> 
     </span>
     <span class='ocr_line' id='line_1_21' title="bbox 324 2383 893 2469; baseline 0.007 -22"><span class='ocrx_word' id='word_1_207' title='bbox 324 2383 479 2469; x_wconf 90' lang='lat' dir='ltr'>disp.</span> <span class='ocrx_word' id='word_1_208' title='bbox 519 2387 621 2449; x_wconf 89' lang='lat'>14.</span> <span class='ocrx_word' id='word_1_209' title='bbox 647 2407 705 2450; x_wconf 89' lang='grc'>11.</span> <span class='ocrx_word' id='word_1_210' title='bbox 746 2386 893 2451; x_wconf 83' lang='grc'><strong>135.</strong></span> 
     </span>
    </p>

    <p class='ocr_par' dir='ltr' id='par_1_4' title="bbox 315 2487 2778 3087">
     <span class='ocr_line' id='line_1_22' title="bbox 408 2487 2778 2573; baseline 0 -19"><span class='ocrx_word' id='word_1_211' title='bbox 408 2488 667 2568; x_wconf 84' lang='lat' dir='ltr'>Quando</span> <span class='ocrx_word' id='word_1_212' title='bbox 716 2491 930 2553; x_wconf 90' lang='lat' dir='ltr'>autem</span> <span class='ocrx_word' id='word_1_213' title='bbox 974 2489 1091 2553; x_wconf 91' lang='lat' dir='ltr'>hoc</span> <span class='ocrx_word' id='word_1_214' title='bbox 1114 2488 1296 2570; x_wconf 91' lang='lat' dir='ltr'>pacto</span> <span class='ocrx_word' id='word_1_215' title='bbox 1329 2487 1722 2550; x_wconf 74' lang='lat' dir='ltr'>cmnmissum</span> <span class='ocrx_word' id='word_1_216' title='bbox 1752 2488 1849 2551; x_wconf 90' lang='lat' dir='ltr'>est</span> <span class='ocrx_word' id='word_1_217' title='bbox 1878 2487 2201 2564; x_wconf 88' lang='lat' dir='ltr'>secretum,</span> <span class='ocrx_word' id='word_1_218' title='bbox 2241 2487 2496 2570; x_wconf 88' lang='lat' dir='ltr'>gravius</span> <span class='ocrx_word' id='word_1_219' title='bbox 2534 2489 2778 2573; x_wconf 89' lang='lat' dir='ltr'>obligat</span> 
     </span>
     <span class='ocr_line' id='line_1_23' title="bbox 323 2588 2775 2673; baseline 0 -18"><span class='ocrx_word' id='word_1_220' title='bbox 323 2592 387 2655; x_wconf 93' lang='lat' dir='ltr'>et</span> <span class='ocrx_word' id='word_1_221' title='bbox 432 2592 680 2672; x_wconf 90' lang='lat' dir='ltr'>quidem</span> <span class='ocrx_word' id='word_1_222' title='bbox 718 2610 827 2655; x_wconf 89' lang='grc'><strong>1166</strong></span> <span class='ocrx_word' id='word_1_223' title='bbox 865 2591 1091 2655; x_wconf 86' lang='lat' dir='ltr'>teneris</span> <span class='ocrx_word' id='word_1_224' title='bbox 1122 2609 1233 2654; x_wconf 93' lang='lat' dir='ltr'>nec</span> <span class='ocrx_word' id='word_1_225' title='bbox 1262 2591 1438 2673; x_wconf 91' lang='lat' dir='ltr'>potes</span> <span class='ocrx_word' id='word_1_226' title='bbox 1470 2589 1625 2653; x_wconf 84' lang='lat' dir='ltr'>illud</span> <span class='ocrx_word' id='word_1_227' title='bbox 1655 2590 1928 2654; x_wconf 86' lang='lat' dir='ltr'>revelare</span> <span class='ocrx_word' id='word_1_228' title='bbox 1959 2589 2023 2652; x_wconf 91' lang='lat' dir='ltr'>in</span> <span class='ocrx_word' id='word_1_229' title='bbox 2070 2589 2148 2653; x_wconf 89' lang='lat' dir='ltr'>iis</span> <span class='ocrx_word' id='word_1_230' title='bbox 2180 2588 2371 2652; x_wconf 88' lang='lat' dir='ltr'>etiam</span> <span class='ocrx_word' id='word_1_231' title='bbox 2420 2591 2665 2656; x_wconf 86' lang='lat' dir='ltr'>casibus</span> <span class='ocrx_word' id='word_1_232' title='bbox 2712 2592 2775 2655; x_wconf 92' lang='lat' dir='ltr'>in</span> 
     </span>
     <span class='ocr_line' id='line_1_24' title="bbox 320 2691 2773 2778; baseline 0.001 -20"><span class='ocrx_word' id='word_1_233' title='bbox 320 2695 544 2776; x_wconf 82' lang='lat' dir='ltr'>quibus</span> <span class='ocrx_word' id='word_1_234' title='bbox 593 2694 748 2757; x_wconf 89' lang='lat' dir='ltr'>alias</span> <span class='ocrx_word' id='word_1_235' title='bbox 794 2693 1107 2772; x_wconf 81' lang='grc'><strong>1611616116,</strong></span> <span class='ocrx_word' id='word_1_236' title='bbox 1142 2714 1201 2757; x_wconf 87' lang='lat' dir='ltr'>v.</span> <span class='ocrx_word' id='word_1_237' title='bbox 1236 2714 1329 2778; x_wconf 91' lang='lat' dir='ltr'>gr.</span> <span class='ocrx_word' id='word_1_238' title='bbox 1380 2693 1434 2756; x_wconf 89' lang='lat' dir='ltr'>si</span> <span class='ocrx_word' id='word_1_239' title='bbox 1480 2693 1952 2777; x_wconf 88' lang='lat' dir='ltr'>interrogareris</span> <span class='ocrx_word' id='word_1_240' title='bbox 1984 2711 2020 2756; x_wconf 93' lang='lat' dir='ltr'>a</span> <span class='ocrx_word' id='word_1_241' title='bbox 2051 2691 2253 2757; x_wconf 90' lang='lat' dir='ltr'>iudice</span> <span class='ocrx_word' id='word_1_242' title='bbox 2298 2694 2399 2758; x_wconf 83' lang='lat' dir='ltr'>vel</span> <span class='ocrx_word' id='word_1_243' title='bbox 2443 2695 2773 2776; x_wconf 91' lang='lat' dir='ltr'>superiore.</span> 
     </span>
     <span class='ocr_line' id='line_1_25' title="bbox 315 2794 2771 2879; baseline 0 -17"><span class='ocrx_word' id='word_1_244' title='bbox 315 2796 562 2862; x_wconf 90' lang='lat' dir='ltr'>Notitia</span> <span class='ocrx_word' id='word_1_245' title='bbox 609 2796 773 2861; x_wconf 90' lang='lat' dir='ltr'>enim</span> <span class='ocrx_word' id='word_1_246' title='bbox 818 2815 1007 2877; x_wconf 88' lang='lat' dir='ltr'>quam</span> <span class='ocrx_word' id='word_1_247' title='bbox 1054 2795 1261 2872; x_wconf 86' lang='lat' dir='ltr'>habes,</span> <span class='ocrx_word' id='word_1_248' title='bbox 1311 2814 1383 2858; x_wconf 77' lang='lat' dir='ltr'>ex</span> <span class='ocrx_word' id='word_1_249' title='bbox 1429 2813 1493 2858; x_wconf 92' lang='lat' dir='ltr'>se</span> <span class='ocrx_word' id='word_1_250' title='bbox 1538 2794 1631 2857; x_wconf 89' lang='lat' dir='ltr'>ita</span> <span class='ocrx_word' id='word_1_251' title='bbox 1676 2794 1954 2858; x_wconf 88' lang='lat' dir='ltr'>limitata</span> <span class='ocrx_word' id='word_1_252' title='bbox 1991 2797 2053 2858; x_wconf 87' lang='lat' dir='ltr'>et</span> <span class='ocrx_word' id='word_1_253' title='bbox 2086 2795 2297 2859; x_wconf 90' lang='lat' dir='ltr'>taliter</span> <span class='ocrx_word' id='word_1_254' title='bbox 2334 2815 2371 2859; x_wconf 91' lang='lat' dir='ltr'>a</span> <span class='ocrx_word' id='word_1_255' title='bbox 2407 2797 2471 2860; x_wconf 92' lang='lat' dir='ltr'>te</span> <span class='ocrx_word' id='word_1_256' title='bbox 2504 2798 2771 2879; x_wconf 87' lang='lat' dir='ltr'>accepta,</span> 
     </span>
     <span class='ocr_line' id='line_1_26' title="bbox 317 2895 2772 2978; baseline 0.001 -16"><span class='ocrx_word' id='word_1_257' title='bbox 317 2900 392 2962; x_wconf 87' lang='lat' dir='ltr'>ut</span> <span class='ocrx_word' id='word_1_258' title='bbox 436 2917 558 2962; x_wconf 91' lang='lat' dir='ltr'>non</span> <span class='ocrx_word' id='word_1_259' title='bbox 604 2898 688 2962; x_wconf 88' lang='lat' dir='ltr'>sit</span> <span class='ocrx_word' id='word_1_260' title='bbox 735 2898 910 2962; x_wconf 89' lang='lat' dir='ltr'>utilis</span> <span class='ocrx_word' id='word_1_261' title='bbox 958 2896 1036 2961; x_wconf 91' lang='lat' dir='ltr'>ad</span> <span class='ocrx_word' id='word_1_262' title='bbox 1082 2897 1214 2961; x_wconf 90' lang='lat' dir='ltr'>eius</span> <span class='ocrx_word' id='word_1_263' title='bbox 1261 2895 1849 2974; x_wconf 85' lang='lat' dir='ltr'>manifestationem,</span> <span class='ocrx_word' id='word_1_264' title='bbox 1885 2895 1988 2960; x_wconf 91' lang='lat' dir='ltr'>sed</span> <span class='ocrx_word' id='word_1_265' title='bbox 2022 2897 2269 2978; x_wconf 90' lang='lat' dir='ltr'>perinde</span> <span class='ocrx_word' id='word_1_266' title='bbox 2317 2898 2420 2976; x_wconf 89' lang='lat' dir='ltr'>sit,</span> <span class='ocrx_word' id='word_1_267' title='bbox 2455 2917 2527 2962; x_wconf 89' lang='lat' dir='ltr'>ac</span> <span class='ocrx_word' id='word_1_268' title='bbox 2558 2899 2612 2963; x_wconf 92' lang='lat' dir='ltr'>si</span> <span class='ocrx_word' id='word_1_269' title='bbox 2636 2918 2772 2964; x_wconf 88' lang='lat' dir='ltr'>eam</span> 
     </span>
     <span class='ocr_line' id='line_1_27' title="bbox 317 3000 1575 3087; baseline -0.004 -19"><span class='ocrx_word' id='word_1_270' title='bbox 317 3021 441 3068; x_wconf 92' lang='lat' dir='ltr'>non</span> <span class='ocrx_word' id='word_1_271' title='bbox 487 3003 761 3067; x_wconf 73' lang='lat' dir='ltr'>haberes</span> <span class='ocrx_word' id='word_1_272' title='bbox 795 3001 974 3087; x_wconf 89' lang='lat' dir='ltr'>Lugo</span> <span class='ocrx_word' id='word_1_273' title='bbox 1005 3021 1067 3066; x_wconf 94' lang='lat' dir='ltr'>n.</span> <span class='ocrx_word' id='word_1_274' title='bbox 1105 3001 1252 3064; x_wconf 88' lang='lat'>141.</span> <span class='ocrx_word' id='word_1_275' title='bbox 1279 3000 1434 3082; x_wconf 90' lang='lat' dir='ltr'>disp.</span> <span class='ocrx_word' id='word_1_276' title='bbox 1474 3001 1575 3063; x_wconf 88' lang='grc'>14.</span> 
     </span>
    </p>

    <p class='ocr_par' dir='ltr' id='par_1_5' title="bbox 311 3101 2773 3286">
     <span class='ocr_line' id='line_1_28' title="bbox 401 3101 2773 3187; baseline 0 -17"><span class='ocrx_word' id='word_1_277' title='bbox 401 3104 794 3187; x_wconf 83' lang='lat' dir='ltr'>Quadruplex</span> <span class='ocrx_word' id='word_1_278' title='bbox 840 3105 1049 3169; x_wconf 91' lang='lat' dir='ltr'>tamen</span> <span class='ocrx_word' id='word_1_279' title='bbox 1097 3105 1193 3168; x_wconf 91' lang='lat' dir='ltr'>est</span> <span class='ocrx_word' id='word_1_280' title='bbox 1239 3121 1440 3180; x_wconf 89' lang='grc'><strong>666116,</strong></span> <span class='ocrx_word' id='word_1_281' title='bbox 1487 3101 1579 3165; x_wconf 88' lang='grc'>116</span> <span class='ocrx_word' id='word_1_282' title='bbox 1610 3120 1659 3165; x_wconf 89' lang='grc'>6.</span> <span class='ocrx_word' id='word_1_283' title='bbox 1699 3101 1883 3185; x_wconf 87' lang='lat' dir='ltr'>Alph.</span> <span class='ocrx_word' id='word_1_284' title='bbox 1917 3123 1978 3166; x_wconf 90' lang='lat' dir='ltr'>n.</span> <span class='ocrx_word' id='word_1_285' title='bbox 2021 3103 2192 3178; x_wconf 87' lang='lat'>971.,</span> <span class='ocrx_word' id='word_1_286' title='bbox 2221 3122 2343 3184; x_wconf 90' lang='lat' dir='ltr'>quo</span> <span class='ocrx_word' id='word_1_287' title='bbox 2369 3105 2773 3171; x_wconf 89' lang='lat' dir='ltr'>commissum</span> 
     </span>
     <span class='ocr_line' id='line_1_29' title="bbox 311 3205 1962 3286; baseline -0.004 -13"><span class='ocrx_word' id='word_1_288' title='bbox 311 3211 614 3273; x_wconf 87' lang='lat' dir='ltr'>secretum</span> <span class='ocrx_word' id='word_1_289' title='bbox 644 3205 1044 3286; x_wconf 73' lang='lat' dir='ltr'>mnifestari</span> <span class='ocrx_word' id='word_1_290' title='bbox 1080 3208 1287 3285; x_wconf 79' lang='lat' dir='ltr'>potest</span> <span class='ocrx_word' id='word_1_291' title='bbox 1318 3206 1454 3268; x_wconf 78' lang='lat' dir='ltr'>sinc</span> <span class='ocrx_word' id='word_1_292' title='bbox 1490 3205 1675 3285; x_wconf 73' lang='lat' dir='ltr'>yram·</span> <span class='ocrx_word' id='word_1_293' title='bbox 1690 3208 1962 3283; x_wconf 76' lang='lat' dir='ltr'>peccato,</span> 
     </span>
    </p>

    <p class='ocr_par' dir='ltr' id='par_1_6' title="bbox 493 3307 1953 3393">
     <span class='ocr_line' id='line_1_30' title="bbox 493 3307 1953 3393; baseline -0.004 -18"><span class='ocrx_word' id='word_1_294' title='bbox 493 3312 557 3375; x_wconf 89' lang='lat'>1⁰</span> <span class='ocrx_word' id='word_1_295' title='bbox 587 3311 679 3375; x_wconf 79' lang='lat' dir='ltr'>Ex</span> <span class='ocrx_word' id='word_1_296' title='bbox 722 3311 1122 3393; x_wconf 88' lang='lat' dir='ltr'>praesumpto</span> <span class='ocrx_word' id='word_1_297' title='bbox 1155 3326 1456 3372; x_wconf 91' lang='lat' dir='ltr'>consensu</span> <span class='ocrx_word' id='word_1_298' title='bbox 1485 3307 1953 3371; x_wconf 78' lang='lat' dir='ltr'>committentis,</span> 
     </span>
    </p>

    <p class='ocr_par' dir='ltr' id='par_1_7' title="bbox 306 3407 2773 4110">
     <span class='ocr_line' id='line_1_31' title="bbox 490 3407 2773 3492; baseline 0 -17"><span class='ocrx_word' id='word_1_299' title='bbox 490 3414 559 3474; x_wconf 83' lang='lat'>2⁰</span> <span class='ocrx_word' id='word_1_300' title='bbox 592 3413 681 3475; x_wconf 83' lang='lat' dir='ltr'>Ex</span> <span class='ocrx_word' id='word_1_301' title='bbox 721 3409 1031 3492; x_wconf 82' lang='lat' dir='ltr'>parvitate</span> <span class='ocrx_word' id='word_1_302' title='bbox 1076 3409 1163 3472; x_wconf 89' lang='lat' dir='ltr'>rei</span> <span class='ocrx_word' id='word_1_303' title='bbox 1213 3408 1579 3472; x_wconf 90' lang='lat' dir='ltr'>commissae</span> <span class='ocrx_word' id='word_1_304' title='bbox 1611 3407 1724 3470; x_wconf 91' lang='lat' dir='ltr'>sub</span> <span class='ocrx_word' id='word_1_305' title='bbox 1758 3411 2012 3486; x_wconf 89' lang='lat' dir='ltr'>secreto,</span> <span class='ocrx_word' id='word_1_306' title='bbox 2047 3408 2145 3471; x_wconf 87' lang='lat' dir='ltr'>vel</span> <span class='ocrx_word' id='word_1_307' title='bbox 2183 3407 2236 3472; x_wconf 89' lang='lat' dir='ltr'>si</span> <span class='ocrx_word' id='word_1_308' title='bbox 2284 3408 2531 3472; x_wconf 89' lang='lat' dir='ltr'>aliunde</span> <span class='ocrx_word' id='word_1_309' title='bbox 2563 3410 2646 3474; x_wconf 91' lang='lat' dir='ltr'>sit</span> <span class='ocrx_word' id='word_1_310' title='bbox 2677 3430 2773 3476; x_wconf 91' lang='lat' dir='ltr'>co-</span> 
     </span>
     <span class='ocr_line' id='line_1_32' title="bbox 313 3508 2769 3595; baseline 0.001 -20"><span class='ocrx_word' id='word_1_311' title='bbox 313 3512 489 3595; x_wconf 88' lang='lat' dir='ltr'>gnita</span> <span class='ocrx_word' id='word_1_312' title='bbox 539 3513 638 3575; x_wconf 84' lang='lat' dir='ltr'>vel</span> <span class='ocrx_word' id='word_1_313' title='bbox 687 3509 1023 3594; x_wconf 89' lang='lat' dir='ltr'>publicata,</span> <span class='ocrx_word' id='word_1_314' title='bbox 1059 3512 1171 3574; x_wconf 91' lang='lat' dir='ltr'>aut</span> <span class='ocrx_word' id='word_1_315' title='bbox 1209 3508 1370 3573; x_wconf 87' lang='lat' dir='ltr'>ratio</span> <span class='ocrx_word' id='word_1_316' title='bbox 1418 3508 1770 3584; x_wconf 84' lang='lat' dir='ltr'>cessaverit,</span> <span class='ocrx_word' id='word_1_317' title='bbox 1819 3528 1929 3573; x_wconf 91' lang='lat' dir='ltr'>cur</span> <span class='ocrx_word' id='word_1_318' title='bbox 1976 3511 2210 3574; x_wconf 87' lang='lat' dir='ltr'>secreto</span> <span class='ocrx_word' id='word_1_319' title='bbox 2243 3510 2544 3574; x_wconf 85' lang='lat' dir='ltr'>servanda</span> <span class='ocrx_word' id='word_1_320' title='bbox 2588 3510 2769 3577; x_wconf 85' lang='lat' dir='ltr'>foret.</span> 
     </span>
     <span class='ocr_line' id='line_1_33' title="bbox 314 3610 2772 3697; baseline 0 -21"><span class='ocrx_word' id='word_1_321' title='bbox 314 3613 491 3677; x_wconf 89' lang='lat' dir='ltr'>Licet</span> <span class='ocrx_word' id='word_1_322' title='bbox 522 3613 771 3694; x_wconf 90' lang='lat' dir='ltr'>insuper</span> <span class='ocrx_word' id='word_1_323' title='bbox 799 3631 897 3676; x_wconf 92' lang='lat' dir='ltr'>res</span> <span class='ocrx_word' id='word_1_324' title='bbox 929 3612 1015 3676; x_wconf 90' lang='lat' dir='ltr'>sit</span> <span class='ocrx_word' id='word_1_325' title='bbox 1059 3611 1290 3697; x_wconf 86' lang='lat' dir='ltr'>gravis,</span> <span class='ocrx_word' id='word_1_326' title='bbox 1325 3610 1458 3674; x_wconf 91' lang='lat' dir='ltr'>fieri</span> <span class='ocrx_word' id='word_1_327' title='bbox 1495 3611 1703 3672; x_wconf 88' lang='lat' dir='ltr'>tamen</span> <span class='ocrx_word' id='word_1_328' title='bbox 1752 3611 1977 3691; x_wconf 88' lang='lat' dir='ltr'>potest,</span> <span class='ocrx_word' id='word_1_329' title='bbox 2027 3612 2101 3673; x_wconf 93' lang='lat' dir='ltr'>ut</span> <span class='ocrx_word' id='word_1_330' title='bbox 2148 3611 2262 3674; x_wconf 87' lang='lat' dir='ltr'>aut</span> <span class='ocrx_word' id='word_1_331' title='bbox 2304 3629 2426 3674; x_wconf 91' lang='lat' dir='ltr'>non</span> <span class='ocrx_word' id='word_1_332' title='bbox 2473 3612 2638 3676; x_wconf 85' lang='lat' dir='ltr'>tanti</span> <span class='ocrx_word' id='word_1_333' title='bbox 2682 3632 2772 3677; x_wconf 89' lang='lat' dir='ltr'>re-</span> 
     </span>
     <span class='ocr_line' id='line_1_34' title="bbox 308 3711 2768 3794; baseline 0 -15"><span class='ocrx_word' id='word_1_334' title='bbox 308 3715 488 3790; x_wconf 89' lang='lat' dir='ltr'>ferat,</span> <span class='ocrx_word' id='word_1_335' title='bbox 524 3732 662 3778; x_wconf 91' lang='lat' dir='ltr'>eam</span> <span class='ocrx_word' id='word_1_336' title='bbox 708 3717 940 3779; x_wconf 90' lang='lat' dir='ltr'>secreto</span> <span class='ocrx_word' id='word_1_337' title='bbox 973 3713 1226 3790; x_wconf 82' lang='lat' dir='ltr'>servari,</span> <span class='ocrx_word' id='word_1_338' title='bbox 1268 3713 1380 3776; x_wconf 90' lang='lat' dir='ltr'>aut</span> <span class='ocrx_word' id='word_1_339' title='bbox 1425 3712 1649 3775; x_wconf 88' lang='lat' dir='ltr'>saltem</span> <span class='ocrx_word' id='word_1_340' title='bbox 1686 3729 1811 3775; x_wconf 92' lang='lat' dir='ltr'>non</span> <span class='ocrx_word' id='word_1_341' title='bbox 1859 3711 2009 3776; x_wconf 89' lang='lat' dir='ltr'>adeo</span> <span class='ocrx_word' id='word_1_342' title='bbox 2055 3711 2302 3790; x_wconf 85' lang='lat' dir='ltr'>referat,</span> <span class='ocrx_word' id='word_1_343' title='bbox 2337 3713 2503 3794; x_wconf 85' lang='lat' dir='ltr'>quod</span> <span class='ocrx_word' id='word_1_344' title='bbox 2535 3713 2612 3777; x_wconf 90' lang='lat' dir='ltr'>ab</span> <span class='ocrx_word' id='word_1_345' title='bbox 2643 3733 2768 3780; x_wconf 93' lang='lat' dir='ltr'>uno</span> 
     </span>
     <span class='ocr_line' id='line_1_35' title="bbox 309 3812 2766 3899; baseline 0 -17"><span class='ocrx_word' id='word_1_346' title='bbox 309 3818 407 3882; x_wconf 81' lang='lat' dir='ltr'>vel</span> <span class='ocrx_word' id='word_1_347' title='bbox 441 3817 636 3881; x_wconf 92' lang='lat' dir='ltr'>altero</span> <span class='ocrx_word' id='word_1_348' title='bbox 668 3816 803 3881; x_wconf 86' lang='lat' dir='ltr'>viro</span> <span class='ocrx_word' id='word_1_349' title='bbox 829 3817 1118 3899; x_wconf 89' lang='lat' dir='ltr'>prudenti</span> <span class='ocrx_word' id='word_1_350' title='bbox 1141 3817 1394 3892; x_wconf 86' lang='lat' dir='ltr'>sciatur,</span> <span class='ocrx_word' id='word_1_351' title='bbox 1422 3812 1667 3896; x_wconf 88' lang='lat' dir='ltr'>quando</span> <span class='ocrx_word' id='word_1_352' title='bbox 1693 3813 1760 3877; x_wconf 89' lang='lat' dir='ltr'>hi</span> <span class='ocrx_word' id='word_1_353' title='bbox 1790 3833 1920 3879; x_wconf 91' lang='lat' dir='ltr'>rem</span> <span class='ocrx_word' id='word_1_354' title='bbox 1945 3817 2245 3879; x_wconf 87' lang='lat' dir='ltr'>secretam</span> <span class='ocrx_word' id='word_1_355' title='bbox 2268 3816 2576 3880; x_wconf 85' lang='lat' dir='ltr'>servaturi</span> <span class='ocrx_word' id='word_1_356' title='bbox 2600 3819 2766 3883; x_wconf 90' lang='lat' dir='ltr'>sunt.</span> 
     </span>
     <span class='ocr_line' id='line_1_36' title="bbox 311 3919 2766 4004; baseline -0.001 -16"><span class='ocrx_word' id='word_1_357' title='bbox 311 3923 447 4004; x_wconf 87' lang='lat' dir='ltr'>Quo</span> <span class='ocrx_word' id='word_1_358' title='bbox 480 3924 689 3986; x_wconf 90' lang='lat' dir='ltr'>tamen</span> <span class='ocrx_word' id='word_1_359' title='bbox 719 3921 785 3984; x_wconf 90' lang='lat' dir='ltr'>in</span> <span class='ocrx_word' id='word_1_360' title='bbox 817 3940 964 3986; x_wconf 89' lang='lat' dir='ltr'>casu</span> <span class='ocrx_word' id='word_1_361' title='bbox 1006 3941 1126 3987; x_wconf 91' lang='lat' dir='ltr'>non</span> <span class='ocrx_word' id='word_1_362' title='bbox 1179 3919 1508 3984; x_wconf 86' lang='lat' dir='ltr'>revelanda</span> <span class='ocrx_word' id='word_1_363' title='bbox 1559 3937 1839 3999; x_wconf 83' lang='lat' dir='ltr'>persona,</span> <span class='ocrx_word' id='word_1_364' title='bbox 1896 3938 2054 4001; x_wconf 89' lang='lat' dir='ltr'>quae</span> <span class='ocrx_word' id='word_1_365' title='bbox 2099 3923 2402 3984; x_wconf 78' lang='lat' dir='ltr'>secretum</span> <span class='ocrx_word' id='word_1_366' title='bbox 2446 3921 2766 3986; x_wconf 78' lang='lat' dir='ltr'>commisit.</span> 
     </span>
     <span class='ocr_line' id='line_1_37' title="bbox 306 4023 1526 4110; baseline -0.005 -18"><span class='ocrx_word' id='word_1_367' title='bbox 306 4027 518 4110; x_wconf 89' lang='lat' dir='ltr'>Ligor.</span> <span class='ocrx_word' id='word_1_368' title='bbox 554 4024 699 4090; x_wconf 87' lang='lat' dir='ltr'>ibid.</span> <span class='ocrx_word' id='word_1_369' title='bbox 734 4024 912 4108; x_wconf 87' lang='lat' dir='ltr'>Lugo</span> <span class='ocrx_word' id='word_1_370' title='bbox 944 4023 1099 4106; x_wconf 79' lang='lat' dir='ltr'>disp.</span> <span class='ocrx_word' id='word_1_371' title='bbox 1143 4024 1245 4087; x_wconf 88' lang='lat'>14.</span> <span class='ocrx_word' id='word_1_372' title='bbox 1279 4043 1339 4087; x_wconf 92' lang='lat' dir='ltr'>n.</span> <span class='ocrx_word' id='word_1_373' title='bbox 1380 4023 1526 4086; x_wconf 86' lang='grc'><strong>147.</strong></span> 
     </span>
    </p>

    <p class='ocr_par' dir='ltr' id='par_1_8' title="bbox 303 4126 2766 4625">
     <span class='ocr_line' id='line_1_38' title="bbox 487 4126 2766 4210; baseline -0.001 -16"><span class='ocrx_word' id='word_1_374' title='bbox 487 4133 558 4194; x_wconf 81' lang='lat'>3⁰</span> <span class='ocrx_word' id='word_1_375' title='bbox 620 4128 876 4193; x_wconf 80' lang='lat' dir='ltr'>Veniale</span> <span class='ocrx_word' id='word_1_376' title='bbox 913 4128 1031 4193; x_wconf 92' lang='lat' dir='ltr'>erit</span> <span class='ocrx_word' id='word_1_377' title='bbox 1077 4129 1419 4210; x_wconf 87' lang='lat' dir='ltr'>peccatum,</span> <span class='ocrx_word' id='word_1_378' title='bbox 1455 4129 1508 4191; x_wconf 91' lang='lat' dir='ltr'>si</span> <span class='ocrx_word' id='word_1_379' title='bbox 1539 4127 1846 4192; x_wconf 88' lang='lat' dir='ltr'>reveletur</span> <span class='ocrx_word' id='word_1_380' title='bbox 1883 4128 2186 4191; x_wconf 90' lang='lat' dir='ltr'>secretum</span> <span class='ocrx_word' id='word_1_381' title='bbox 2220 4146 2290 4191; x_wconf 82' lang='lat' dir='ltr'>ex</span> <span class='ocrx_word' id='word_1_382' title='bbox 2315 4126 2766 4192; x_wconf 87' lang='lat' dir='ltr'>inadvertentia</span> 
     </span>
     <span class='ocr_line' id='line_1_39' title="bbox 305 4228 2764 4312; baseline -0.002 -12"><span class='ocrx_word' id='word_1_383' title='bbox 305 4254 415 4300; x_wconf 90' lang='lat' dir='ltr'>seu</span> <span class='ocrx_word' id='word_1_384' title='bbox 471 4231 998 4308; x_wconf 89' lang='lat' dir='ltr'>indeliberatione,</span> <span class='ocrx_word' id='word_1_385' title='bbox 1031 4230 1162 4294; x_wconf 85' lang='lat' dir='ltr'>sive</span> <span class='ocrx_word' id='word_1_386' title='bbox 1209 4229 1398 4294; x_wconf 72' lang='lat' dir='ltr'>etiam</span> <span class='ocrx_word' id='word_1_387' title='bbox 1447 4249 1521 4294; x_wconf 83' lang='lat' dir='ltr'>ex</span> <span class='ocrx_word' id='word_1_388' title='bbox 1558 4228 1971 4312; x_wconf 89' lang='lat' dir='ltr'>persuasione,</span> <span class='ocrx_word' id='word_1_389' title='bbox 2021 4228 2151 4293; x_wconf 85' lang='lat' dir='ltr'>sive</span> <span class='ocrx_word' id='word_1_390' title='bbox 2210 4248 2354 4294; x_wconf 82' lang='lat' dir='ltr'>vera</span> <span class='ocrx_word' id='word_1_391' title='bbox 2401 4228 2530 4293; x_wconf 85' lang='lat' dir='ltr'>sive</span> <span class='ocrx_word' id='word_1_392' title='bbox 2585 4228 2764 4306; x_wconf 85' lang='lat' dir='ltr'>falsa,</span> 
     </span>
     <span class='ocr_line' id='line_1_40' title="bbox 303 4316 2766 4419; baseline -0.002 -17"><span class='ocrx_word' id='word_1_393' title='bbox 303 4338 471 4419; x_wconf 89' lang='lat' dir='ltr'>quod</span> <span class='ocrx_word' id='word_1_394' title='bbox 500 4355 597 4402; x_wconf 91' lang='lat' dir='ltr'>res</span> <span class='ocrx_word' id='word_1_395' title='bbox 628 4354 753 4399; x_wconf 92' lang='lat' dir='ltr'>non</span> <span class='ocrx_word' id='word_1_396' title='bbox 800 4333 886 4398; x_wconf 91' lang='lat' dir='ltr'>sit</span> <span class='ocrx_word' id='word_1_397' title='bbox 930 4332 1161 4418; x_wconf 79' lang='lat' dir='ltr'>gravis,</span> <span class='ocrx_word' id='word_1_398' title='bbox 1211 4330 1479 4397; x_wconf 87' lang='lat' dir='ltr'>Sanchez</span> <span class='ocrx_word' id='word_1_399' title='bbox 1527 4334 1589 4396; x_wconf 90' lang='lat' dir='ltr'>et</span> <span class='ocrx_word' id='word_1_400' title='bbox 1635 4331 1995 4397; x_wconf 88' lang='lat' dir='ltr'>Salmantic.</span> <span class='ocrx_word' id='word_1_401' title='bbox 2029 4331 2195 4413; x_wconf 89' lang='lat' dir='ltr'>apud</span> <span class='ocrx_word' id='word_1_402' title='bbox 2231 4316 2449 4414; x_wconf 47' lang='lat' dir='ltr'>&#39;Ligor.</span> <span class='ocrx_word' id='word_1_403' title='bbox 2498 4330 2541 4394; x_wconf 91' lang='lat'>1.</span> <span class='ocrx_word' id='word_1_404' title='bbox 2591 4350 2641 4394; x_wconf 92' lang='lat' dir='ltr'>c.</span> <span class='ocrx_word' id='word_1_405' title='bbox 2692 4335 2766 4397; x_wconf 89' lang='lat' dir='ltr'>ut</span> 
     </span>
     <span class='ocr_line' id='line_1_41' title="bbox 305 4433 2762 4517; baseline -0.001 -13"><span class='ocrx_word' id='word_1_406' title='bbox 305 4440 597 4504; x_wconf 85' lang='lat' dir='ltr'>excusent</span> <span class='ocrx_word' id='word_1_407' title='bbox 643 4457 679 4501; x_wconf 89' lang='lat' dir='ltr'>a</span> <span class='ocrx_word' id='word_1_408' title='bbox 724 4436 999 4512; x_wconf 86' lang='lat' dir='ltr'>mortali,</span> <span class='ocrx_word' id='word_1_409' title='bbox 1048 4434 1392 4517; x_wconf 84' lang='lat' dir='ltr'>postulant,</span> <span class='ocrx_word' id='word_1_410' title='bbox 1426 4435 1500 4498; x_wconf 90' lang='lat' dir='ltr'>ut</span> <span class='ocrx_word' id='word_1_411' title='bbox 1534 4436 1844 4501; x_wconf 85' lang='lat' dir='ltr'>revelator</span> <span class='ocrx_word' id='word_1_412' title='bbox 1873 4438 2036 4497; x_wconf 81' lang='lat' dir='ltr'>certo</span> <span class='ocrx_word' id='word_1_413' title='bbox 2070 4433 2284 4496; x_wconf 72' lang='lat' dir='ltr'>credat</span> <span class='ocrx_word' id='word_1_414' title='bbox 2310 4452 2441 4496; x_wconf 90' lang='lat' dir='ltr'>rem</span> <span class='ocrx_word' id='word_1_415' title='bbox 2477 4452 2597 4498; x_wconf 90' lang='lat' dir='ltr'>non</span> <span class='ocrx_word' id='word_1_416' title='bbox 2632 4454 2762 4502; x_wconf 88' lang='lat' dir='ltr'>esse</span> 
     </span>
     <span class='ocr_line' id='line_1_42' title="bbox 305 4535 2761 4625; baseline -0 -20"><span class='ocrx_word' id='word_1_417' title='bbox 305 4561 580 4625; x_wconf 87' lang='lat' dir='ltr'>gravem.</span> <span class='ocrx_word' id='word_1_418' title='bbox 619 4541 708 4605; x_wconf 85' lang='lat' dir='ltr'>At</span> <span class='ocrx_word' id='word_1_419' title='bbox 751 4541 851 4606; x_wconf 85' lang='lat' dir='ltr'>uti</span> <span class='ocrx_word' id='word_1_420' title='bbox 896 4538 1089 4623; x_wconf 89' lang='lat' dir='ltr'>patet,</span> <span class='ocrx_word' id='word_1_421' title='bbox 1130 4556 1274 4602; x_wconf 91' lang='lat' dir='ltr'>cum</span> <span class='ocrx_word' id='word_1_422' title='bbox 1322 4538 1548 4620; x_wconf 88' lang='lat' dir='ltr'>agatur</span> <span class='ocrx_word' id='word_1_423' title='bbox 1576 4542 1650 4606; x_wconf 89' lang='lat' dir='ltr'>de</span> <span class='ocrx_word' id='word_1_424' title='bbox 1683 4538 1829 4604; x_wconf 87' lang='lat' dir='ltr'>actu</span> <span class='ocrx_word' id='word_1_425' title='bbox 1862 4538 2125 4612; x_wconf 89' lang='lat' dir='ltr'>interno,</span> <span class='ocrx_word' id='word_1_426' title='bbox 2161 4535 2266 4616; x_wconf 90' lang='lat' dir='ltr'>qui</span> <span class='ocrx_word' id='word_1_427' title='bbox 2306 4536 2517 4601; x_wconf 86' lang='lat' dir='ltr'>oculos</span> <span class='ocrx_word' id='word_1_428' title='bbox 2565 4538 2761 4604; x_wconf 89' lang='lat' dir='ltr'>homi-</span> 
     </span>
    </p>
   </div>
  </div>
 </body>
</html>
