3497 5147
653 321 763 376 580
940 335 1149 376 rnAc‘r.
1177 336 1257 376 v1.
1286 333 1448 375 sacr.
1476 333 1563 375 111.
1591 333 1677 372 nn
1700 329 1924 371 ‘ranno
1962 329 2176 370 Panno.
2203 328 2530 370 mammen
2556 330 2698 371 nun.
2725 330 2818 371 111.
2966 319 3089 388 1787
3099 324 3113 389 1

744 433 939 497 Paulo
987 435 1131 497 ante
1177 433 1386 496 autem
1435 433 1593 494 hanc
1640 429 1946 493 rationem
1992 426 2220 490 reddit:
2261 450 2297 486 ‹
2330 424 2487 505 Quia
2535 427 2642 509 qui
2680 428 2766 491 ibi
2797 428 3113 506 dormiret,

654 536 750 598 vel
782 533 1196 598 attentissime
1228 533 1505 597 studeret
1535 532 1794 616 legendo
1829 531 1944 594 aut
1985 529 2323 606 scribendO,
2358 529 2489 592 sine
2537 530 2666 593 ulla
2697 532 3117 597 controversia

653 654 772 702 non
821 637 1076 699 haberet
1105 637 1265 700 hanc
1300 635 1711 718 praesentiam
1752 632 2196 704 necessariamz
2233 633 2301 695 at
2346 650 2491 695 vero
2524 632 2771 714 perinde
2819 653 2882 697 se
2929 635 3118 700 habet

652 739 756 822 qui
804 739 976 802 nullo
1014 738 1197 803 modo
1234 737 1521 813 attendit,
1557 737 1663 800 sed
1702 735 1952 799 omnino
1991 734 2216 798 mentis
2251 733 2596 798 attentione
2632 735 2983 800 voluntarie
3021 739 3117 801 est

651 841 712 904 in
740 841 879 904 aliis
910 842 1092 904 rebus
1126 840 1461 921 occupatus
1488 864 1547 902 ».
1577 837 1752 903 Unde
1786 837 1971 920 paulo
1996 839 2141 918 post
2170 836 2383 920 exigit,
2416 860 2453 893 «
2477 839 2550 901 ut
2572 837 2796 901 saltem
2832 840 3117 930 attendat

651 944 727 1008 ad
761 963 852 1020 ea,
886 962 1045 1025 quae
1077 942 1360 1007 sacerdos
1391 941 1560 1018 facit,
1597 941 1896 1021 tanquam
1938 939 2014 1002 ad
2045 958 2142 1003 res
2174 956 2381 1004 sacras
2415 964 2476 1003 ».

692 1089 703 1100 ·
739 1045 821 1108 Et
853 1044 1235 1118 Salmantic.,
1263 1044 1370 1126 qui
1394 1042 1633 1107 Suarezv
1653 1042 2002 1124 opinionem
2032 1042 2242 1104 tenent
2265 1042 2338 1103 de
2365 1039 2592 1120 Sao-rifi
2621 1041 2866 1107 Missae
2892 1063 3023 1127 cap.
3052 1047 3111 1110 6.

651 1169 708 1212 n.
745 1149 884 1210 41.:
927 1171 961 1204 «
998 1146 1175 1211 Nihil
1207 1146 1375 1210 aliud
1424 1146 1616 1229 exigit
1662 1145 1808 1224 (hoc
1855 1145 2278 1228 praeceptum)
2326 1143 2445 1207 nisi
2477 1143 2641 1225 quod
2674 1145 2813 1227 quis
2861 1147 3116 1229 incipiat

652 1250 865 1313 audire
902 1249 1225 1312 Missam...
1265 1248 1607 1312 intentione
1633 1246 2007 1321 attendendi,
2035 1264 2143 1309 seu
2175 1247 2480 1327 quantum
2513 1246 2577 1310 in
2610 1264 2674 1310 se
2706 1248 2819 1323 est,
2856 1249 3112 1312 vacandi

651 1353 783 1416 Deo
831 1354 895 1415 et
939 1352 1002 1414 in
1050 1351 1430 1416 contrarium
1481 1350 1722 1414 animus
1763 1349 1882 1413 iste
1913 1367 2035 1413 non
2085 1348 2381 1411 mutetur.
2418 1347 2594 1412 Unde
2625 1349 2870 1431 quoties
2909 1350 3126 1415 dedita

653 1473 836 1537 opera
870 1456 1139 1518 mentem
1178 1473 1216 1517 a
1246 1453 1412 1517 dicta
1442 1453 1787 1515 intentione
1820 1449 2136 1533 (audiendi
2166 1449 2456 1532 Missam)
2488 1468 2610 1514 non
2644 1450 2938 1528 dimovet,
2969 1452 3118 1517 licet

653 1557 816 1620 inter
847 1555 1219 1620 audiendum
1243 1555 1501 1620 Sacrum
1526 1555 1609 1619 sit
1632 1555 1989 1629 distractus,
2018 1551 2326 1617 satisfacit
2347 1554 2673 1636 praecepto
2700 1577 2761 1616 ».
2790 1553 2872 1616 Et
2897 1573 2954 1616 n.
2982 1554 3112 1619 42:

658 1684 691 1716 «
724 1659 806 1722 Et
852 1659 1017 1740 quod
1063 1659 1201 1742 plus
1240 1660 1336 1723 est
1367 1679 1439 1723 ac
1484 1678 1595 1742 pro
1644 1656 1934 1722 tollendis
1983 1655 2325 1720 multorum
2371 1656 2677 1739 scrupulis
2710 1657 2976 1722 maxime
3012 1676 3119 1723 no-

650 1762 930 1838 tandum,
966 1761 1113 1826 licet
1142 1762 1251 1843 qui
1282 1762 1596 1844 praedicto
1634 1759 1820 1824 modo
1859 1759 2088 1840 incepit
2116 1758 2327 1821 audire
2351 1758 2674 1822 Missam...
2711 1760 2928 1841 postea
2967 1760 3114 1824 dum

651 1863 913 1939 audit...,
948 1865 1114 1928 ultro
1163 1866 1226 1927 et
1275 1865 1665 1927 advertenter
1710 1861 1872 1926 circa
1922 1861 2045 1924 alia
2091 1862 2297 1924 mente
2344 1860 2692 1945 divagetur,
2743 1861 2794 1924 si
2842 1880 2963 1925 non
3015 1862 3117 1926 ad·

650 1965 857 2028 vertat
890 1984 995 2046 per
1026 1966 1143 2029 hoc
1174 1964 1437 2029 distrahi
1473 1984 1507 2028 a
1540 1964 1755 2040 Missa,
1795 1962 2106 2027 satisfacit
2140 1964 2499 2044 praecepto,
2541 1963 2689 2044 quia
2727 1963 2827 2027 hic
2857 1983 2979 2028 non
3013 1983 3118 2028 vo-

650 2066 919 2129 luntarie
942 2064 1314 2130 distrahitur
1339 2086 1375 2129 a
1400 2066 1660 2130 Missa...
1682 2091 1740 2129 ».
1771 2066 1932 2130 Hinc
1955 2065 2298 2149 generatim
2324 2067 2577 2130 monent
2602 2066 2760 2143 DD.,
2787 2085 2909 2130 non
2938 2065 3118 2132 facile

652 2166 998 2252 arguendos
1046 2167 1119 2231 de
1166 2168 1344 2252 gravi
1375 2169 1557 2250 culpa
1586 2168 1798 2233 fideles
1832 2169 1909 2233 ob
1947 2167 2252 2232 defectum
2287 2168 2563 2231 internae
2595 2168 2979 2233 attentionis.
3015 2170 3115 2233 Ita

651 2271 714 2334 et
761 2269 935 2354 Gury
982 2290 1040 2333 n.
1082 2271 1232 2334 345.
1272 2271 1479 2353 Atque
1524 2271 1687 2334 idem
1728 2272 1788 2352 ξ.
1823 2271 1971 2333 347.
2023 2271 2201 2333 resol.
2241 2271 2331 2333 5.:
2389 2294 2422 2326 ‹<
2456 2268 2862 2334 Satisfeciunt
2910 2271 3114 2352 quoad

651 2373 1087 2449 substantiam,
1122 2392 1229 2437 seu
1258 2392 1293 2437 a
1317 2375 1495 2458 gravi
1520 2374 1701 2455 culpa
1726 2374 2116 2448 excusantur,
2153 2373 2261 2454 qui
2293 2371 2641 2436 voluntarie
2680 2372 3116 2438 distrahuntur

551 2527 554 2529 ,
651 2475 839 2539 etiam
880 2477 1017 2540 toto
1050 2477 1327 2558 tempore
1359 2477 1536 2554 sacri,
1564 2474 1747 2539 modo
1782 2476 1969 2538 simul
2001 2475 2361 2539 attendant:
2388 2476 2505 2539 hoc
2528 2475 2690 2539 enim
2721 2475 2854 2540 fieri
2886 2479 3112 2559 potest,

652 2579 704 2641 si
740 2578 1175 2643 distractiones
1214 2598 1335 2643 non
1368 2580 1496 2642 sint
1527 2578 1704 2643 valde
1753 2568 2162 2648 vehementes,
2207 2597 2348 2643 cum
2393 2578 2580 2642 homo
2629 2578 2818 2642 simul
2864 2580 2937 2644 de
2984 2581 3116 2664 plu·

649 2681 819 2744 ribus
852 2682 1052 2763 possit
1087 2680 1362 2765 cogitare
1395 2706 1455 2744 ».

746 2784 853 2846 De·
883 2784 1260 2847 dormitante
1306 2801 1451 2847 vero
1501 2784 1650 2847 haec
1680 2784 1870 2847 habet
1900 2803 1947 2848 S.
1983 2784 2204 2866 Alph.:
2253 2809 2289 2842 «
2323 2783 2387 2848 Si
2432 2788 2575 2868 post
2612 2786 2882 2850 debitam
2923 2787 3116 2850 inten-

649 2885 882 2949 tionem
919 2885 1137 2951 audiat
1173 2885 1492 2950 Sacrum...
1530 2906 1601 2949 ea
1634 2887 1999 2963 attentione,
2028 2906 2150 2968 qua
2183 2887 2405 2951 saltem
2440 2888 2726 2953 advertat
2770 2908 2894 2954 non
2929 2888 3116 2954 omit-

652 2990 782 3051 tere
817 2986 1115 3063 audire...,
1150 2987 1458 3053 satisfacit
1495 2990 1558 3052 et
1588 2990 1812 3052 saltem
1844 3007 1966 3053 non
1999 2993 2212 3071 peccat
2243 2991 2519 3073 graviter
2550 3016 2610 3054 ».

740 3087 917 3167 Quod
964 3092 1207 3171 spectat
1244 3090 1320 3153 ad
1359 3090 1909 3169 confabulationes,
1963 3091 2140 3155 aiunt
2187 3090 2490 3156 Salmant.
2540 3092 2616 3156 de
2654 3092 2882 3174 Sacris.
2920 3093 3111 3158 Miss.

650 3210 782 3272 cap.
820 3192 880 3253 6.
915 3211 975 3255 n.
1014 3192 1153 3256 50.:
1192 3190 1257 3256 Si
1303 3191 1725 3257 confabulatio
1774 3193 1858 3257 sit
1904 3192 2292 3257 discontinua
2332 3195 2394 3258 et
2431 3214 2537 3277 per
2568 3214 2827 3278 parvam
2873 3198 3115 3279 partem

650 3292 899 3368 Missae,
934 3298 1035 3357 vel
1066 3313 1188 3358 non
1221 3295 1294 3358 de
1327 3314 1392 3359 re
1425 3295 1603 3369 seria,
1644 3294 1746 3359 sed
1782 3295 1854 3358 de
1892 3296 2034 3372 levi,
2070 3315 2228 3378 quae
2259 3315 2384 3362 non
2417 3298 2675 3380 impedit
2707 3299 3117 3364 attentionem

650 3396 1080 3473 necessariam,
1115 3397 1218 3460 sed
1267 3397 1470 3460 solum
1516 3395 1668 3460 facit
1714 3398 2148 3475 remissiorem,
2198 3402 2572 3465 excusantur
2617 3419 2653 3465 a
2699 3402 2974 3480 mortali,
3007 3422 3114 3467 seu

652 3496 793 3560 aliis
824 3497 1029 3561 verbis
1056 3499 1344 3580 peccatur
1381 3499 1800 3574 irreverentia,
1835 3500 1940 3565 sed
1978 3501 2208 3566 satisfit
2239 3506 2585 3585 praecepto.

740 3601 1015 3665 Tandem
1062 3600 1134 3664 de
1183 3620 1252 3665 eo
1311 3601 1417 3684 qui
1479 3603 1725 3683 quaerit
1791 3604 2210 3689 eleemosynas
2273 3624 2379 3686 per
2439 3606 2777 3685 ecclesiam,
2826 3607 2979 3671 bene
3029 3608 3120 3672 ait

650 3702 900 3767 Lessins
923 3704 989 3766 in
1011 3704 1311 3768 Auctario
1336 3704 1411 3767 V.
1432 3703 1647 3769 Missa
1670 3724 1792 3771 caS.
1813 3708 1873 3769 4.
1901 3727 1961 3770 n.
1987 3709 2088 3770 10:
2111 3707 2226 3770 Est
2251 3724 2404 3788 opus
2429 3708 2576 3784 tale,
2603 3727 2744 3773 cum
2770 3728 2893 3790 quo
2920 3710 3117 3792 possit

651 3807 816 3867 stare
832 3806 1108 3869 attentio
1136 3806 1408 3870 confusa.
1431 3807 1603 3871 Adde
1627 3808 2152 3873 consuetudinem.
2180 3807 2262 3870 Et
2287 3811 2593 3874 consentit
2614 3829 2665 3875 s.
2683 3811 2867 3893 Alph.
2889 3832 2946 3875 n.
2963 3812 3112 3877 317.

647 3923 772 3969 non
799 3923 930 3969 esse
956 3907 1261 3975 actionem
1285 3908 1867 3992 incompossibilem.
1895 3907 2354 3974 Contemnenda
2377 3911 2575 3997 igitur
2596 3914 2936 3997 sophistica
2969 3935 3118 3997 quo·

647 4007 914 4073 rundam
952 4008 1159 4092 opinio
1193 4013 1524 4076 contraria.

761 4146 971 4199 xxxii.
1000 4148 1083 4200 10.
1112 4148 1427 4213 Praeceptum
1467 4146 1736 4200 audiendae
1764 4146 1936 4200 Missae
1975 4146 2204 4213 impletur
2230 4165 2537 4218 quocumque
2569 4150 2616 4205 in
2659 4154 2783 4217 loco,
2810 4152 2916 4207 sive
2942 4154 2991 4207 in
3031 4158 3116 4208 Pa·

645 4230 851 4284 rochiali
877 4238 960 4285 aut
983 4231 1266 4286 cathedrali
1305 4232 1409 4285 sive
1450 4232 1499 4285 in
1527 4230 1839 4295 Regiam-ium
1867 4231 2072 4285 ecclesia
2113 4232 2295 4287 sivein
2322 4235 2553 4290 oratoriis
2581 4236 2789 4303 privatis
2827 4238 2935 4293 sive
2976 4248 3112 4294 extra

646 4314 904 4371 ecclesiam
942 4315 1184 4377 audimur.
1226 4315 1368 4373 Ratio
1407 4325 1498 4379 est,
1534 4316 1647 4381 quia
1689 4315 1905 4369 Ecclesia
1949 4324 2133 4371 tantum
2176 4320 2474 4375 auditionem
2515 4322 2691 4376 Missae
2731 4324 2988 4391 praecipit,
3016 4340 3116 4379 non

646 4405 807 4453 autem
830 4402 1016 4465 locnm3
1042 4415 1159 4463 ergo
1186 4400 1363 4466 quovis
1390 4404 1498 4453 loco
1524 4400 1770 4467 impletur.
1799 4402 1907 4455 Tol.
1930 4405 1962 4455 Ι.
1987 4404 2035 4455 9.
2063 4419 2106 4457 c.
2131 4405 2182 4457 7.
2213 4408 2360 4469 Azor,
2386 4422 2430 4460 c.
2459 4410 2508 4462 6.
2531 4409 2683 4463 Rodr.
2703 4410 2830 4463 NaV.
2850 4409 2956 4464 Fili.
2980 4412 3114 4464 1¹25.

645 4497 689 4535 c.
715 4482 767 4533 7.
803 4482 922 4544 Nug.
949 4482 1070 4536 Con.
1100 4487 1218 4537 Bon.
1246 4487 1293 4537 d.
1325 4486 1371 4537 4.
1400 4499 1482 4550 qu.
1511 4488 1597 4538 ult.
1625 4500 1667 4537 c.
1696 4488 1782 4538 32.
1810 4501 1856 4540 n.
1886 4489 1933 4540 4.
1963 4494 2011 4541 et
2040 4490 2222 4555 plures.
2255 4492 2392 4558 Quae
2419 4476 2658 4557 doctrina,
2688 4492 2804 4548 licet
2831 4502 2969 4549 certa
2994 4494 3115 4548 satis

645 4566 724 4632 sit,
750 4566 1081 4636 nihilominus,
1109 4568 1219 4637 quia
1258 4575 1369 4637 post
1406 4584 1577 4629 omnes
1601 4586 1750 4639 supra
1777 4570 1954 4629 citatos
1981 4576 2284 4635 Auctoresa
2319 4579 2530 4642 quodam
2572 4580 2822 4645 meduno,
2853 4579 2963 4634 viro
2987 4580 3111 4635 alias
