3497 5147
372 337 520 413 [848]
968 350 1119 397 Qum
1156 350 1382 398 Qum‘ro
1422 351 1781 393 PRAEOBPTO
1818 354 2255 399 Pnomnna'run
2733 350 2839 404 625

365 451 492 513 sive
530 448 813 523 dacibus,
866 452 1163 527 tanquam
1208 445 1287 509 ab
1336 467 1403 508 co
1449 448 1677 511 missis.
1714 448 1792 512 ad
1828 450 2006 515 Rom.
2049 452 2227 517 XIII.
2266 454 2322 518 1.
2377 456 2596 521 Omnis
2621 461 2842 524 anima

352 550 774 634 potestatibus
819 548 1289 613 sublimioribus
1334 548 1588 613 subdita
1624 551 1712 613 sit
1726 571 1750 628 ‚·
1796 572 1925 616 non
1969 557 2066 617 est
2107 557 2572 637 enimpotestas
2619 563 2752 625 nisi
2797 584 2840 625 a

366 653 537 718 Deo:
586 674 744 733 quae
790 656 997 716 autem
1041 654 1209 727 sunt,
1258 673 1299 713 a
1344 650 1481 715 Deo
1529 653 1826 716 ordinata
1869 656 2314 740 sunt.(graeca
2370 660 2575 739 lectio,
2627 664 2728 726 cui
2775 667 2839 728 et

366 755 573 821 Biblia
605 773 862 820 romana
892 752 1287 831 concordant,
1319 755 1479 818 teste
1513 773 1549 818 a
1578 754 1833 837 Lapide,
1863 757 2078 821 habet:
2116 759 2286 839 Quae
2316 765 2525 825 autem
2559 768 2710 826 sunt
2726 784 2839 844 po-

371 860 639 931 testates·‚
671 860 824 920 sunt
865 876 908 919 a
945 854 1083 919 Deo
1130 856 1456 919 ordinatae
1502 875 1611 920 seu
1656 859 2046 935 constitutae,
2095 861 2418 927 nimirum:
2469 866 2833 947 potestateS,

367 980 524 1043 quae
570 961 636 1023 in
682 959 913 1024 mundo
953 960 1278 1037 exsistunt,
1313 958 1694 1024 constitutae
1725 963 1872 1025 sunt
1905 981 1941 1025 a
1979 963 2159 1047 Deo).
2200 964 2424 1047 Itaque
2459 968 2570 1048 qai
2595 969 2841 1032 resistit

354 1064 675 1143 potestati,
709 1061 839 1126 Dei
884 1062 1273 1126 ordinationi
1298 1061 1438 1143 (seu
1473 1062 1934 1146 constitutioni)
1965 1066 2244 1129 resistit:
2278 1068 2390 1147 qui
2431 1074 2639 1132 antem
2684 1072 2837 1135 resi·

366 1168 560 1242 stant,
607 1165 735 1245 ipsi
777 1163 903 1228 sibi
960 1163 1422 1226 damnationem
1476 1164 1875 1244 acquirunt...
1926 1166 2142 1247 Iqitar
2185 1170 2546 1233 necessitate
2598 1172 2838 1235 subditi

368 1272 556 1332 estote
587 1267 710 1352 (gr.
734 1271 1066 1348 propterea
1096 1285 1337 1329 necesse
1369 1270 1462 1329 est
1488 1266 1760 1351 subiici),
1796 1287 1922 1331 non
1954 1268 2153 1333 solum
2174 1275 2438 1351 propter
2466 1274 2634 1336 iram
2664 1274 2753 1355 (h.
2780 1294 2833 1338 e.

365 1372 618 1456 propter
641 1371 897 1448 malum,
927 1369 1092 1452 quod
1116 1369 1397 1452 princeps
1428 1368 1646 1432 vindex
1679 1369 1902 1434 inferre
1934 1371 2189 1456 potest),
2215 1374 2327 1437 sed
2356 1375 2546 1445 etiam
2573 1381 2836 1456 propter

370 1473 806 1537 conscientiam
836 1473 940 1555 (ut
970 1491 1187 1555 nempe
1210 1490 1420 1536 coram
1445 1472 1577 1536 Deo
1603 1473 1768 1535 recte
1794 1474 2232 1557 ambulemus).
2260 1475 2494 1541 Idcirco
2531 1477 2833 1561 obligatio

368 1577 464 1641 est
491 1577 556 1640 in
591 1575 965 1642 conscientia
997 1574 1251 1658 parendi
1281 1574 1581 1656 potestati
1615 1592 1650 1637 a
1682 1575 1815 1639 Deo
1856 1575 2174 1641 ordinatae
2206 1576 2464 1659 ideoque
2493 1578 2833 1663 legitimae,

368 1679 537 1744 nefas
585 1680 679 1744 est
725 1677 1021 1743 rebellare
1069 1679 1257 1759 atque
1304 1676 1606 1760 obligatio
1653 1677 1863 1761 gravis
1912 1680 2007 1741 est
2052 1698 2160 1760 per
2205 1698 2297 1743 se:
2348 1680 2525 1745 cuius
2575 1681 2834 1746 violatio

368 1781 830 1846 damnationem
877 1780 1166 1844 meretur.

458 1885 559 1949 Ita
595 1882 1023 1948 Catechismus
1059 1901 1355 1946 romanus
1388 1902 1445 1965 p.
1482 1882 1543 1944 3.
1578 1880 1653 1944 de
1685 1882 1745 1945 4.
1783 1882 2099 1947 Mandata
2132 1884 2190 1967 g.
2229 1885 2332 1949 15.
2368 1887 2700 1969 postquam
2734 1886 2838 1951 do-

369 1988 503 2052 cuit
547 1986 831 2052 colendos
880 2005 1011 2051 esse
1048 1985 1256 2050 debito
1288 1985 1519 2049 honore
1566 1986 1850 2067 parentes
1883 1985 1947 2049 et
1983 1987 2327 2068 superiores
2366 1987 2831 2067 ecclesiasticOS,

370 2089 608 2155 subdit:
649 2113 685 2148 «
716 2088 885 2153 Idem
910 2088 983 2152 de
1006 2088 1276 2173 regibuS,
1317 2087 1390 2151 de
1422 2086 1820 2170 principibus,
1855 2086 1928 2150 de
1953 2088 2430 2172 magistratibus
2463 2090 2528 2154 et
2556 2090 2831 2172 reliquis,

368 2211 635 2275 quorum
673 2191 971 2274 potestati
1003 2191 1385 2268 subiicimur,
1434 2189 1760 2254 dicendum
1808 2191 1919 2253 est.
1955 2188 2119 2253 Nam
2166 2191 2219 2254 si
2267 2192 2406 2273 quis
2455 2191 2542 2256 eis
2591 2193 2832 2256 cultum

368 2295 609 2370 tribuit,
643 2294 697 2358 is
745 2292 823 2358 ad
870 2294 1071 2357 Deum
1118 2292 1384 2356 refertur
1415 2293 1530 2356 etc.
1565 2316 1627 2355 ».

455 2399 616 2479 Quia
661 2418 807 2464 vero
858 2398 1158 2482 obligatio
1209 2396 1527 2461 obediendi
1573 2397 1875 2480 potestati
1920 2396 2061 2460 inde
2101 2396 2318 2473 oritur,
2353 2397 2520 2479 quod
2550 2394 2832 2482 princeps

367 2503 649 2568 minister
677 2503 794 2566 Dei
826 2503 923 2566 est
945 2501 1127 2565 Rom.
1154 2521 1206 2564 c.
1232 2499 1409 2563 XIII.
1437 2500 1498 2564 4.
1526 2501 1720 2584 patet,
1747 2498 1913 2582 quod
1938 2500 1992 2564 si
2016 2499 2293 2584 princeps
2319 2500 2468 2584 quid
2491 2502 2834 2586 praecipiat

367 2608 583 2671 contra
630 2605 745 2670 Dei
791 2606 1011 2690 legem,
1064 2603 1469 2669 obediendum
1515 2623 1636 2668 non
1684 2603 1796 2667 sit:
1847 2603 2092 2668 obedire
2138 2605 2298 2668 enim
2346 2605 2551 2688 mayis
2597 2609 2837 2685 oportet

368 2708 505 2774 Deo
530 2729 715 2791 quam
737 2707 1091 2772 hominibus
1113 2706 1251 2770 Act.
1280 2705 1355 2769 V.
1378 2706 1514 2770 29.:
1542 2707 2065 2788 quemadmodum
2087 2707 2387 2791 legitimis
2412 2708 2833 2791 potestatibus

365 2811 813 2895 responderunt
858 2810 1167 2893 Apostoli.
1201 2808 1236 2846 *
1851 2811 1863 2822 ‘

454 2913 730 2978 Tandem
780 2913 1028 2977 adverte
1074 2912 1560 2996 propositionem
1607 2911 1712 2975 63.
1755 2912 2111 2976 damnatam
2160 2911 2226 2976 in
2273 2910 2524 2997 Syllabo
2571 2913 2671 2978 Pii
2717 2912 2828 2978 IX.

374 3042 410 3076 «
435 3016 762 3102 Legitimis
793 3015 1172 3099 principibus
1206 3014 1619 3080 obedientiam
1651 3013 1990 3078 detrectare
2021 3013 2148 3080 imo
2175 3015 2239 3078 et
2267 3015 2563 3080 rebellare
2596 3016 2743 3080 licet
2766 3040 2828 3080 ».

456 3117 548 3184 cf.
584 3119 750 3184 dicta
782 3118 856 3182 de
887 3117 1164 3201 Leyibas
1193 3138 1252 3182 n.
1288 3117 1438 3181 241.
1472 3135 1597 3200 seq.

1387 3324 1679 3388 SEG'rm
1721 3324 1806 3388 V.

1210 3465 1294 3514 ns
1333 3462 1570 3530 Qumro
1606 3461 1980 3514 pnancspro

972 3627 1139 3708 Quid
1182 3626 1397 3708 quinto
1434 3627 1766 3704 praecepto
1798 3620 2231 3702 prohibeatur.

479 3792 512 3843 l.
541 3789 833 3844 Prohibetur
860 3788 1071 3842 hominis
1096 3787 1295 3851 occisiO,
1323 3785 1579 3846 mutilatio,
1608 3783 1883 3838 verberatio
1909 3783 2100 3850 aliaque
2127 3783 2299 3836 similis
2326 3782 2522 3838 afflictio
2546 3783 2744 3846 iniusta,
2769 3787 2831 3838 de

368 3890 462 3942 qua
501 3875 753 3943 quaeritur
788 3890 915 3942 quae
954 3880 1003 3928 et
1041 3876 1233 3940 quando
1272 3872 1334 3925 sit
1372 3872 1568 3925 iniusta.

461 3994 640 4069 848.
674 3998 1101 4080 Praeceptum,
1137 3998 1286 4061 utut
1330 3995 1616 4081 negative
1663 3993 1973 4070 efferatur,
2014 3992 2204 4058 habet
2234 3995 2442 4059 tamen
2475 3996 2666 4058 etiam
2699 4015 2834 4077 par-

370 4104 516 4180 tem,
552 4121 675 4183 qua
713 4099 976 4183 positive
1015 4098 1249 4179 aliquid
1287 4097 1606 4181 praecipit,
1642 4096 1736 4161 uti
1777 4097 1948 4178 patet
1987 4114 2059 4159 ex
2088 4115 2249 4179 resp.
2285 4098 2359 4159 2⁸
2390 4096 2534 4159 dub.
2569 4096 2619 4159 I.

457 4205 680 4286 Itaque
704 4202 1067 4285 prohibetur
1089 4199 1513 4273 homicidium,
1540 4198 1828 4263 videlicet
1850 4199 2085 4262 iniusta
2111 4199 2377 4264 hominis
2406 4198 2648 4263 occisio.
2675 4199 2708 4234 *
2735 4198 2831 4261 ln-

368 4305 612 4372 iustitia
659 4305 909 4388 quidem
956 4322 1078 4368 non
1123 4301 1477 4367 continetur
1523 4301 1585 4364 in
1632 4301 1767 4383 ipso
1815 4301 2061 4367 nomine
2108 4299 2444 4378 homicidii,
2494 4299 2599 4363 sed
2645 4299 2708 4363 in
2755 4320 2826 4366 eo

367 4408 530 4490 quod
557 4409 978 4492 prohibeatur.
1005 4405 1164 4470 Aliis
1189 4403 1419 4467 verbis:
1446 4402 1843 4466 honiicidz'um
1864 4403 2271 4486 grammatice
2303 4402 2622 4484 acceptum
2657 4421 2830 4485 prae·

367 4511 592 4575 scindit
616 4531 652 4575 a
676 4510 845 4574 iusta
870 4509 966 4574 vel
989 4508 1225 4573 iniusta-
1250 4503 1518 4569 hominis
1544 4504 1872 4579 occisione3
1899 4504 2219 4569 moraliter
2244 4504 2453 4568 autem
2480 4507 2822 4585 acceptum,

474 4650 513 4693 B
516 4663 760 4694 ιιιιιιιιι
790 4674 842 4682 -
871 4649 1040 4694 Horat.
1069 4648 1205 4691 Tom.
1235 4644 1302 4687 11.
2665 4643 2719 4684 40

1324 4731 1345 4752 -ι,
