3497 5147
344 382 455 462 [57]
574 397 657 437 AN
695 396 1053 445 Antoniusne
1090 395 1311 438 monn
1350 397 1650 440 Erramus
1686 399 1881 439 monn
1921 400 2133 441 valum
2174 400 2426 440 NEGARE
2463 401 2593 444 mo.
2737 388 2809 445 37

346 493 501 559 illud
549 512 674 558 non
721 493 1089 558 extendatur
1148 512 1393 576 quoque
1440 493 1514 557 ad
1564 496 2188 561 communicationem
2242 517 2382 561 cum
2414 498 2558 561 illis.
2607 499 2807 564 Nemo

342 597 629 676 deinceps
660 596 877 679 (verba
922 598 1071 660 sunt
1101 593 1610 660 Constitutionis:
1652 596 1767 659 Ad
1793 596 2210 682 Evitandam)
2227 603 2563 677 praetextu
2608 603 2809 667 cuius-

340 719 598 781 cumque
611 700 957 763 sententiae
983 701 1408 762 autcensurae
1431 698 1877 764 ecclesiastieae
1900 721 2009 764 seu
2031 703 2458 780 suspensionis
2470 708 2586 766 aut
2595 704 2808 783 prohi-

342 801 598 866 bitionis
625 801 707 865 ab
742 800 994 865 homine
1024 804 1140 863 aut
1164 822 1206 863 a
1236 802 1373 863 iure
1403 800 1783 882 ymeraliter
1806 803 2263 885 promulyatae,
2303 806 2584 868 teneatur
2620 806 2809 869 absti-

340 923 486 968 nere
512 903 609 967 vel
622 902 901 985 aliquem
916 904 1176 966 vitare...
1202 904 1335 966 nisi
1355 905 1683 979 sententia,
1694 903 2057 984 prohibitio,
2083 908 2407 984 suspensio
2425 906 2522 969 vel
2543 928 2806 973 censura

344 1009 702 1074 huiusmodi
727 1009 929 1089 fuerit
958 1010 1030 1073 in
1064 1008 1162 1073 vel
1191 1012 1408 1072 contra
1440 1030 1842 1089 personam...
1897 1034 1939 1074 a
1985 1010 2187 1074 iudice
2221 1011 2548 1091 publicata
2584 1014 2681 1078 vel
2710 1014 2807 1079 de-

340 1114 647 1177 nunciata
683 1111 1041 1193 specialiter
1076 1115 1139 1175 et
1166 1131 1469 1192 expresse.
1507 1111 1692 1176 Salvo
1738 1115 1799 1177 si
1843 1135 2022 1197 quem
2041 1135 2163 1194 pro
2194 1114 2504 1197 sacrileya
2548 1138 2808 1181 manum

338 1215 666 1279 iniectimae
697 1216 767 1277 in
810 1213 1121 1291 clericum,
1155 1214 1225 1277 in
1256 1216 1627 1278 sententiam
1660 1215 1855 1279 latam
1890 1238 1930 1279 a
1962 1236 2194 1279 canone
2217 1216 2369 1280 adeo
2401 1221 2639 1281 notorie
2670 1240 2807 1284 con-

340 1317 578 1382 stiterit
603 1316 930 1396 incidisse,
966 1316 1133 1398 quod
1156 1316 1390 1395 factum
1426 1337 1552 1380 non
1586 1319 1797 1397 possit
1828 1317 2045 1399 aliqua
2072 1319 2577 1400 tcrqz'vcrsatione
2613 1321 2808 1385 celari

346 1439 541 1501 neque
571 1418 702 1482 alio
733 1418 1044 1500 suffrayio
1083 1420 1391 1483 excusari.
1427 1419 1665 1484 Ultima
1704 1421 1891 1484 verba
1921 1422 2121 1501 (salvo
2155 1422 2301 1505 etc.)
2331 1421 2680 1487 referuntur
2726 1426 2804 1489 ab

345 1523 660 1586 Antonino
694 1523 755 1586 3.
792 1543 849 1606 p.
877 1522 984 1586 lib.
1015 1522 1119 1586 25.
1147 1541 1197 1585 c.
1226 1522 1322 1586 3.:
1350 1522 1417 1585 at
1446 1523 1813 1587 constitutio
1846 1523 2000 1605 ipsa,
2041 1524 2226 1604 prout
2257 1524 2488 1588 inserta
2520 1526 2614 1587 est
2647 1527 2800 1590 actis

341 1626 588 1693 concilii
610 1625 986 1691 Basileensis
1020 1627 1082 1689 et
1113 1624 1334 1689 Bullae
1371 1623 1595 1689 Leonis
1621 1624 1697 1688 X.
1725 1625 1790 1687 in
1821 1625 2078 1689 concilio
2104 1625 2474 1688 lateranensi
2507 1627 2570 1688 et
2594 1628 2802 1708 prouti

344 1729 537 1793 etiam
568 1748 705 1793 eam
735 1727 985 1813 legebat
1015 1726 1338 1791 Navarrus
1371 1726 1557 1789 Man.
1586 1746 1635 1789 c.
1666 1727 1770 1789 27.
1798 1746 1857 1789 n.
1887 1728 2014 1801 35„
2035 1726 2096 1788 in
2129 1727 2442 1808 postrema
2475 1728 2648 1808 parte
2679 1747 2800 1792 non

341 1831 625 1895 notorios
656 1830 1023 1894 clericorum
1055 1846 1465 1913 percussoreS‚
1500 1827 1604 1891 sed
1653 1846 1904 1911 prorsus
1939 1845 2147 1891 omnes
2185 1827 2426 1891 notorie
2459 1846 2802 1893 excommu-

346 1931 609 2008 nicatos,
654 1931 801 1995 licet
850 1949 975 1996 non
1032 1930 1434 1996 denunciatos
1487 1930 1878 2006 nominatim,
1928 1929 2213 1992 vitandos
2259 1930 2575 2012 praecipit.
2625 1931 2801 1995 Unde

340 2034 678 2117 Fagnanus
722 2034 793 2096 in
836 2053 887 2097 c.
948 2032 1129 2114 Quod
1153 2053 1195 2095 a
1214 2032 1710 2112 praedecessore,
1746 2030 1822 2094 de
1857 2029 2302 2105 Schismat‘e'ei&
2336 2032 2652 2095 contendit
2683 2033 2802 2097 evi-

336 2136 562 2201 tandos
609 2154 739 2201 esse
788 2155 1227 2218 quoscumque,
1277 2135 1385 2217 qui
1430 2134 1580 2199 facti
1627 2135 2003 2199 notorietate
2048 2136 2215 2199 certo
2247 2134 2696 2217 dignoscuntur
2733 2136 2797 2199 in

336 2239 1033 2304 excommunicationem
1055 2238 1358 2302 incidisse.
1376 2237 1462 2301 At
1483 2237 1546 2300 id
1570 2237 2012 2301 consuetudine
2034 2238 2349 2320 receptum
2372 2237 2576 2301 solum
2593 2237 2796 2319 quoad

333 2342 615 2406 notorios
639 2342 1005 2405 clericorum
1032 2358 1416 2423 percussores
1436 2339 1671 2422 (prouti
1693 2338 2061 2403 constitutio
2101 2338 2264 2401 edita
2291 2338 2534 2403 videtur
2556 2339 2617 2401 in
2644 2338 2798 2403 Con-

332 2442 657 2509 stantiensi
697 2442 975 2528 Synodo)
1008 2443 1137 2526 ipse
1186 2460 1433 2526 quoque
1479 2440 1799 2504 Navarrus
1830 2441 1872 2503 l.
1907 2459 1958 2504 c.
2001 2441 2288 2503 testatur.
2337 2440 2619 2521 Fagnani
2651 2461 2794 2506 vero

338 2546 544 2630 opinio
569 2546 985 2611 communiter
1008 2545 1236 2610 reiecta
1262 2546 1373 2622 est,
1402 2545 1475 2608 ut
1501 2544 1591 2607 ait
1614 2542 1984 2608 Benedictus
1999 2540 2174 2605 XIV.
2201 2540 2275 2604 de
2300 2540 2534 2624 Synod.
2564 2542 2667 2606 lib.
2692 2543 2791 2606 12.

332 2669 467 2732 cap.
502 2651 561 2712 5.
594 2670 655 2714 n.
691 2652 774 2728 4.,
812 2648 922 2731 qui
954 2646 1169 2712 deinde
1199 2647 1474 2730 plurium
1505 2646 1831 2710 doctorum
1863 2645 2157 2728 suffragio
2190 2644 2253 2707 id
2291 2646 2635 2709 confirmat.

428 2751 617 2815 Addit
649 2751 800 2815 ibid.
842 2748 1211 2814 Benedictus
1234 2748 1404 2812 XIV.
1430 2748 1656 2812 mirum
1684 2765 1814 2811 esse
1838 2746 2002 2829 quod
2027 2748 2185 2810 Acta
2210 2744 2468 2811 Concilii
2493 2744 2791 2812 Constan-

332 2854 549 2918 tiensis
579 2854 644 2917 in
667 2854 847 2918 nulla
872 2871 1124 2936 prorsus
1148 2850 1549 2914 conciliorum
1573 2848 1935 2913 collectione
1950 2848 2049 2911 vel
2071 2848 2394 2911 minimam
2417 2849 2792 2914 mentionem

326 2957 615 3023 iniiciant
644 2957 831 3021 huius
860 2952 1360 3020 constitutionis:
1395 2952 1572 3016 cuius
1604 2950 1857 3033 proinde
1887 2952 2024 3015 tota
2059 2951 2399 3015 auctoritas
2430 2951 2794 3016 desumatur

327 3081 403 3127 ex
432 3061 871 3127 testificatione
904 3080 952 3124 s,
989 3058 1308 3123 Antonini.
1347 3057 1582 3120 Verum
1613 3055 1780 3139 quod
1804 3056 1932 3138 ipse
1953 3074 2150 3137 neque
2178 3055 2342 3138 apud
2372 3054 2580 3119 Labbe
2597 3077 2791 3138 neque

327 3165 497 3247 apud
544 3183 665 3229 von
714 3164 819 3227 der
868 3162 1051 3237 Hert,
1090 3179 1286 3242 neque
1330 3160 1395 3223 in
1434 3157 1898 3242 Supplcmentis
1944 3156 2150 3221 Mansi
2194 3156 2440 3239 reperit,
2481 3158 2542 3220 id
2589 3159 2791 3242 reipsa

325 3266 617 3332 exstabat
662 3284 844 3349 penes
892 3261 1287 3328 Harduinum
1318 3260 1500 3325 Conc.
1536 3262 1687 3324 tom.
1739 3261 1800 3323 8.
1850 3260 1965 3323 col.
2017 3260 2165 3322 892.
2217 3259 2266 3321 E
2315 3279 2437 3341 quo
2487 3260 2677 3324 ctiam
2726 3261 2788 3324 in

324 3368 787 3452 amplissimam
844 3385 1071 3430 novam
1126 3362 1541 3428 Conciliorum
1588 3362 2013 3427 collectionem
2061 3363 2211 3427 tom.
2265 3363 2369 3425 27.
2421 3363 2535 3427 col.
2595 3364 2784 3426 1189.

321 3470 547 3536 deinde
578 3470 893 3552 receptum
926 3469 1038 3532 est.

413 3572 715 3654 Quocirca
752 3571 817 3635 in
847 3590 913 3635 re
952 3568 1209 3654 profana
1241 3570 1303 3633 et
1334 3567 1503 3632 civili
1533 3567 1678 3631 licet
1725 3568 1888 3630 certe
1935 3565 2288 3629 christianis
2337 3566 2789 3629 communicare

326 3695 471 3740 cum
506 3673 825 3740 haeretico
863 3671 1162 3755 quolibet,
1198 3670 1305 3753 qui
1337 3689 1458 3734 non
1491 3670 1575 3733 sit
1605 3687 1711 3752 per
1750 3667 2119 3731 sententiam
2159 3665 2380 3729 iudicis
2418 3666 2788 3731 nominatim

331 3776 757 3842 denunciatus·

415 3881 513 3944 An
557 3879 712 3944 satis
759 3879 844 3943 sit
890 3876 1054 3960 quod
1101 3877 1401 3957 tanquam
1448 3873 1794 3937 haereticus
1841 3870 2257 3948 denuntietur,
2308 3889 2386 3935 an
2432 3871 2788 3952 requiratur

328 3983 581 4067 insuper
612 3979 776 4064 quod
808 3998 1065 4044 censura
1097 3977 1230 4061 ipsa
1262 3974 1910 4041 excommunicationis
1934 3972 2366 4057 promulgetur
2398 3991 2432 4036 a
2465 3972 2684 4045 iudice,
2714 3974 2788 4037 ut

318 4086 426 4150 ille
457 4084 751 4149 vitandus
797 4081 901 4160 sit,
944 4080 1270 4164 disputant
1298 4077 1609 4162 theologi:
1651 4078 1926 4140 affirmat
1961 4075 2230 4158 primum
2266 4073 2492 4138 Suarez
2527 4073 2602 4136 de
2634 4073 2788 4137 Cen-

318 4189 493 4252 suris
524 4184 946 4269 disputatione
975 4183 1076 4247 11.
1103 4183 1250 4247 sect.
1279 4184 1338 4244 2.
1366 4200 1424 4244 n.
1463 4182 1564 4244 10.
1592 4181 1654 4243 et
1678 4179 1833 4261 disp.
1862 4178 1966 4240 21.
1994 4178 2139 4240 sect.
2176 4177 2236 4238 3.
2278 4195 2336 4239 n.
2374 4177 2433 4239 8.
2458 4197 2472 4240 ε
2501 4177 2787 4257 quamvis

324 4291 439 4355 hoc
472 4290 669 4354 altero
701 4288 766 4352 in
796 4286 931 4351 loco
968 4284 1347 4369 probabilem
1380 4282 1673 4347 concedat
1709 4280 1972 4344 alteram
2010 4278 2399 4343 sententiam.
2445 4278 2631 4343 Ratio
2666 4281 2779 4359 est,

322 4393 470 4474 quia
507 4408 652 4455 cum
697 4389 761 4452 in
809 4388 1080 4471 aliquem
1125 4386 1321 4450 fertur
1366 4384 1673 4449 sententia
1717 4381 2126 4446 declaratoria
2175 4380 2468 4457 criminiS‚
2505 4381 2606 4444 cui
2651 4381 2787 4444 iure

323 4495 457 4578 ipso
496 4511 690 4575 eoque
722 4494 888 4555 certo
922 4491 985 4553 et
1017 4487 1367 4553 indubitato
1403 4505 1635 4551 annexa
1668 4487 1764 4549 est
1795 4482 2368 4555 excommunicatio,
2409 4484 2558 4545 tunc
2590 4482 2649 4544 id
2683 4501 2783 4564 pe—

323 4596 493 4662 rinde
541 4599 637 4660 est
684 4613 755 4658 ac
801 4593 1114 4658 declarare
1160 4590 1341 4654 illum
1388 4591 1451 4653 et
1497 4586 1879 4652 commisisse
1924 4585 2051 4648 tale
2097 4584 2325 4647 crimen
2373 4584 2437 4646 et
2476 4582 2786 4645 declarare
