3497 5147
652 342 759 397 756
830 351 1043 394 ‘mxc-r.
1067 351 1148 393 w.
1178 349 1339 392 sacr.
1366 350 1447 392 v1.
1466 350 1552 390 nn
1577 347 1770 389 sax-ro
1788 348 1867 388 m·
1883 344 2047 388 nono
2071 344 2289 387 raam.
2308 342 2640 387 03033001.
2659 342 2802 384 nun.
2821 342 2887 382 11.
2926 326 3110 403 [1028]

737 449 1001 514 Constat
1032 447 1197 530 quod
1229 447 1471 511 malitia
1503 446 1776 510 incestus
1807 445 1872 509 et
1899 444 1963 508 in
1990 443 2232 508 actibus
2265 441 2640 525 imperfectis
2664 440 2880 505 haberi
2903 441 3112 523 potest

648 556 835 634 atque
866 553 1073 634 potest
1119 550 1388 613 incestus
1436 547 1628 612 simul
1674 567 1804 612 0330
1836 565 1979 610 cum
2026 545 2166 609 aliis
2203 544 2472 628 peccatis
2507 543 2792 609 luxuriae
2829 561 3114 607 consum-

649 653 858 728 matiS,
901 651 1211 726 adulterii,
1254 650 1473 734 stupri,
1507 650 1824 716 sodomiae
1859 650 1974 713 etc.

756 793 893 846 XXl.
922 795 968 845 6.
1001 790 1318 854 saerilegium
1358 795 1450 844 boc
1488 798 1564 844 est
1603 790 1805 843 violatio
1841 788 1912 843 rei
1951 804 2119 844 sacrae
2158 805 2246 857 per
2283 796 2444 843 actum
2484 801 2763 842 venereum.
2812 791 2909 841 Res
2950 796 3110 841 autem

647 890 827 938 sacrae,
854 890 980 940 quae
1016 875 1088 928 sic
1123 875 1384 937 violantur,
1411 881 1524 927 sunt
1560 880 1700 927 locus
1736 881 1787 928 et
1826 889 2047 941 persona.
2076 876 2217 930 Unde
2255 874 2559 938 saa-ilegium
2597 879 2673 927 est
2715 876 2764 927 l.
2791 873 2950 926 omnis
2975 880 3114 926 actus

645 959 933 1015 luxuriosus
957 959 1178 1014 exterior
1200 956 1384 1029 (qualis
1408 959 1555 1012 etiam
1578 967 1654 1013 est
1681 974 1729 1010 v.
1757 972 1830 1023 gr.
1857 959 2066 1025 pollutio
2093 966 2143 1013 et
2168 958 2488 1026 probabiliter
2513 958 2658 1013 etiam
2686 965 2848 1012 taetus
2871 957 3112 1024 impudici

648 1060 696 1098 v.
724 1048 844 1109 Lug.
873 1061 919 1099 n.
948 1044 1092 1114 464.)
1115 1045 1164 1098 in
1204 1049 1311 1098 loeo
1348 1059 1507 1108 sacro,
1538 1049 1631 1098 boc
1667 1052 1743 1098 est
1782 1046 1965 1112 templo
2004 1047 2082 1097 vel
2120 1044 2447 1107 coemeterio;
2474 1043 2567 1099 nisi
2594 1052 2753 1100 tamen
2784 1047 2868 1098 flat
2892 1058 2917 1096 a
2944 1042 3109 1097 eoniu-

648 1130 791 1195 gibus
828 1145 888 1182 ex
928 1127 1234 1190 necessitate,
1264 1143 1310 1182 v.
1337 1143 1409 1192 gr.
1437 1131 1493 1180 ad
1524 1128 1769 1181 vitandam
1809 1127 2232 1183 incontinentiam:
2264 1133 2313 1183 2.
2347 1129 2507 1183 omnis
2532 1137 2672 1183 actus
2698 1128 2983 1183 luxuriosus
3012 1135 3110 1180 tam

647 1214 872 1276 interior,
912 1227 1052 1278 quam
1091 1212 1309 1265 exterior
1347 1212 1395 1266 in
1436 1227 1659 1279 persona,
1700 1215 1778 1265 vel
1816 1227 1925 1266 eum
1965 1227 2171 1279 persona
2211 1221 2327 1267 voto
2365 1212 2606 1267 castitatis
2648 1221 2961 1277 consecrata;
2988 1212 3113 1266 eirca

648 1312 792 1364 quem
820 1305 977 1350 tamen
1007 1296 1261 1363 probabile
1297 1302 1388 1361 est,
1414 1312 1508 1349 non
1546 1312 1671 1363 opus
1707 1311 1817 1350 esse
1856 1296 2147 1363 exprimere,
2180 1304 2343 1351 utrum
2382 1297 2528 1351 luerit
2567 1303 2734 1350 votnm
2763 1300 3015 1359 sollemne,
3044 1311 3108 1349 an

651 1382 887 1449 simplex:
915 1380 1059 1435 sicuti
1085 1395 1260 1447 neque,
1281 1381 1322 1433 si
1347 1380 1529 1447 duplici
1554 1380 1699 1434 titulo
1725 1380 1791 1434 sit
1817 1386 2025 1446 saerata,
2047 1395 2096 1434 v.
2115 1395 2190 1445 gr.
2217 1381 2328 1447 quia
2354 1388 2430 1435 est
2456 1384 2701 1435 Sacerdos
2725 1389 2775 1435 et
2801 1381 3103 1445 Religiosus;

649 1466 764 1535 quia
801 1466 1053 1520 moraliter
1090 1473 1164 1519 est
1204 1480 1298 1520 una
1339 1480 1541 1520 numero
1579 1464 1778 1519 malitia.
1805 1468 2023 1519 Sanebez
2064 1464 2131 1519 dc
2167 1467 2335 1521 Matr.
2365 1468 2396 1518 Ι.
2422 1466 2474 1518 7.
2500 1467 2549 1518 d.
2576 1466 2661 1518 27.
2689 1480 2736 1519 n.
2766 1465 2851 1517 27.
2880 1467 3031 1519 fleur.
3066 1472 3118 1517 et

650 1551 820 1615 ceteri,
844 1567 970 1617 quos
1006 1551 1121 1605 citat
1150 1551 1289 1603 Dian.
1314 1558 1364 1605 et
1400 1549 1619 1616 sequitur
1645 1565 1692 1617 p.
1727 1552 1771 1604 l.
1806 1556 1839 1603 t.
1865 1551 1915 1602 7.
1945 1564 1984 1603 r.
2012 1552 2061 1604 3.
2091 1552 2153 1602 V.
2178 1549 2292 1603 Car.
2319 1552 2471 1613 Lugo,
2501 1551 2551 1602 d.
2593 1552 2676 1603 ⁴6.
2704 1548 2769 1604 de
2793 1551 2969 1603 Poen.
2996 1564 3038 1602 3.
3066 1549 3118 1604 4.

654 1639 771 1690 Bon.
803 1652 850 1703 q.
878 1637 925 1689 4.
954 1651 1000 1702 p.
1032 1636 1113 1688 l7.
1140 1639 1249 1688 Ese.
1272 1649 1316 1688 e.
1347 1637 1393 1688 8.

745 1768 954 1843 1023.
995 1798 1030 1830 «
1062 1772 1357 1847 Luxuria,
1397 1771 1731 1835 secundum
1764 1771 1929 1853 quod
1954 1769 2152 1835 violat
2184 1770 2419 1852 aliquid
2451 1769 2529 1833 ad
2553 1768 2837 1833 divinum
2868 1769 3114 1833 cultum

651 1876 987 1958 pertinens,
1021 1874 1291 1958 pertinet
1329 1874 1405 1937 ad
1431 1873 1693 1956 speciem
1726 1873 2038 1956 sacrilegii
2067 1875 2150 1945 et,
2190 1873 2525 1937 secundum
2548 1872 2685 1949 hoc,
2719 1871 3120 1956 sacrilegium

655 1979 866 2060 potest
898 1977 1040 2057 poni
1074 1976 1302 2058 speeies
1340 1976 1620 2040 luxuriae
1654 2002 1715 2039 ».
1745 1974 1806 2038 S.
1834 1974 1948 2038 Th.
1975 1994 2034 2057 q.
2049 1974 2155 2039 cit.
2184 1994 2239 2038 a.
2278 1976 2380 2039 10.
2416 1974 2951 2054 Quemadmodum
2973 1993 3120 2039 vere

654 2078 719 2142 in
758 2076 896 2140 aliis
935 2076 1249 2157 speciebus
1280 2076 1581 2154 luxuriae,
1617 2077 1930 2153 adulterii,
1969 2077 2192 2159 stupri,
2224 2077 2515 2155 incestus,
2555 2077 2638 2155 id,
2673 2097 2782 2161 per
2810 2077 2975 2159 quod
3008 2077 3124 2142 dis·

654 2181 879 2257 ferunt,
921 2182 1015 2245 est
1052 2179 1521 2244 circumstantia
1568 2180 1872 2255 luxuriae,
1912 2198 2070 2260 quae
2115 2178 2488 2264 (generatim
2529 2180 2782 2262 saltem)
2813 2180 2879 2243 in
2917 2179 2996 2244 iis
3046 2181 3122 2243 ut

653 2282 793 2348 finis
832 2282 1210 2347 intenditur:
1244 2282 1337 2345 ita
1374 2283 1438 2346 et
1468 2283 1603 2347 heic
1634 2281 1896 2347 violatio
1929 2281 2192 2346 alicuius
2240 2281 2318 2345 ad
2349 2281 2629 2346 divinum
2662 2282 2902 2346 cultum
2936 2283 3127 2364 perti-

653 2385 876 2463 nentiS,
911 2384 1381 2449 circumstantia
1412 2385 1508 2449 est
1537 2384 1838 2460 luxuriae,
1878 2401 2039 2464 quae
2070 2401 2177 2465 per
2207 2401 2273 2447 se
2304 2383 2667 2447 intenditur.

745 2485 903 2550 Cum
926 2487 1152 2569 triplex
1176 2486 1260 2550 sit
1284 2485 1698 2568 sacrilegium,
1726 2485 1909 2562 reale,
1942 2485 2283 2567 personale,
2307 2485 2503 2550 locale
2527 2484 2632 2566 (cf.
2668 2504 2836 2569 supr.
2864 2485 3026 2550 Sect.
3056 2487 3119 2551 1.

657 2610 711 2655 c.
748 2593 809 2654 2.
846 2611 904 2654 11.
941 2591 1155 2671 383.):
1192 2588 1586 2672 sacrilegium
1616 2588 1918 2663 luxuriae,
1952 2606 2061 2652 seu
2089 2588 2338 2652 luxuria
2369 2589 2670 2673 sacrilega
2704 2607 2827 2653 non
2861 2590 2981 2654 nisi
3012 2590 3124 2654 du·

658 2696 795 2778 plex
822 2713 953 2759 esse
990 2712 1167 2775 posse
1199 2691 1464 2767 videtur,
1504 2691 1846 2774 personalis
1871 2691 1968 2755 vel
2003 2691 2241 2770 1003113,
2277 2693 2352 2756 ut
2380 2692 2572 2755 habet
2600 2692 2676 2756 A.
2712 2691 2930 2758 Potest
2954 2693 3123 2758 enim

658 2797 932 2881 profecto
965 2797 1105 2878 quis
1138 2794 1314 2860 abuti
1346 2813 1410 2858 re
1435 2813 1609 2859 sacra
1643 2794 1721 2858 ad
1753 2794 1938 2858 finem
1968 2794 2277 2858 luxuriae:
2313 2794 2418 2858 sed
2446 2795 2554 2859 ille
2585 2794 2817 2860 abusus
2853 2815 2978 2861 non
3002 2797 3125 2862 erit

660 2898 1128 2963 circumstantia
1161 2897 1443 2962 luxuriae
1476 2916 1584 2961 nec
1609 2896 1940 2961 habebitur
1969 2895 2214 2960 luxuria
2238 2896 2560 2981 sacrilega,
2586 2897 2692 2962 sed
2723 2899 3123 2983 sacrilegium

661 3003 725 3068 et
768 3003 1032 3079 luxuria,
1083 3006 1157 3067 ut
1205 3004 1255 3066 si
1305 3004 1444 3085 quis
1493 3002 1668 3066 daret
1714 3020 1845 3066 rem
1891 3019 2152 3079 sacram,
2191 3004 2346 3084 puta
2391 3003 2707 3084 reliquias,
2746 3002 2810 3069 in
2850 3005 3124 3087 pretium

660 3106 899 3188 peccati
928 3106 1149 3188 turpis.
1192 3103 1282 3169 Cf.
1320 3124 1367 3168 s.
1402 3104 1586 3186 Alph.
1620 3124 1680 3167 n.
1717 3103 1867 3167 463.

752 3207 1195 3283 Nihilominus,
1245 3207 1393 3289 quia
1447 3229 1481 3264 «
1515 3224 1691 3269 omne
1737 3205 1916 3283 illud,
1955 3206 2119 3289 quod
2153 3207 2230 3271 ad
2276 3206 2741 3272 irreverentiam
2773 3225 2982 3273 rerum
3031 3227 3127 3273 sa·

664 3327 909 3373 crarum
942 3310 1228 3392 pertinet,
1269 3309 1345 3372 ad
1383 3307 1674 3371 iniuriam
1713 3308 1828 3371 Dei
1860 3309 2127 3390 pertinet
2157 3311 2221 3374 et
2249 3308 2440 3373 habet
2471 3308 2783 3393 sacrilegii
2813 3310 3122 3376 rationem

666 3412 726 3475 2.
763 3412 822 3475 2.
864 3431 921 3493 q.
958 3413 1063 3475 99.
1105 3430 1162 3473 a.
1204 3411 1259 3473 1.
1294 3433 1370 3484 »ς
1410 3408 1714 3490 quaedam
1738 3409 1930 3474 etiam
1970 3411 2199 3494 species
2235 3411 2517 3476 luxuriae
2554 3411 2892 3497 sacrilegae
2938 3414 3125 3478 sacri-

660 3514 825 3598 legio
874 3513 1025 3576 reali
1071 3514 1312 3593 reperta
1360 3513 1471 3575 est.
1522 3509 1614 3575 Cf.
1648 3510 1951 3578 Salmant.
2001 3513 2065 3577 in
2113 3513 2173 3578 6.
2207 3512 2436 3578 Praec.
2471 3533 2523 3577 c.
2575 3514 2635 3577 6.
2677 3533 2737 3580 n.
2772 3514 2878 3578 36.
2927 3535 3126 3598 seqq„

661 3633 928 3698 quorum
952 3613 1229 3696 exempla
1254 3613 1653 3697 proferemuS.
1691 3612 1849 3680 Sane
1875 3615 1927 3679 si
1958 3616 2096 3697 quis
2128 3616 2347 3680 statim
2372 3617 2670 3701 arecepta
2686 3619 3122 3684 communione

664 3737 727 3783 se
758 3716 1109 3782 voluntarie
1140 3716 1368 3800 polluit
1392 3719 1504 3781 aut
1533 3716 1894 3793 fornicatur,
1929 3717 2393 3783 irreverentiam
2425 3718 2708 3786 admittit
2734 3740 2883 3807 erga
2906 3739 2988 3788 ss.
3017 3720 3127 3787 Sa-

665 3821 1069 3896 cramentum,
1096 3818 1258 3901 quod
1276 3820 1446 3883 intus
1463 3819 1644 3903 gerit.
1672 3817 2187 3884 Salmanticenses
2212 3820 2408 3898 aiunt,
2436 3821 2602 3903 quod
2625 3822 2680 3886 si
2710 3823 2774 3886 id
2798 3825 3132 3909 contingat

665 3923 808 4004 post
830 3920 1220 3985 dimidiatam
1243 3922 1463 3986 horam
1488 3924 1600 3985 aut
1623 3922 1811 4003 paulo
1838 3924 2000 3999 ante,
2026 3940 2150 4005 quo
2177 3923 2452 4004 tempore
2474 3924 2746 3988 creditur
2767 3926 3124 4007 prudenter,

666 4023 894 4108 species
926 4025 1403 4088 sacramentales
1435 4042 1566 4089 esse
1612 4026 2012 4107 consumptas
2059 4023 2293 4106 (quoad
2323 4025 2663 4107 particulas
2696 4027 2861 4110 apud
2899 4047 3012 4093 nos
3059 4029 3126 4093 in

668 4146 786 4192 usu
832 4126 1015 4211 longe
1063 4126 1308 4190 brevius
1355 4129 1600 4208 tempus
1648 4130 1802 4207 puto
1849 4126 2176 4210 sufficere),
2227 4127 2353 4191 iam
2400 4146 2521 4193 non
2553 4129 2673 4194 erit
2703 4131 3130 4215 sacrilegium,

667 4248 856 4311 quam
887 4228 1260 4292 sententiam
1284 4226 1547 4291 referens
1580 4246 1628 4291 s.
1664 4226 1850 4309 Alph.
1885 4248 1943 4291 n.
1978 4229 2153 4306 463„
2187 4229 2389 4294 brevis
2419 4249 2550 4296 esse
2573 4232 2884 4309 laboranS,
2913 4234 3130 4299 obseu-

665 4350 772 4395 rus
803 4330 1005 4395 factus
1044 4332 1164 4406 est;
1206 4328 1324 4392 nisi
1350 4330 1433 4393 sit
1462 4327 1756 4392 mendum
1793 4330 1856 4392 et
1885 4329 2022 4395 loco
2062 4331 2318 4396 alterius
2337 4338 2490 4413 post
2518 4333 2908 4400 scribendum
2932 4335 3125 4401 fuerit

668 4434 863 4504 intra,
888 4432 1053 4494 intra
1089 4432 1362 4514 spatium
1395 4449 1611 4511 nempe
1636 4430 1979 4496 semihorae
2012 4451 2048 4497 a
2085 4435 2534 4500 communione.
2572 4436 2730 4500 Item
2767 4436 2821 4501 si
2852 4437 2992 4518 quis
3024 4456 3131 4521 ge-

668 4535 841 4597 stans
865 4549 1106 4594 sacram
1130 4530 1606 4608 Eucharistiam,
1634 4550 1697 4594 30
1722 4533 2070 4597 voluntarie
2094 4535 2340 4616 polluit,
2367 4536 2422 4600 si
2445 4536 2583 4618 quis
2606 4555 2850 4603 sacrum
2873 4537 3136 4618 facisne,
