3497 5147
712 360 783 413 66
964 369 1177 411 maner.
1219 370 1274 409 v.
1316 366 1482 409 anor.
1519 367 1558 405 1.
1598 366 1684 404 mn
1717 361 2096 405 mancum-18
2132 362 2320 402 mor-11.
2361 361 2495 402 oar.
2534 364 2615 403 iv.
2653 363 2795 403 Dua.
2836 362 2925 404 111.
3070 346 3180 422 [94]

806 465 941 528 Imo
966 460 1408 543 consequenter
1434 457 1511 523 ad
1535 457 1697 522 idem
1721 456 2094 539 principium
2125 453 2303 539 Lugo
2329 454 2475 519 ibid.
2511 476 2610 519 nn.
2648 456 2797 518 200.
2835 456 2985 519 201.
3012 456 3179 521 facta

715 563 1046 652 hypothesi
1083 563 1156 626 (le
1197 561 1445 626 homine
1492 559 1905 634 existimante,
1938 557 2096 621 nulli
2143 557 2430 621 ecclesiae
2477 576 2607 621 esse
2652 557 3041 635 credendum,
3076 557 3180 622 sed

716 669 836 734 soli
881 665 1131 750 spiritui
1178 664 1444 748 privato,
1478 661 1703 725 merito
1753 661 1983 724 statuit
2028 659 2194 741 quod
2226 660 2345 737 hic,
2379 659 2529 723 dum
2566 680 2639 724 ex
2668 660 2965 743 culpabili
3010 661 3183 745 igno-

715 768 924 836 rantia
954 768 1155 831 reiicit
1189 784 1433 830 omnem
1469 764 1778 827 Ecclesiae
1804 762 2264 838 auctoritatem,
2300 762 2563 826 infidelis
2588 763 2838 845 quidem
2878 765 2942 827 et
2978 764 3184 828 haere-

716 874 880 938 ticus
906 870 1042 943 erit,
1064 870 1117 933 si
1134 868 1362 932 habeat
1383 866 1628 931 firmam
1653 866 2046 930 voluntatem
2068 884 2191 929 non
2217 864 2514 941 credendi,
2543 864 2790 928 etiamsi
2807 864 3184 930 sufficienter

717 974 993 1042 eiusdem
1024 972 1332 1036 Ecclesiae
1366 968 1709 1033 auctoritas
1741 967 1806 1031 in
1841 966 2182 1031 definiendo
2216 966 2628 1031 infallibiliter
2656 966 2732 1030 de
2762 965 2880 1031 fide
2904 967 3025 1051 ipsi
3049 985 3186 1051 pro-

720 1079 1071 1163 poneretur.
1091 1075 1176 1138 At
1200 1075 1253 1138 si
1285 1075 1407 1138 iste
1432 1092 1555 1136 non
1581 1072 1836 1136 haberet
1859 1089 1998 1133 eam
2022 1070 2255 1134 malam
2277 1070 2670 1135 voluntatem
2692 1070 3183 1135 conditionatam

719 1200 842 1246 non
891 1176 1173 1243 credendi
1204 1176 1511 1241 Ecclesiae
1549 1174 1740 1238 etiam
1787 1172 2164 1237 sufficienter
2193 1191 2325 1236 rem
2356 1172 2744 1256 proponenti,
2792 1173 2898 1237 sed
2931 1173 3183 1238 haberet

719 1283 1113 1348 voluntatem
1150 1278 1564 1343 universalem
1602 1275 1883 1340 credendi
1907 1276 2060 1351 De0‚
2100 1276 2346 1356 quoties
2378 1276 2510 1339 eius
2539 1276 2838 1340 revelatio
2872 1278 3033 1341 esset
3064 1277 3184 1341 evi-

718 1386 936 1450 denter
979 1381 1320 1458 credibilis3
1372 1379 1619 1444 etiamsi
1667 1397 1776 1461 per
1805 1376 2229 1461 ignorantiam
2265 1377 2442 1441 illam
2474 1377 2846 1460 culpabilem
2891 1377 3181 1457 crederet,

719 1489 923 1552 Deum
953 1504 1074 1549 non
1110 1502 1288 1567 posse
1318 1500 1596 1565 unquam
1628 1500 1735 1563 per
1766 1480 2105 1544 Ecclesiam
2133 1480 2309 1562 loqui
2340 1482 2403 1543 et
2434 1479 2570 1544 ideo
2615 1480 2871 1546 haberet
2901 1481 3184 1546 volunta-

718 1590 847 1655 tem
878 1588 1235 1653 absolutam
1274 1604 1396 1650 non
1429 1582 1710 1649 credendi
1740 1582 1815 1647 de
1847 1582 2011 1647 facto
2045 1582 2438 1661 Ecclesiae...‚
2481 1582 2684 1647 adhuc
2706 1584 2892 1648 homo
2925 1585 3030 1649 ille
3061 1605 3184 1651 non

716 1694 879 1757 esset
926 1690 1169 1773 proprie
1214 1688 1480 1751 infidelis
1528 1705 1724 1768 neque
1770 1686 2139 1749 haereticus.
2187 1682 2549 1750 Catholicus
2597 1688 2809 1750 autem
2854 1705 2977 1751 non
3025 1689 3186 1753 esset

718 1791 1010 1858 dicendus
1059 1791 1309 1856 omnino
1358 1789 1670 1865 absolute3
1720 1789 1932 1871 posset
1979 1789 2191 1851 tamen
2222 1787 2343 1851 dici
2380 1787 2724 1852 catholicus
2759 1791 2938 1870 quasi
2984 1791 3186 1856 condi-

716 1896 976 1960 tionate.
1027 1893 1165 1958 Non
1215 1894 1425 1975 posset
1473 1890 1593 1955 dici
1639 1892 1983 1955 catholicus
2032 1890 2349 1967 absolute;
2401 1890 2548 1972 quia
2598 1891 2954 1955 absolutam
3000 1893 3185 1959 habet

717 1996 1112 2061 voluntatem
1145 2013 1465 2075 nunquam
1502 1993 1784 2057 credendi
1816 1993 2143 2057 Ecclesiae.
2178 1993 2398 2057 Posset
2428 1994 2548 2057 dici
2594 1994 2938 2059 catholicus
2985 1997 3186 2062 condi·
3219 2074 3226 2081 θ

719 2099 991 2173 tionate3
1042 2097 1189 2178 quia
1222 2096 1286 2159 in
1324 2095 1650 2159 voluntate
1682 2093 1792 2157 illa
1840 2095 2073 2158 efficaci
2110 2094 2214 2177 (ut
2244 2097 2680 2182 supponimus)
2712 2098 2994 2163 credendi
3033 2100 3180 2177 Deo,

719 2200 965 2283 quoties
1011 2199 1311 2263 revelatio
1359 2197 1737 2262 sufficienter
1774 2198 1936 2261 esset
1967 2197 2295 2275 credibilis,
2330 2201 2683 2264 continetur
2716 2202 3015 2285 implicite
3049 2222 3185 2268 con·

720 2302 1030 2366 ditionata
1079 2301 1372 2365 voluntas
1418 2299 1699 2365 credendi
1746 2299 2073 2377 Ecclesiae,
2131 2301 2184 2365 si
2238 2302 2615 2366 sufficienter
2660 2303 2792 2367 eius
2841 2292 3182 2370 auctoritas

721 2407 1167 2490 proponeretur
1198 2404 1317 2487 ipsi
1365 2403 1460 2467 uti
1510 2422 1546 2467 a
1593 2404 1723 2467 Deo
1772 2401 2065 2467 revelata.

810 2509 1090 2591 Denique
1113 2508 1231 2572 hoc
1260 2508 1469 2591 ipsum
1501 2506 1623 2570 dici
1653 2506 1726 2569 de
1752 2524 1823 2570 eo
1857 2506 2084 2589 posset,
2116 2504 2223 2588 qui
2259 2506 2336 2570 ob
2367 2505 2739 2590 culpabilem
2763 2508 3182 2595 ignorantiam

719 2632 841 2678 non
874 2612 1057 2678 modo
1076 2611 1348 2676 crederet
1369 2609 1820 2694 impossibilem
1843 2609 2189 2691 quamlibet
2212 2609 2548 2675 Ecclesiam
2575 2612 2782 2677 divina
2809 2616 3182 2680 auctoritate

717 2716 1091 2779 instructam
1125 2713 1201 2777 ad
1247 2712 1663 2778 infallibiliter
1698 2711 2060 2788 docendum,
2097 2711 2202 2775 sed
2248 2712 2565 2795 praeterea
2603 2715 2876 2782 crederet
2906 2717 3186 2800 impossi-

715 2817 906 2881 bilem
937 2815 1282 2898 quamlibet
1317 2815 1434 2879 Dei
1459 2814 1924 2878 revelationem.
1959 2812 2122 2878 Nam
2152 2814 2290 2891 iste,
2319 2815 2439 2879 etsi
2469 2817 2713 2881 nullum
2738 2820 2948 2901 posset
2971 2820 3184 2886 elicere

718 2921 931 2985 actum
962 2918 1123 2995 fidei,
1157 2918 1383 3000 quippe
1419 2918 1527 2999 qui
1552 2937 1628 2980 ne
1660 2917 2020 3000 possibilem
2057 2915 2307 2999 quidem
2338 2919 2545 2982 censet
2576 2920 2691 2983 Dei
2722 2921 3181 3000 revelationem,

717 3021 919 3086 adhuc
965 3022 1171 3084 tamen
1223 3022 1431 3102 potest
1479 3020 1701 3084 habere
1750 3019 2146 3084 voluntatem
2177 3020 2667 3086 conditionatam
2705 3023 2988 3089 credendi
3033 3025 3183 3103 De0‚

718 3124 773 3188 si
801 3143 911 3205 per
941 3121 1231 3204 possibile
1258 3121 1355 3186 vel
1381 3122 1767 3204 impossibile
1799 3121 1966 3186 Deus
1999 3124 2209 3204 posset
2240 3122 2475 3205 aliquid
2506 3125 2860 3191 hominibus
2893 3129 3183 3193 revelare.

719 3225 915 3306 Atqui
947 3225 1095 3288 haec
1141 3223 1435 3288 voluntas
1484 3226 1547 3288 et
1593 3224 1920 3308 dispositio
1955 3225 2148 3288 animi
2178 3224 2428 3301 sufficit,
2480 3229 2554 3289 ut
2591 3227 2902 3311 quispiam
2934 3249 3056 3294 non
3103 3231 3187 3296 sit

719 3327 964 3409 proprie
992 3325 1276 3404 infidelis,
1309 3326 1458 3390 licet
1481 3326 1760 3412 graviter
1782 3327 1990 3409 peccet
2014 3328 2229 3390 contra
2254 3325 2435 3391 fidem
2463 3328 2540 3393 ob
2563 3329 2986 3414 ignorantiam
3013 3333 3186 3399 illam

719 3428 1095 3511 culpabilem
1138 3428 1299 3493 circa
1337 3429 1614 3493 divinam
1645 3429 2106 3493 revelationem.

809 3533 944 3596 Imo
977 3534 1139 3596 esset
1175 3532 1392 3609 fidem,
1420 3533 1473 3596 si
1498 3532 1752 3596 haberet
1775 3531 2063 3596 habitum
2092 3531 2237 3597 fidei
2266 3532 2542 3598 infusum
2574 3554 2633 3598 v.
2659 3554 2753 3619 gr.
2778 3535 2843 3599 in
2875 3537 3184 3621 baptismo

718 3636 782 3698 in
814 3635 1077 3699 infantia
1122 3637 1441 3719 suscepto;
1483 3654 1679 3716 neque
1710 3635 1876 3699 enim
1912 3635 2077 3700 hunc
2122 3635 2410 3700 habitum
2443 3637 2520 3701 ob
2552 3637 2974 3721 ignorantiam
3010 3641 3185 3706 illam

717 3737 1088 3819 culpabilem
1138 3738 1467 3801 amisisset.

807 3837 873 3904 Si
904 3859 1048 3903 vero
1098 3858 1219 3903 non
1265 3840 1521 3903 haberet
1567 3839 1844 3903 infusum
1883 3840 2025 3903 fidei
2072 3839 2379 3915 habitum,
2430 3841 2530 3905 hic
2576 3844 2825 3924 quidem
2871 3866 2994 3912 non
3026 3853 3189 3914 esset

717 3943 982 4025 positive
1014 3941 1238 4005 fidelis:
1272 3960 1395 4004 non
1428 3942 1637 4003 tamen
1671 3944 1832 4004 esset
1866 3942 2110 4025 proprie
2141 3941 2433 4017 infidelis3
2469 3945 2617 4025 quia
2655 3947 2929 4014 nondum
2963 3951 3188 4016 abiecit

715 4044 898 4108 fidem
943 4043 1222 4119 scienter,
1258 4041 1362 4105 sed
1410 4041 1615 4104 solum
1663 4061 1734 4105 ex
1781 4043 2082 4124 culpabili
2115 4044 2471 4127 ignorantia
2520 4049 2584 4110 et
2629 4052 2947 4130 praeterea
2978 4057 3188 4137 posset

716 4147 779 4209 in
812 4165 883 4209 ea
914 4144 1316 4226 dispositione
1350 4143 1575 4206 habere
1608 4144 2000 4208 voluntatem
2033 4145 2314 4210 credendi
2349 4150 2857 4230 conditionatam‚
2886 4155 2937 4219 si
2972 4176 3187 4242 nempe

716 4246 1027 4330 possibilis
1072 4246 1233 4308 esset
1280 4245 1395 4308 Dei
1440 4245 1739 4310 revelatio
1789 4247 1853 4310 et
1901 4248 2142 4312 ratione
2189 4249 2375 4315 huius
2424 4254 2770 4320 voluntatis
2818 4262 3028 4341 posset
3066 4260 3185 4324 dici

722 4350 918 4414 fidelis
966 4350 1060 4412 sin
1105 4349 1311 4413 minus
1362 4349 1666 4426 absolute,
1718 4350 1942 4416 saltem
1990 4353 2429 4422 conditionate.
2465 4358 2664 4443 Lugo,
2698 4381 2758 4425 n.
2795 4363 2944 4427 202.
2979 4364 3094 4448 (a).

742 4654 753 4666 ⁸
796 4589 871 4697 (ει)ί
882 4587 1025 4698 Βίοὲα
1045 4588 1180 4699 Ιιέεοο
1210 4589 1475 4643 postremis
1497 4591 1724 4634 numeris
1747 4593 1862 4636 usui
1891 4606 1996 4638 esse
2015 4598 2257 4649 poterunt
2279 4599 2464 4641 nostris
2484 4599 2675 4655 diebus,
2693 4615 2856 4659 neque
2885 4618 3003 4651 raro
3020 4620 3184 4663 noque

713 4667 821 4698 nne
874 4667 961 4698 rue
992 4669 1040 4700 u.
1109 4689 1119 4700 .
