3497 5147
344 354 490 430 [732]
1099 369 1302 410 omna
1342 371 1453 410 Dm
1491 370 1679 411 πετο
1716 371 2050 413 Pnommv.
2705 356 2814 410 549

350 466 570 532 servile
600 466 824 530 volunt
867 484 998 529 esse
1033 484 1187 548 opus
1242 467 1549 550 pingendi,
1587 471 2032 551 argumentum
2069 468 2329 531 sumunt
2367 467 2445 530 ab
2478 468 2612 530 arte
2648 467 2812 531 scul-

347 569 546 653 pendi,
577 568 727 633 adeo
752 569 845 644 ut,
872 569 926 632 si
956 568 1030 633 de
1054 569 1296 651 pictura
1320 570 1384 634 id
1407 588 1729 653 negamuS,
1754 570 1962 634 minus
1993 569 2389 634 cohaerenter
2412 568 2475 632 id
2501 568 2812 632 affirmare

345 671 668 736 videamur
714 670 787 734 de
819 671 1157 754 sculptura.
1190 670 1409 736 Nonne
1455 671 1777 754 sculptura
1823 671 2187 755 figurarum,
2221 689 2344 735 non
2383 688 2556 735 secus
2605 689 2676 734 ac
2722 671 2811 752 pi-

350 775 548 851 ctura,
583 773 873 838 conducit
904 772 981 836 ad
1013 773 1325 854 quandam
1355 774 1581 837 mentis
1612 773 2122 837 institutionem?

434 875 698 940 Proinde
730 876 977 960 egregie
1007 894 1056 940 s.
1091 875 1275 958 Alph.
1310 875 1520 939 iniecit
1557 875 1934 939 mentionem
1970 874 2428 938 aestimationis
2459 873 2808 950 hominum,-

350 978 574 1060 quippe
605 978 950 1042 communis
982 995 1196 1042 sensus
1230 978 1293 1040 et
1314 977 1695 1042 consuetudo
1727 976 1869 1041 inde
1893 977 2254 1060 proveniens
2280 977 2512 1059 optime
2544 976 2810 1059 explicat

349 1079 549 1164 legem
589 1081 652 1143 et
683 1079 906 1144 melius
937 1079 1158 1144 servile
1206 1097 1360 1161 opus
1392 1079 1640 1143 definire
1679 1078 1858 1156 solet,
1892 1096 2081 1160 quam
2127 1076 2457 1160 descriptio
2496 1077 2810 1159 quaelibet

346 1201 382 1245 a
420 1183 555 1246 DD.
591 1182 897 1247 laboriose
929 1181 1301 1266 excogitata.
1336 1181 1637 1246 Habenda
1675 1183 1772 1245 est
1805 1198 1951 1264 ergo
1982 1179 2145 1244 ratio
2193 1179 2676 1243 consuetudinis.
2712 1176 2805 1243 cf.

348 1287 410 1348 et
444 1284 619 1370 Gury
657 1287 810 1349 tom.
842 1285 900 1349 1.
937 1284 995 1368 ξ.
1031 1285 1181 1348 357.
1216 1303 1274 1366 q.
1312 1285 1370 1347 2.

1076 1475 1179 1541 De
1212 1477 1488 1556 picturis
1531 1496 1649 1539 acu
1692 1474 2077 1555 fabrefactis.

432 1645 585 1718 731.
630 1673 663 1707 ⁴<
699 1646 1145 1724 Communiter‚
1194 1646 1398 1728 inquit
1443 1665 1491 1710 s.
1525 1646 1710 1727 Alph.
1758 1665 1818 1709 n.
1870 1645 2043 1721 281„
2085 1645 2450 1721 admittunt,
2500 1662 2624 1708 non
2673 1662 2803 1708 esse

345 1770 498 1833 opus
530 1750 747 1815 servile
773 1749 1095 1826 delineare,
1122 1749 1433 1812 retrahere
1472 1748 1774 1832 imagines
1809 1748 1906 1812 vel
1938 1747 2310 1831 exemplaria
2336 1767 2471 1822 acu,
2499 1749 2571 1811 ut
2603 1746 2806 1811 solent

342 1852 639 1916 feminae:
687 1853 838 1917 haee
882 1851 1084 1935 magis
1129 1850 1482 1916 referuntur
1529 1849 1607 1914 ad
1653 1850 2054 1915 exercendum
2099 1850 2438 1934 ingenium,
2487 1868 2677 1931 quam
2725 1847 2801 1912 ad

348 1955 717 2038 operandum
755 1980 816 2018 ».
851 1951 943 2018 Cf.
984 1953 1349 2017 Tamburini
1376 1951 1630 2032 Explia
1664 1951 1886 2018 Decal.
1920 1954 1962 2016 l.
1997 1953 2059 2016 4.
2093 1972 2145 2017 c.
2181 1953 2242 2016 3.
2277 1973 2337 2016 n.
2380 1953 2439 2016 8.

434 2057 594 2121 Tum
643 2057 797 2121 alios
847 2055 1038 2132 addit,
1090 2055 1199 2137 qui
1251 2055 1475 2119 saltem
1530 2056 1826 2119 excusant
1880 2055 2117 2138 puellas
2167 2074 2282 2119 acu
2336 2054 2678 2138 pingenteS‚
2727 2055 2802 2116 ut

344 2159 690 2223 addiscant.

431 2262 850 2325 Venmtamen
883 2259 1243 2337 cavendum,
1278 2278 1352 2324 ne
1386 2279 1421 2323 a
1459 2258 1842 2324 retrahendis
1874 2259 2253 2344 imaginibus
2285 2257 2588 2322 transitus
2618 2257 2799 2322 facile

346 2364 460 2428 fiat
497 2364 573 2427 ad
605 2363 918 2445 quoslibet
945 2362 1215 2428 vestium
1248 2365 1526 2427 ornatus.

427 2467 588 2531 Tum
626 2467 742 2530 hac
773 2484 1017 2548 quoque
1048 2466 1111 2529 in
1145 2484 1209 2528 re
1246 2465 1520 2529 multum
1568 2464 1686 2528 sibi
1732 2463 2042 2527 vindicare
2090 2461 2269 2528 debet
2301 2481 2518 2527 sensus
2551 2464 2613 2526 et
2644 2480 2796 2525 usus

339 2570 634 2636 fidelium.
2731 2563 2736 2566 ’

427 2676 664 2740 Auctor
696 2674 772 2738 ad
804 2673 990 2739 finem
1028 2672 1234 2737 Resol.
1263 2673 1359 2734 ΒΜ
1384 2671 1536 2735 dicit
1567 2671 1844 2736 excusari
1881 2670 2139 2754 puellaS,
2165 2688 2324 2751 quae
2355 2668 2419 2733 id
2442 2668 2679 2732 faciunt
2718 2666 2796 2730 ad

341 2778 541 2843 otium
578 2776 926 2853 vitandum,
965 2774 1071 2839 sed
1101 2776 1252 2838 haec
1291 2775 1409 2838 erit
1447 2774 1571 2837 alia
1603 2774 1904 2855 quaestio;
1940 2773 2012 2836 de
2045 2792 2168 2855 qua
2198 2772 2379 2836 infra.

444 2929 569 2981 vm.
610 2928 659 2980 6.
700 2925 943 2979 Videntur
982 2924 1128 2978 etism
1166 2922 1392 2978 excusari
1442 2938 1587 2990 posse
1642 2923 1692 2977 in
1731 2922 2094 2990 'rypographiis
2135 2922 2411 2977 litterarum
2452 2925 2792 2983 collocutores„

336 3014 529 3078 qnando
554 3020 668 3078 post
692 3011 859 3065 divina
884 3013 1128 3064 collocant
1150 3013 1423 3073 neglectum
1460 3023 1683 3076 pensum,
1713 3017 1768 3061 ut
1806 3011 1955 3062 habet
1991 3011 2160 3073 Laym.
2187 3006 2279 3062 hic.
2317 3006 2600 3073 imprimere
2634 3013 2793 3060 tamen

335 3096 515 3152 servile
551 3100 777 3151 habetur.
804 3097 982 3149 Escob.
1008 3098 1065 3149 E.
1093 3095 1144 3147 5.
1172 3095 1220 3148 4.
1247 3096 1446 3158 Suarez,
1477 3096 1643 3159 Laym.
1671 3098 1766 3147 etc.

1272 3258 1372 3325 De
1423 3259 1841 3343 typoyraphis.

424 3439 603 3512 732.
630 3439 1056 3525 Ailegationes
1090 3436 1379 3511 Escobar,
1406 3432 1631 3499 Suarez
1664 3436 1780 3498 etc.
1807 3434 1870 3497 in
1902 3432 2020 3496 fine
2052 3430 2452 3496 resolutionis
2484 3429 2793 3511 pertinent

334 3546 411 3610 ad
456 3543 727 3610 eiusdem
773 3542 1014 3626 partem
1060 3536 1409 3612 secundam,
1460 3535 1590 3598 scil.
1638 3534 1805 3615 qaod
1847 3535 2200 3615 imprimere
2241 3530 2464 3613 praelo
2509 3531 2596 3593 sit
2640 3548 2795 3607 opus

334 3646 571 3713 servile.
608 3645 879 3710 Escobar
915 3644 1126 3708 autem
1176 3639 1471 3724 allegatio
1519 3637 1708 3701 fallax
1755 3637 1877 3700 est:
1913 3635 2060 3717 quia
2096 3635 2160 3700 in
2207 3635 2421 3697 Exam.
2466 3633 2525 3695 5.
2560 3650 2692 3713 cap.
2729 3632 2788 3694 4.

340 3751 522 3815 tract.
560 3751 616 3813 1.
651 3746 808 3812 nihil
839 3745 911 3810 de
942 3744 1039 3808 his
1071 3743 1277 3818 habet,
1312 3740 1414 3805 sed
1447 3739 1663 3820 utique
1696 3738 1759 3803 in
1800 3736 1967 3801 Teol.
2009 3735 2249 3800 Moral.
2281 3733 2390 3798 lib.
2425 3733 2530 3797 30.
2567 3751 2698 3815 cap.
2730 3734 2791 3795 4.

332 3874 394 3921 n.
430 3853 576 3917 154.

429 3952 718 4019 Ceterum
756 3950 962 4034 quoad
993 3949 1259 4033 primam
1291 3950 1531 4031 partem
1567 3945 1640 4011 de
1672 3942 2107 4027 componendis
2137 3942 2389 4021 litteris,
2420 3941 2474 4007 si
2505 3940 2667 4006 ratio
2704 3939 2793 4005 in-

339 4058 607 4122 trinseca
645 4055 977 4138 spectetur,
1011 4070 1169 4133 quae
1201 4052 1361 4115 solet
1392 4048 1595 4114 afferri
1632 4048 1709 4113 ad
1741 4044 2290 4111 demonstrandum
2324 4064 2477 4129 opus
2507 4063 2629 4108 non
2662 4060 2792 4106 esse

334 4161 572 4237 servile,
600 4159 779 4223 valde
808 4156 1026 4221 debilis
1058 4154 1323 4219 videtur.
1350 4154 1548 4218 Aiunt
1578 4152 1761 4229 enim,
1797 4151 2248 4217 ordinationem
2278 4149 2454 4212 illam
2483 4146 2792 4209 characte-

336 4283 475 4328 rum
506 4281 630 4328 non
678 4280 808 4326 esse
846 4276 1001 4341 opus
1032 4257 1284 4332 servile;
1327 4256 1474 4337 quia
1520 4275 1627 4338 per
1673 4274 1811 4319 eam
1858 4253 2339 4318 manifestantur
2381 4248 2608 4313 mentis
2653 4266 2793 4312 con-

333 4369 565 4450 ceptuS,
598 4365 698 4429 vel
728 4363 875 4446 quia
907 4358 1273 4442 compositio
1309 4358 1436 4421 ista
1474 4356 1551 4420 ad
1588 4356 1652 4421 id
1684 4356 2026 4421 ordinatur.

421 4468 506 4532 At
544 4468 727 4541 enim,
759 4464 1069 4548 reponunt
1100 4459 1208 4524 alii
1238 4457 1391 4539 (vid.
1425 4458 1696 4522 Escobar
1724 4458 1832 4521 lib.
1868 4458 1975 4521 30.
2008 4477 2067 4520 n.
2108 4455 2304 4536 156.)‚
2336 4453 2451 4516 illa
2482 4451 2790 4517 ordinatio

333 4572 717 4634 caracterum
754 4586 876 4633 non
907 4567 1002 4631 est
1033 4584 1105 4629 ex
1151 4581 1216 4628 se
1247 4561 1655 4643 conceptuum
1700 4558 2007 4641 expressio
2056 4558 2168 4621 aut
2203 4553 2608 4637 expressionis
2654 4571 2794 4616 con-
