3497 5147
722 354 827 408 192
921 367 1132 408 TRAc'r.
1160 369 1214 408 v.
1242 367 1403 409 sacr.
1428 369 1519 408 111.
1549 369 1634 407 nm
1657 368 1974 410 cunnus
1999 368 2389 410 rumonim-m.
2415 368 2614 411 cnm
2637 369 2702 409 11.
2729 369 2870 410 nun.
2898 369 2954 409 v.
3028 353 3182 429 [262]

828 465 985 517 LXX.
1009 465 1057 516 3.
1081 465 1350 525 Peccatum,
1374 478 1434 516 ex
1457 478 1555 528 quo
1576 463 1924 517 confessarium
1943 464 1993 518 in
2021 464 2326 519 confessione
2350 466 2433 531 (ex
2451 463 2733 518 infirmitate
2761 466 2942 528 tamen)
2964 463 3181 528 graviter

718 548 1138 602 scandalizandum
1170 548 1315 612 nosti,
1345 551 1495 602 debes
1520 548 1744 602 reticere.
1774 552 1939 613 Laym.
1965 551 1998 604 l.
2026 566 2067 602 c.
2091 564 2152 603 ex
2178 552 2299 603 Nav.
2327 558 2421 603 etc.

807 668 990 742 262.
1027 671 1347 756 Laymann
1393 669 1468 734 de
1523 669 1721 734 Carit.
1750 690 1884 753 cap.
1925 672 2026 734 13.
2062 691 2120 734 n.
2167 672 2268 736 10.
2301 671 2455 735 dicit
2499 670 2572 735 ob
2620 670 3057 750 infirmitatem
3088 669 3183 732 vel

719 760 1147 856 imantiam
1177 774 1311 855 (sed
1341 774 1443 837 vix
1474 774 1831 858 ignorantia
1863 775 2069 839 locum
2102 776 2324 839 habere
2358 774 2491 839 heic
2520 774 2813 858 videtur).
2841 774 3181 838 Infirmitas

718 877 1053 960 opponitur
1082 877 1218 941 heic
1262 876 1568 953 malitiae;
1601 876 1848 940 infirmo
1897 877 2060 941 enim
2107 876 2331 941 accidit
2376 876 2644 941 tentatio
2678 875 2756 940 ad
2803 877 3184 959 praevarica-

716 982 978 1055 tionem3
1018 980 1317 1064 maligno,
1351 981 1570 1062 utpote
1600 980 1834 1043 malam
1875 981 2262 1044 voluntatem
2296 979 2570 1056 habenti,
2608 980 2848 1043 malum
2883 998 3008 1043 non
3040 998 3185 1064 sug-

716 1085 881 1168 gerit
912 1084 1199 1156 tentatio,
1226 1102 1384 1164 quae
1421 1082 1655 1146 malam
1686 1082 2076 1146 voluntatem
2110 1082 2355 1166 reperit.
2382 1082 2571 1147 Ratio
2601 1080 3000 1146 resolutionis
3032 1082 3181 1146 data

717 1188 812 1250 est
857 1187 922 1250 in
968 1204 1126 1269 resp.
1162 1186 1223 1249 5.

824 1330 1002 1381 Lxxl.
1033 1328 1079 1380 4.
1103 1329 1241 1381 Uxor
1267 1329 1417 1380 semel
1451 1328 1528 1379 vel
1556 1325 1734 1379 iterum
1775 1327 1920 1378 debet
1958 1305 2181 1378 omittere
2220 1325 2469 1390 ieiunium,
2499 1339 2559 1378 ex
2588 1339 2687 1390 quo
2722 1323 2929 1378 maritus
2960 1325 3181 1388 graviter

714 1414 990 1466 offendetur
1025 1420 1074 1466 ct
1110 1410 1296 1465 orietur
1327 1410 1589 1464 discordia.
1612 1409 1732 1463 ibid.

803 1519 981 1592 263.
1015 1522 1338 1605 Laymann
1374 1521 1417 1584 1.
1452 1541 1502 1584 c.
1537 1519 1716 1584 dicit:
1751 1546 1787 1577 ‹
1811 1517 2165 1604 Coniugata
2196 1517 2405 1602 potest
2435 1516 2845 1581 intermittere
2876 1516 3183 1581 ieiunium

680 1664 684 1667 >
712 1627 1129 1710 praeceptum,
1164 1626 1217 1688 si
1248 1624 1565 1708 intelligat
1596 1623 1897 1687 maritum
1931 1641 2112 1706 aegre
2144 1621 2424 1684 laturum
2458 1620 2521 1683 et
2553 1619 2939 1683 occasionem
2969 1620 3184 1702 gravis

710 1727 951 1793 dissidii
996 1747 1067 1791 ex
1104 1726 1460 1811 ignorantia
1493 1729 1555 1789 et
1600 1724 1966 1789 infirmitate
2006 1723 2404 1805 accepturum
2430 1746 2491 1784 ».
2518 1719 2659 1785 Non
2692 1721 2783 1784 ait
2815 1740 2962 1806 ergo
2997 1721 3186 1784 semel

713 1832 825 1895 aut
871 1831 1147 1906 iterum,·
1194 1829 1300 1893 sed
1345 1829 1667 1912 Laymann
1717 1827 2008 1909 amplecti
2055 1825 2195 1890 vult
2240 1843 2474 1900 casum,
2524 1841 2663 1905 quo·
2694 1822 2921 1887 mulier
2973 1825 3182 1890 minus

712 1931 932 1995 idonea
979 1931 1056 1994 ad
1103 1929 1470 2013 placendum
1515 1930 1648 1993 viro
1699 1931 1813 1993 aut
1859 1927 2364 1993 satisfaciendum
2413 1925 2610 1990 eidem
2657 1925 2772 1989 fiat
2820 1926 3016 2008 (quod
3062 1928 3185 1991 huc

711 2052 837 2097 non
883 2033 1168 2116 spectat).
1219 2032 1293 2095 A.
1344 2050 1557 2096 casum
1603 2030 1809 2094 innuit
1855 2030 2066 2113 potius
2112 2028 2374 2105 dissidii,
2415 2048 2472 2092 v.
2508 2049 2601 2112 gr.
2652 2028 2800 2111 quia
2848 2028 2944 2093 vir
2991 2030 3181 2094 etiam

711 2134 980 2198 inaniter
1011 2133 1194 2198 timet
1224 2133 1299 2197 de
1329 2133 1537 2196 uxoris
1571 2131 1924 2196 valetudine
1958 2134 2069 2196 aut
2100 2132 2436 2215 pallentem
2468 2133 2793 2196 aversatur
2825 2133 2961 2202 etc.;
2999 2151 3183 2216 porro

714 2236 768 2299 si
813 2255 1000 2300 causa
1050 2235 1249 2312 duret,
1299 2236 1523 2310 nesci0,
1564 2254 1641 2298 an
1689 2235 2015 2299 excusetur
2060 2235 2264 2298 solum
2310 2233 2498 2298 semel
2545 2233 2658 2297 aut
2702 2234 2951 2298 iterum.

803 2338 943 2404 Non
975 2337 1511 2421 comprehenditur
1542 2338 1675 2401 heic
1721 2355 1922 2413 casus,
1972 2355 2094 2419 quo
2128 2336 2393 2401 maritus
2441 2334 2768 2419 prohibeat
2804 2336 2983 2400 uxori
3029 2336 3183 2401 ieiu-

711 2440 887 2506 nium
924 2460 995 2505 ex
1032 2440 1350 2524 religionis
1386 2441 1498 2503 aut
1527 2439 1838 2522 praecepti
1870 2439 2251 2521 contemptu.

819 2589 1017 2640 LXXll.
1045 2588 1094 2639 5.
1124 2585 1192 2648 Si,
1223 2584 1354 2637 ituro
1398 2592 1445 2638 te
1482 2587 1543 2637 ad
1581 2599 1775 2639 sacrum
1815 2584 1895 2637 die
1935 2589 2072 2646 testo,
2110 2584 2364 2637 excitanda
2405 2583 2469 2637 sit
2504 2582 2668 2648 gravis
2705 2582 2811 2636 rixa
2855 2586 2931 2636 vel
2974 2587 3174 2643 caedes,

714 2686 811 2725 nou
852 2670 1034 2723 teneris
1071 2670 1159 2722 ire.
1187 2668 1307 2721 lbid.

825 2774 1000 2849 264.
1049 2778 1328 2860 Idipsum
1383 2778 1480 2842 dic
1526 2777 1600 2841 de
1648 2777 1935 2860 paroch0,
1986 2777 2040 2840 si
2083 2775 2402 2859 praevidet
2449 2775 2719 2840 orituras
2766 2776 2981 2841 caedes
3031 2777 3171 2854 etc„

709 2880 955 2963 quando
1001 2880 1132 2963 ipse
1178 2878 1440 2944 Missam
1490 2879 1773 2955 celebret,
1822 2878 2273 2962 processionem
2320 2877 2513 2942 faciat
2549 2879 2695 2955 etc.;
2730 2879 2981 2943 tenetur
3015 2879 3179 2942 euim

711 2984 1016 3047 omittere.
1054 2982 1256 3045 Diana
1303 2983 1456 3046 tom.
1495 2982 1552 3045 7.
1589 2982 1668 3045 tr.
1712 2982 1771 3044 5.
1807 2981 1987 3045 resol.
2025 2981 2082 3044 7.
2121 3002 2179 3044 n.
2217 2982 2276 3043 2.

819 3121 1039 3173 LXXlll.
1067 3120 1117 3170 6.
1148 3118 1386 3185 Superior
1428 3124 1623 3183 peccata
1654 3117 1840 3171 subditi
1867 3133 2014 3185 saepe
2041 3123 2202 3184 potest
2227 3117 2552 3181 dissimulare,
2580 3120 2640 3171 ad
2670 3117 2893 3172 vitandas
2919 3122 3093 3173 turbas
3129 3125 3183 3171 et

709 3204 894 3257 maiora
934 3205 1077 3265 mala,
1107 3217 1234 3267 quae
1272 3200 1456 3266 alioqui
1494 3207 1742 3254 teneretur
1782 3201 1974 3266 punire.

801 3319 973 3394 265.
1009 3323 1147 3386 Hoc
1183 3323 1463 3405 intellige
1501 3322 1692 3386 etiam
1739 3322 1813 3386 de
1847 3322 2316 3404 patrefamilias,
2367 3322 2475 3404 qui
2511 3321 2673 3387 filios
2708 3322 2942 3387 aliosve
2976 3344 3184 3408 repre-

710 3425 970 3489 hendere
1014 3443 1138 3488 non
1185 3425 1385 3507 possit
1431 3425 1561 3489 sine
1608 3424 1880 3507 periculo
1928 3423 2235 3488 excitandi
2264 3424 2634 3502 tumultum,
2682 3425 2747 3489 in
2793 3445 2918 3508 quo
2958 3429 3024 3491 et
3056 3429 3182 3491 bla-

710 3528 1023 3612 sphemiae
1054 3528 1119 3591 et
1150 3527 1274 3591 alia
1305 3527 1476 3591 mala
1508 3526 1635 3591 sint
1672 3526 2098 3610 exspectanda.

820 3673 1047 3725 LXXlV.
1076 3671 1125 3724 7.
1153 3669 1340 3734 Mulier,
1362 3685 1488 3736 quae
1515 3669 1605 3723 scit
1634 3669 1682 3723 in
1710 3685 1781 3737 se,
1802 3672 1882 3723 vel
1910 3669 1959 3723 in
1987 3668 2063 3723 sui
2090 3675 2289 3735 aspectu
2316 3667 2525 3735 aliquem
2552 3668 2601 3723 in
2631 3669 2914 3736 particulari
2941 3671 3180 3726 scandali·

709 3758 932 3818 mudum,
967 3755 1238 3809 mortaliter
1277 3762 1464 3821 peccat,
1497 3754 1538 3809 si
1576 3758 1686 3809 data
1727 3770 1877 3820 opera
1919 3755 1963 3807 ei
2003 3769 2055 3807 sc
2093 3753 2487 3820 conspiciendam
2526 3757 2725 3808 offerat:
2752 3758 2975 3821 adeoque
3017 3766 3177 3824 potest

708 3846 757 3893 et
795 3841 941 3893 debet
967 3854 1062 3892 non
1101 3846 1285 3894 tantum
1324 3841 1540 3907 publico,
1569 3843 1653 3894 secl
1693 3840 1839 3893 ctiam
1879 3853 2022 3893 sacro
2062 3839 2307 3892 abstinere
2346 3839 2426 3893 dic
2456 3843 2581 3893 testo
2606 3844 2756 3894 semel
2783 3849 2867 3895 aut
2890 3841 3089 3907 iterum,
3117 3845 3177 3896 ad

708 3932 958 3991 peccatum
985 3924 1124 3978 illlud
1165 3924 1462 3980 evitandum.
1493 3926 1606 3979 Dixi
1642 3929 1681 3978 l.
1708 3924 1949 3993 aliquem
1977 3924 2038 3977 in
2060 3924 2401 3992 particulari
2412 3944 2433 3989 ‚·
2461 3924 2574 3990 quia
2600 3928 2665 3979 ob
2703 3925 2926 3979 timorem
2961 3928 3177 3982 scandali

706 4008 911 4063 alicuius
950 4023 1010 4061 ex
1049 4008 1395 4062 communitate
1433 4009 1481 4062 iu
1518 4024 1714 4076 genere,
1744 4010 1823 4062 vel
1849 4008 1994 4061 etiam
2030 4007 2259 4074 plurium,
2291 4008 2537 4062 abstinere
2576 4009 2720 4064 nimis
2746 4017 2879 4063 esset
2903 4010 3105 4066 difficile
3129 4019 3177 4065 et

705 4095 900 4161 plenum
927 4092 1186 4159 scrupulis.
1215 4092 1328 4146 Dixi
1357 4097 1404 4146 2.
1433 4092 1601 4147 semel
1635 4096 1739 4146 aut
1777 4092 2022 4156 iterum,·
2049 4091 2161 4156 quia
2189 4106 2352 4157 saepe,
2385 4092 2526 4146 nimis
2553 4099 2684 4147 esset
2715 4107 2864 4159 grave
2890 4100 2941 4147 et
2980 4097 3173 4149 durum.

703 4181 883 4232 Bonae.
906 4181 1082 4231 Sanch.
1105 4181 1274 4242 Laym.
1296 4178 1328 4231 l.
1349 4194 1391 4232 c.
1415 4194 1461 4231 n.
1493 4180 1572 4230 lo.
1594 4184 1643 4230 et
1668 4175 1768 4230 alii.
1792 4178 1857 4227 V.
1881 4174 2023 4229 Dian.
2046 4190 2093 4241 p.
2115 4176 2167 4229 5.
2194 4182 2228 4227 t.
2248 4175 2300 4229 7.
2321 4191 2364 4229 r.
2391 4180 2448 4231 2⁴
2463 4215 2476 4229 .
2493 4180 2672 4242 et‘22.,
2695 4177 2778 4231 ubi
2798 4176 2846 4231 in
2874 4180 3170 4233 contrarium

703 4264 821 4318 citat
838 4263 1021 4329 aliquot
1043 4271 1270 4318 auctores
1291 4272 1521 4327 negantes
1539 4262 1885 4325 obligationem
1908 4261 2329 4327 praetermittendi
2349 4277 2450 4316 rem
2472 4271 2784 4330 praeceptam
2808 4266 2867 4317 ad
2889 4264 3170 4319 evitandum

704 4347 913 4402 aliorum
953 4351 1250 4402 scandalum.

796 4457 967 4531 266.
1015 4462 1080 4524 1⁰
1112 4460 1462 4542 Distingue,
1513 4477 1590 4522 an
1635 4477 1732 4522 res
1782 4458 2125 4525 omittenda
2163 4461 2247 4525 sit
2277 4462 2621 4544 praecepta,
2656 4461 2756 4525 vel
2792 4479 2936 4525 non.
2980 4459 3045 4525 Si
3076 4462 3168 4525 est

705 4582 800 4628 res
847 4565 1175 4646 praecepta
1206 4564 1269 4625 et
1301 4561 1661 4625 scandalum
1690 4561 1951 4627 timetur
1978 4561 2059 4626 ab
2104 4562 2318 4645 aliquo
2347 4563 2713 4645 qen-cratim,
2752 4581 2875 4627 non
2923 4564 3167 4628 tenetur
