3497 5147
764 338 873 392 472
909 351 1119 392 TRAc‘r.
1149 352 1229 391 vr.
1255 349 1416 391 sacr.
1445 352 1508 390 11.
1530 352 1615 391 ma
1640 349 1921 392 SECUNDO
1946 349 2161 390 enarro.
2190 350 2518 391 Dncanoor.
2540 350 2667 390 car».
2694 350 2775 390 111.
2799 350 2925 391 nun.
2948 351 3004 390 11.
3037 335 3155 411 1609]

767 449 958 512 aliam
1005 448 1435 532 hypothesim:
1483 474 1516 505 «
1557 447 1621 511 Si
1668 466 1815 512 vero
1847 449 2057 512 tamen
2091 447 2484 513 voluntatem
2516 467 2625 512 seu
2660 447 3007 530 propositum
3035 468 3083 511 v.
3103 470 3152 533 g.

764 553 985 613 votum
1030 548 1348 633 religionis
1396 551 1527 614 Deo
1560 549 1774 614 edendi
1824 549 2101 613 habuisti
2148 569 2332 629 eoque
2357 551 2675 629 proposito
2704 548 3023 611 virtualiter
3043 569 3157 627 per-

760 656 1049 714 manente
1098 652 1174 714 ad
1210 652 1406 716 altare
1440 652 1786 728 accesseriS,
1823 671 1891 716 os
1924 652 2002 715 ad
2034 651 2411 733 loquendum
2443 651 2892 734 (professionem
2927 651 3155 714 emitten-

759 753 933 836 dam)
961 754 1278 837 aperuisti,
1306 754 1591 836 quamvis
1620 755 1827 818 animo
1862 755 1938 818 ad
1973 753 2096 817 alia
2128 753 2448 830 distracto,
2478 753 2644 817 valet
2667 753 2891 828 votum,
2922 752 3155 833 quemad·

760 855 1017 920 modum
1064 857 1256 920 etiam
1294 856 1577 920 sacerdos
1611 876 1753 921 eum
1789 857 1903 920 tali
1935 856 2278 921 intentione
2311 855 2514 921 valide
2552 858 2934 928 consecrat»,
2969 855 3157 918 sufficit

762 958 996 1023 scilicet
1029 959 1106 1021 ad
1134 962 1351 1023 votum
1384 985 1417 1016 «
1441 960 1733 1024 voluntas
1767 961 1896 1024 sive
1935 960 2197 1024 intentio
2238 959 2592 1023 virtualiter
2622 976 2962 1042 permanens
2989 958 3040 1021 in
3068 975 3155 1020 suo

762 1061 984 1124 effectu
1016 1085 1077 1125 ».
1098 1063 1132 1098 *

874 1204 1001 1256 Vlll.
1033 1204 1081 1254 5.
1113 1205 1242 1255 Vota
1271 1207 1391 1256 lacta
1420 1202 1468 1256 in
1503 1213 1632 1258 metu
1661 1219 1755 1256 non
1796 1203 1991 1256 incusso
2018 1206 2076 1256 ad
2105 1206 2198 1256 hoc
2223 1202 2398 1269 ipsum,
2430 1211 2480 1255 ut
2509 1210 2677 1255 votum
2712 1208 3074 1266 extorqueretnr3
3100 1216 3160 1252 va-

764 1288 861 1340 lida
899 1295 1037 1352 sunt,
1066 1287 1178 1353 qnia
1218 1296 1329 1342 sunt
1367 1288 1655 1355 simpliciter
1697 1288 1970 1341 voluntaria
2011 1295 2060 1341 et
2099 1288 2397 1342 deliberata:
2427 1292 2550 1340 lacta
2590 1294 2752 1340 autem
2790 1287 2838 1339 in
2873 1294 2989 1339 metu
3022 1284 3160 1337 iniuste

761 1372 959 1426 incusso
999 1375 1060 1426 ad
1086 1373 1247 1441 ipsum
1277 1381 1445 1427 votum
1472 1375 1881 1440 extorquendum,
1913 1373 2126 1426 invalida
2166 1381 2277 1427 sunt
2315 1388 2376 1426 ex
2403 1372 2690 1427 communi
2700 1391 2724 1436 ,·
2752 1386 2846 1425 non
2869 1370 2973 1436 quia
2995 1385 3069 1421 non
3091 1369 3163 1421 sint

761 1457 1053 1523 voluntaria,
1074 1460 1159 1511 sed
1180 1459 1292 1525 quia
1322 1462 1398 1513 vel
1425 1459 1503 1511 ius
1531 1474 1585 1512 ea
1614 1457 1788 1520 irritat,
1812 1462 1886 1511 vel
1912 1460 2044 1511 Deus
2068 1472 2161 1511 uon
2190 1464 2428 1524 acceptat,
2450 1471 2511 1510 ne
2534 1458 2616 1509 det
2640 1456 2738 1509 vim
2759 1454 2953 1508 iniustae
2971 1452 3162 1506 coactioni

760 1541 907 1607 idque
946 1542 1051 1594 sive
1091 1551 1247 1597 metus
1276 1543 1337 1596 sit
1363 1543 1544 1609 gram,
1573 1542 1678 1595 sive
1721 1542 1842 1596 levis
1859 1558 1873 1608 ;
1901 1543 2166 1594 dtinimodo
2197 1541 2305 1607 quis
2333 1540 2599 1594 formaliter
2627 1555 2689 1594 ex
2731 1541 2838 1594 solo
2864 1537 2943 1591 tali
2967 1545 3074 1589 metu
3106 1551 3165 1586 vo-

762 1632 889 1679 veat.
918 1629 1058 1680 Suar.
1086 1625 1151 1681 de
1192 1630 1318 1682 Volo
1347 1631 1375 1680 Ι.
1410 1630 1453 1680 l.
1480 1643 1522 1680 c.
1553 1629 1599 1680 8.
1630 1631 1772 1680 Sanc.
1800 1627 1907 1679 Fill.
1943 1633 1976 1679 t.
2006 1628 2090 1679 26.
2122 1642 2165 1678 c.
2201 1629 2244 1680 l.

852 1731 1025 1805 609.
1082 1737 1319 1801 Auctor
1373 1756 1484 1821 pro
1536 1737 1607 1798 2⁸³
1640 1737 1814 1819 parte
1863 1735 2262 1799 resolutionis
2311 1735 2543 1818 allegat
2577 1733 2832 1798 Suarez:
2867 1733 2967 1815 qui
3008 1732 3168 1794 tamen

761 1840 1112 1920 oppositam
1146 1839 1518 1902 sententiam
1545 1838 1693 1902 dicit
1718 1838 2197 1920 probabiliorem
2231 1837 2406 1919 eique
2440 1836 2737 1901 adhaeret
2767 1836 2838 1898 (Ic
2875 1832 3167 1896 Vot.lib.1.

759 1960 892 2021 cap.
939 1940 995 2002 7.
1032 1959 1086 2003 a.
1122 1961 1181 2002 n.
1228 1942 1328 2004 12.
1380 1939 1439 2004 S.
1483 1941 1665 2023 Alph.
1702 1961 1761 2003 n.
1817 1940 1962 2002 107.
1999 1942 2204 2004 censet
2251 1960 2326 2003 ex
2377 1941 2509 2002 inre
2555 1938 2780 2002 saliem
2826 1936 3172 2000 ecclesiastico

758 2041 1163 2124 probabiliter
1194 2042 1466 2106 invalida
1517 2062 1665 2106 esse.
1701 2043 1783 2106 Et
1815 2042 1974 2105 idem
2010 2040 2278 2106 Sanchez
2320 2042 2470 2105 dicit
2509 2041 2911 2125 probabiliter
2955 2035 3172 2102 invalida

759 2162 911 2220 esse,
939 2145 991 2208 si
1039 2146 1242 2208 metus
1281 2145 1365 2208 sit
1394 2145 1546 2209 levis
1582 2147 1643 2208 et
1675 2145 1973 2220 iniustus,
2015 2145 2160 2209 licet
2185 2148 2332 2209 tune
2369 2145 2850 2229 probabiliorem
2884 2142 3173 2226 oppositam

760 2247 1134 2311 sententiam
1173 2247 1358 2312 dicat.

855 2350 988 2413 DD.
1026 2350 1131 2431 qui
1182 2351 1393 2414 tenent
1438 2351 1735 2426 invalida,
1777 2350 1835 2414 id
1870 2349 2084 2415 dieunt
2133 2351 2321 2414 etiam
2371 2349 2443 2414 de
2493 2349 2873 2433 professione
2918 2348 3175 2432 religiosa,

762 2451 862 2515 sed
914 2451 1125 2533 quoad
1163 2451 1370 2531 forum
1416 2453 1864 2530 conscientiae;
1891 2453 2036 2534 quia
2085 2453 2146 2515 in
2196 2453 2328 2517 foro
2376 2453 2623 2516 externo
2672 2454 2883 2516 metus
2919 2450 3058 2515 levis
3089 2467 3178 2512 non

762 2555 1183 2637 praesumitur
1221 2575 1407 2620 causa
1448 2577 1576 2622 esse
1601 2556 1732 2621 voti
1768 2557 1882 2620 ete.

851 2656 1141 2722 Ceterum
1188 2679 1298 2724 nos
1338 2659 1741 2724 adhaeremus
1776 2660 2054 2737 Auctori,
2083 2660 2189 2741 qui
2213 2658 2484 2722 invalida
2523 2662 2730 2724 censet
2781 2660 2912 2724 iure
2948 2658 3179 2730 naturae,

761 2756 869 2822 nec
918 2761 1128 2842 potest
1177 2761 1336 2825 solvi
1385 2764 1846 2845 argumentum,
1899 2761 2062 2844 quod
2110 2763 2241 2825 Deo
2293 2764 2612 2845 acceptum
2660 2781 2796 2826 esse
2837 2780 2955 2826 non
2999 2760 3178 2842 potest,

757 2861 923 2942 quod
971 2882 1077 2943 per
1126 2863 1337 2926 vim-a
1387 2864 1681 2947 quopiam
1732 2884 1839 2947 per
1887 2864 2180 2928 iniuriam
2229 2865 2651 2946 extorquetur,
2688 2864 2938 2946 quando
2983 2864 3069 2926 ius
3108 2880 3184 2923 na·

758 2966 937 3028 turae
984 2964 1241 3047 ideoque
1289 2967 1417 3049 ipse
1456 2968 1622 3031 Deus
1664 2967 1962 3050 postulat,
1999 2969 2072 3030 ut
2102 2968 2199 3031 ius
2240 2967 2609 3030 restituatur
2645 2967 2712 3030 in
2745 2968 3067 3051 integrum.
3088 2961 3182 3025 Nec

758 3066 1089 3149 quisquam
1137 3068 1321 3132 homo
1369 3068 1574 3133 iustus
1632 3071 1980 3153 acceptaret
2035 3069 2523 3151 promissionem,
2574 3088 2735 3152 quae
2786 3090 2894 3154 per
2939 3067 3185 3132 iniuriam

759 3169 941 3232 alteri
971 3171 1392 3251 extorquetur.

870 3306 954 3358 ΙΧ.
982 3309 1031 3358 6.
1060 3308 1234 3373 Quoad
1263 3314 1374 3360 vota
1402 3306 1578 3362 emissa
1606 3323 1667 3362 ex
1695 3323 1881 3371 errore,
1910 3308 1952 3362 si
1978 3323 2122 3362 error
2151 3307 2298 3362 ruerit
2338 3307 2465 3362 circa
2503 3307 2832 3363 substantiam
2861 3308 3081 3362 materiae
3105 3317 3188 3371 pro·

759 3389 954 3457 missae,
983 3394 1056 3444 vel
1084 3390 1208 3446 circa
1234 3393 1563 3446 conditionem
1596 3393 1982 3457 substantialem,
2018 3396 2094 3448 vel
2122 3393 2245 3447 cirea
2276 3396 2418 3447 linem
2459 3393 2565 3446 sive
2607 3393 2852 3449 rationem
2882 3394 3114 3447 formalem
3143 3402 3188 3440 ae

758 3473 996 3528 motivum
1038 3475 1267 3539 vovendi,
1297 3484 1463 3530 votum
1503 3479 1687 3531 nullum
1728 3486 1828 3530 est:
1872 3484 1922 3530 ut
1965 3493 2012 3530 v.
2050 3494 2122 3541 gr.
2173 3479 2212 3530 l.
2255 3477 2383 3531 circa
2418 3477 2756 3539 substantiam,
2792 3479 2834 3531 si
2876 3477 2983 3544 quis
3024 3480 3186 3527 <meret

757 3568 945 3613 certum
973 3560 1182 3627 aliquem
1206 3577 1345 3614 suum
1371 3562 1587 3623 calicem,
1614 3576 1756 3627 quem
1781 3569 1915 3628 putat
1942 3570 2240 3625 argenteum,
2266 3577 2374 3615 cum
2403 3562 2463 3615 sit
2491 3578 2698 3616 aurens:
2721 3566 2802 3616 vel
2826 3579 2881 3616 se
2901 3563 3188 3627 ingressurum

756 3652 944 3698 certum
995 3646 1359 3711 monasterium,
1399 3654 1575 3713 putans
1614 3662 1721 3701 esse
1760 3648 1955 3702 Ordinis
1993 3648 2158 3701 Sancti
2198 3647 2465 3710 Benedicti,
2507 3663 2616 3703 cum
2657 3647 2721 3701 sit
2769 3648 3190 3703 carthusianorum.

759 3731 807 3781 2.
829 3729 971 3782 Circa
1010 3731 1337 3785 conditionem
1377 3732 1774 3787 substantialem:
1806 3732 1981 3798 siquis
2007 3748 2056 3786 v.
2081 3749 2128 3796 g,
2155 3741 2362 3787 voveret
2400 3748 2452 3787 se
2491 3733 2823 3797 ingressurum
2869 3730 3192 3788 monasterium.

761 3814 844 3866 ubi
872 3822 1066 3879 putaret
1092 3816 1369 3881 religiosam
1397 3818 1702 3885 disciplinam
1730 3825 1781 3872 et
1804 3818 2080 3872 essentialia
2111 3818 2360 3882 religionis
2386 3819 2576 3873 servari
2604 3825 2835 3872 accurate
2864 3827 2913 3873 et
2939 3827 3092 3874 tamen
3119 3826 3195 3867 non

757 3898 823 3951 ita
864 3908 1017 3952 esset:
1044 3903 1120 3953 vel
1148 3902 1187 3954 si
1217 3911 1421 3956 voveret
1450 3903 1890 3970 peregrinationem
1920 3906 1975 3956 ad
2009 3903 2170 3957 limina
2211 3906 2576 3970 Apostolorum,
2605 3912 2780 3970 putans
2812 3912 2999 3959 tantum
3035 3901 3190 3954 distare

756 3991 948 4036 centum
977 3982 1258 4047 miliaribus,
1285 4002 1392 4039 cum
1423 3995 1581 4041 tamen
1612 3987 1845 4040 distarent
1875 3986 2121 4040 trecentis.
2150 3990 2198 4040 3.
2225 3988 2364 4041 Circa
2391 3982 2586 4042 causarfi
2612 3990 2835 4042 finalem:
2866 3988 2910 4041 si
2936 3986 3043 4053 quis
3070 4001 3110 4035 v.
3139 3997 3194 4046 sr-

756 4075 963 4121 voveret
988 4068 1172 4135 aliquid
1198 4069 1245 4123 in
1273 4071 1537 4134 gratiarum
1561 4072 1802 4125 actionem
1833 4086 1920 4138 pro
1941 4071 2147 4124 sanitate
2171 4071 2358 4137 parenti
2380 4070 2567 4125 reddita
2590 4079 2636 4123 et
2658 4071 2699 4125 is
2721 4086 2772 4125 re
2797 4071 2904 4139 ipsa
2934 4086 3026 4124 non
3056 4068 3196 4121 luisset

754 4161 987 4217 aegrotus
1010 4157 1090 4209 vel
1118 4163 1247 4209 esset
1276 4163 1515 4210 mortuus
1546 4160 1606 4209 Et
1634 4156 1761 4209 ratio
1800 4156 2037 4210 nullitatis
2066 4156 2231 4209 talium
2275 4163 2501 4209 votorum
2543 4163 2632 4222 est,
2658 4156 2769 4223 quia
2802 4157 2885 4210 hic
2912 4155 3072 4210 deficit
3097 4153 3198 4207 liber

753 4253 1037 4302 eonsensuS,
1065 4240 1147 4306 qui
1187 4256 1282 4295 non
1322 4245 1474 4295 fertur
1512 4241 1560 4295 in
1600 4240 1900 4305 incognitum
1934 4250 1983 4293 et
2021 4240 2140 4294 nihil
2169 4249 2264 4295 tam
2307 4248 2381 4295 est
2420 4242 2716 4296 contrarium
2755 4240 3037 4303 consensui,
3077 4249 3198 4303 quam

753 4337 907 4375 error.
934 4324 1043 4378 Fill.
1072 4333 1105 4379 t.
1134 4329 1218 4379 26.
1244 4342 1288 4380 c.
1326 4328 1366 4377 l.

842 4427 995 4501 610.
1018 4431 1281 4516 S.A1ph.
1311 4456 1367 4497 n.
1401 4437 1547 4499 198.
1583 4436 1806 4499 merito
1842 4436 2011 4499 addit
2048 4436 2394 4501 invalidum
2429 4439 2648 4501 votum
2686 4454 2835 4511 esse,
2880 4436 3026 4500 licet
3052 4448 3201 4497 error

752 4553 862 4597 seu
908 4534 1261 4617 ignorantia
1309 4538 1392 4600 sit
1439 4537 1880 4602 concomitans.
1925 4538 2131 4613 Ratio,
2163 4539 2308 4620 quia
2343 4539 2579 4604 ethaeo
2616 4540 2764 4604 facit
2813 4538 2968 4602 Non
3015 4533 3205 4600 volim-

756 4636 988 4698 tarium
1033 4640 1256 4699 actmn.
1294 4636 1386 4700 cf.
1412 4638 1486 4701 (Ie
1520 4638 1665 4701 Act.
1703 4639 1898 4702 Ham.
1928 4660 2028 4703 nn.
2064 4642 2169 4703 49.
2207 4660 2372 4722 seqq.
