3497 5147
702 380 811 434 250
948 392 1163 433 macr.
1192 392 1270 433 vr.
1298 390 1461 431 anor.
1490 393 1528 432 1.
1555 392 1641 431 nn
1665 391 1858 433 ramo
1887 392 2104 433 ruane.
2133 390 2460 432 necamur.
2482 390 2615 431 cnr.
2644 391 2684 429 1.
2709 390 2852 431 nun.
2880 390 2944 429 11.
3020 375 3165 444 [342]

810 490 918 541 ΧΙΙ.
949 488 995 540 4.
1023 490 1188 552 Neque
1223 485 1267 539 is
1303 494 1582 548 excusatur,
1610 486 1693 553 qui
1721 486 1836 539 talia
1875 486 2031 539 media
2062 485 2195 539 utilia
2236 486 2393 540 credit
2427 492 2625 552 propter
2662 483 3022 550 experientias;
3047 486 3162 551 quia

700 579 789 628 bas
827 576 1031 627 daemon
1072 576 1319 637 procurat,
1347 578 1399 624 ut
1436 570 1658 623 homines
1696 569 1928 637 paulatim
1972 570 2202 637 illaqueet
2238 578 2288 625 ct
2327 572 2386 623 ad
2424 570 2602 624 similia
2641 571 2923 636 usurpanda
2953 568 3166 623 inducat.

700 661 762 713 V.
791 662 966 712 Sancti.
998 660 1046 709 2.
1068 657 1211 711 Mor.
1238 671 1282 710 c.
1310 659 1397 709 38.

786 777 967 850 342.
1002 778 1312 860 Principia
1351 777 1446 841 his
1472 778 1956 842 resolutionibus
1979 779 2270 842 contenta
2301 780 2366 843 et
2396 779 2576 861 plane
2610 797 2718 860 per
2755 797 2820 842 se
2852 777 3160 842 evidentia

697 902 1017 964 nunquam
1049 883 1196 945 sunt
1229 880 1525 945 oblivioni
1562 879 1878 944 tradenda.
1929 880 2011 943 Et
2056 880 2305 961 quidem
2337 899 2407 944 ex
2445 881 2668 945 horum
2722 880 3033 944 oblivione
3063 880 3165 961 (ne

699 986 977 1050 dicamus
1010 1004 1080 1046 ex
1113 983 1334 1064 supina
1365 982 1751 1065 ignorantia)
1783 982 2019 1046 factum
2045 983 2248 1058 est,ut
2278 983 2338 1045 in
2363 982 2591 1045 iudicio
2617 981 2862 1045 ferendo
2889 981 2964 1045 de
2988 982 3169 1064 phae-

701 1088 980 1153 nomenis
1026 1086 1350 1168 spiritismi
1396 1084 1649 1165 quidam
1700 1084 1928 1148 nostris
1976 1084 2142 1147 hisce
2173 1084 2388 1148 diebus
2437 1084 2757 1166 pueriliter
2787 1084 3166 1165 desipuerint

705 1193 768 1255 et
798 1188 1361 1273 imprudentissime
1385 1189 1448 1250 et
1472 1186 1865 1250 inscitissime
1892 1186 1989 1249 vel
2013 1186 2322 1250 haeserint
2354 1186 2592 1257 incerti,
2611 1186 2709 1250 vel
2734 1185 2926 1249 etiam
2950 1185 3165 1268 culpae

704 1293 976 1359 cuiusvis
1009 1309 1218 1374 expers
1251 1289 1794 1372 pronunciaverint
1825 1288 1905 1366 id,
1927 1289 2092 1370 quod
2119 1289 2213 1354 vel
2245 1309 2396 1371 puer
2422 1289 2638 1371 primis
2671 1288 3031 1353 catechismi
3054 1288 3170 1352 ele-

704 1395 930 1460 mentis
962 1393 1241 1457 imbutus
1272 1391 1614 1455 diabolicae
1644 1391 1847 1454 fraudi
1881 1391 2349 1455 adscribendum
2382 1391 2876 1473 pronunciasset.

818 1558 943 1610 Xlll.
974 1556 1021 1609 5.
1050 1555 1101 1608 Si
1127 1554 1236 1621 quis
1262 1558 1320 1606 ab
1350 1552 1511 1616 astriS,
1543 1552 1743 1605 somniis
1768 1552 2072 1605 similibusve
2099 1552 2162 1606 ita
2196 1554 2483 1618 dependeat,
2513 1559 2564 1604 ut
2606 1566 2776 1605 omnes
2803 1566 2926 1617 pene
2958 1552 3171 1605 actiones

705 1659 820 1697 suas
840 1651 888 1696 et
907 1642 1055 1694 vitam
1073 1640 1208 1693 iuxta
1230 1654 1285 1692 ea
1310 1641 1530 1701 regulare
1554 1638 1689 1700 velit,
1707 1653 1817 1691 eum
1842 1637 2113 1690 mortaliter
2133 1651 2335 1703 peccare
2358 1638 2533 1688 docent
2558 1638 2692 1690 Less,
2714 1638 2857 1689 Suar.
2875 1639 3058 1689 Sancti.
3084 1640 3168 1688 l.c.

810 1729 946 1781 XlV.
970 1729 1018 1779 6.
1040 1729 1113 1778 Ex
1134 1723 1299 1777 talium
1328 1722 1692 1782 observatione,
1714 1723 1864 1775 semel
1893 1729 2038 1787 atque
2063 1721 2239 1774 iterum
2269 1720 2449 1786 aliquid
2477 1720 2721 1783 omittere,
2745 1724 2805 1773 acl
2828 1723 2960 1786 quod
2990 1722 3172 1787 alioqui

703 1816 794 1866 snb
823 1810 1013 1864 mortali
1040 1824 1134 1861 non
1162 1807 1359 1870 teneriS,
1383 1806 1571 1859 veniale
1600 1814 1786 1859 tantum
1812 1821 1921 1858 esse
1948 1813 2146 1859 censent
2171 1805 2325 1858 Caict.
2349 1812 2396 1857 et
2430 1810 2561 1857 Arm.
2586 1806 2646 1858 V.
2670 1804 2987 1871 Somnium,
3015 1805 3084 1858 uti
3122 1813 3168 1858 et

704 1896 912 1950 subinde
946 1895 1116 1946 timere
1145 1892 1336 1953 leviter,
1365 1907 1423 1944 ne
1449 1890 1514 1943 ita
1544 1890 1605 1942 sit
1630 1897 1714 1944 aut
1739 1890 1951 1955 eveniat,
1977 1894 2105 1955 quod
2137 1892 2447 1956 portendunt,
2480 1898 2530 1942 ut
2563 1896 2695 1942 notat
2724 1892 2866 1942 Suar.
2896 1905 3006 1955 sup.
3036 1892 3068 1944 l.
3096 1907 3138 1944 c.

792 2013 973 2087 343.
1014 2015 1245 2098 Agitur
1290 2013 1423 2076 heic
1469 2013 1542 2076 de
1589 2014 1685 2088 iis,
1737 2012 1844 2076 ubi
1889 2013 2134 2076 nullum
2188 2016 2443 2095 pactum
2493 2014 2589 2077 est
2634 2012 3019 2094 explicitum,
3068 2013 3175 2077 sed

703 2121 965 2184 daemon
997 2136 1061 2180 se
1091 2115 1401 2179 immiscet
1431 2134 1503 2178 ac
1532 2115 1851 2195 praeterea
1877 2114 2089 2197 agitur
2120 2115 2193 2179 de
2224 2115 2640 2197 praeiudiciis),
2669 2134 2829 2196 quae
2861 2134 2934 2179 ex
2958 2116 3177 2180 stultis

703 2238 1091 2306 paganorum
1131 2217 1519 2300 opinionibus
1553 2217 1918 2298 superstites
1951 2217 2110 2280 inter
2149 2219 2376 2301 vulgus
2409 2220 2856 2281 remanserunt.

793 2325 987 2388 Porro
1020 2340 1162 2385 cum
1195 2320 1332 2402 quis
1381 2338 1557 2384 nosse
1604 2319 1843 2395 debeat,
1873 2319 2071 2384 Deum
2098 2339 2221 2384 non
2252 2340 2463 2404 regere
2496 2340 2603 2402 per
2634 2320 2785 2384 haec
2830 2321 3176 2385 humanam
3222 2361 3232 2369 -

704 2428 902 2492 vitam
935 2424 1223 2497 voluisse,
1249 2442 1359 2486 nec
1382 2423 1682 2485 virtutem
1714 2422 1879 2486 hisce
1914 2422 2109 2486 inesse
2141 2422 2544 2503 portendendi
2578 2422 2690 2486 aut
2720 2421 3047 2507 dirigendi,
3076 2444 3181 2506 pa-

703 2536 833 2600 lam
871 2536 983 2611 est,
1020 2551 1181 2608 eum,
1216 2530 1323 2612 qui
1356 2531 1490 2593 tam
1527 2547 1706 2593 caeca
1753 2528 1871 2593 fide
1917 2528 1994 2593 iis
2045 2528 2357 2602 adhaeret,
2391 2528 2672 2594 excusari
2703 2547 2740 2592 a
2770 2530 2950 2614 gravi
2991 2530 3181 2615 culpa

704 2657 829 2703 non
861 2655 1058 2719 posse.

793 2740 971 2821 Quod
1020 2756 1162 2803 vero
1211 2737 1520 2818 quispiam
1566 2736 1629 2800 vi
1674 2736 1898 2801 horum
1940 2737 2457 2819 praeiudiciorum
2507 2736 2608 2801 vel
2655 2737 2893 2800 invitus
2943 2741 3010 2802 et
3056 2757 3180 2803 non

700 2862 954 2927 prorsus
986 2841 1233 2906 credens
1282 2839 1593 2903 interdum
1640 2839 2005 2921 abripiatur,
2042 2840 2404 2921 praesertim
2438 2840 2587 2921 quia
2617 2838 2805 2903 homo
2845 2840 3056 2905 tendit
3100 2842 3180 2905 ad

697 2947 940 3011 tutiora
989 2942 1271 3026 eligenda
1317 2944 1380 3005 et
1429 2941 1698 3005 stultum
1750 2943 1934 3022 putat
1981 2941 2079 3005 vel
2126 2941 2512 3005 levissimum
2562 2960 2632 3004 ac
2677 2941 3174 3007 remotissimum

697 3049 904 3113 subire
944 3046 1306 3128 periculum,
1342 3043 1450 3106 ubi
1487 3044 1737 3107 nihil-id
1771 3043 1964 3127 exigit
1996 3046 2110 3107 aut
2142 3046 2345 3127 urget,
2388 3062 2528 3107 cum
2577 3042 2821 3107 licitum
2872 3051 3180 3127 appareat

703 3150 1059 3234 oppositum
1107 3149 1171 3212 et
1213 3146 1368 3210 illud
1417 3147 1865 3228 praeiudicium
1898 3165 2187 3227 superare
2234 3146 2696 3211 incommodum
2746 3147 2832 3212 sit
2878 3152 2943 3212 et
2992 3150 3182 3214 mole·

699 3257 890 3328 stum,
931 3252 1074 3315 hinc
1104 3249 1381 3314 excusari
1415 3269 1451 3313 a
1484 3250 1663 3333 gravi
1701 3247 2015 3312 interdum
2055 3250 2281 3330 potest.

793 3353 1114 3418 Eiusmodi
1151 3352 1299 3417 sunt
1347 3351 1455 3433 qui
1501 3350 1842 3414 numeratis
1890 3351 2407 3416 commensalibus
2440 3352 2667 3417 timent
2711 3371 2750 3416 a
2798 3354 3178 3434 quibusdam

705 3456 889 3522 certis
938 3456 1229 3520 numeris.

794 3559 894 3623 Ita
933 3559 1037 3640 qui
1071 3558 1294 3622 timore
1325 3554 1768 3620 concutiuntur
1801 3555 1879 3618 ob
1917 3557 2168 3619 cantum
2209 3558 2493 3621 noctuae.

794 3663 893 3725 Ita
930 3661 1040 3741 qui
1075 3647 1329 3741 capiunt
1365 3656 1703 3741 augurium
1727 3676 1801 3720 ex
1825 3675 2080 3722 occursu
2115 3677 2428 3739 personae,
2464 3678 2621 3740 quae
2655 3660 2856 3742 primo
2892 3663 3044 3725 anni
3081 3662 3177 3726 die

703 3765 776 3827 fit
826 3762 1095 3827 obviam.

791 3865 892 3928 Ita
939 3883 975 3925 a
1022 3863 1275 3925 mortali
1321 3865 1670 3938 excusatur,
1720 3863 1828 3944 qui
1877 3864 1953 3929 ob
2002 3864 2276 3945 aliquam
2331 3865 2814 3946 praedictionem
2869 3868 3176 3953 astrologi

700 3983 892 4028 unam
938 3963 1276 4026 alteramve
1333 3962 1638 4026 actionem
1696 3965 1938 4029 omittit
1987 3967 2098 4029 aut
2146 3965 2357 4047 ponit:
2408 3985 2466 4029 V.
2515 3986 2612 4051 gr.
2658 3969 2883 4033 melius
2936 3969 3175 4034 claudit

696 4067 970 4141 domum,
989 4064 1136 4146 quia
1161 4064 1515 4147 astrologus
1541 4064 1697 4157 dixit
1722 4066 2066 4130 timendum
2090 4067 2185 4130 illi
2204 4086 2240 4130 a
2266 4067 2523 4144 furibus,
2544 4070 2642 4133 vel
2668 4089 2789 4135 non
2817 4072 3178 4137 conscendit

697 4188 943 4251 equum,
994 4166 1139 4248 quia
1185 4166 1396 4248 lapsus
1444 4167 1563 4250 ipsi
1613 4167 1824 4231 fatalis
1874 4169 1988 4231 hac
2035 4169 2131 4231 vel
2179 4169 2289 4233 illa
2336 4171 2434 4235 die
2481 4173 2964 4255 praenunciatus
3015 4178 3126 4239 est.

788 4271 1119 4334 Peccatum
1138 4269 1401 4333 mortale
1418 4271 1778 4346 committit,
1800 4270 1851 4332 si
1871 4270 2009 4351 quis
2027 4290 2304 4354 expresse
2320 4272 2622 4339 desideret
2642 4296 2705 4340 se
2723 4296 2830 4358 per
2855 4278 3171 4342 somnium

701 4392 739 4437 a
776 4372 1072 4437 daemone
1107 4372 1329 4448 doceri,
1365 4375 1478 4437 aut
1513 4372 1648 4436 ideo
1688 4389 1977 4435 somnum
2015 4373 2222 4455 capiat
2258 4376 2425 4440 certo
2464 4377 2736 4459 corporis
2778 4378 2932 4456 situ,
2969 4383 3042 4444 ut
3078 4399 3176 4445 oc*

704 4474 944 4539 cultum
976 4473 1124 4556 quid
1156 4475 1271 4538 sibi
1306 4474 1631 4538 reveletur.

793 4576 851 4639 N
857 4595 933 4641 011
959 4576 1203 4640 videtur
1234 4576 1509 4660 graviter
1532 4595 1799 4657 peccare,
1829 4577 1935 4658 qui
1961 4578 2273 4642 somnians
2299 4599 2606 4654 numerosi,
2641 4580 2787 4645 ludo
2811 4581 2943 4660 (del
2975 4584 3169 4662 lotto)
