3497 5147
293 366 419 436 [347]
1343 383 1664 423 mvmmo
2624 376 2733 428 253

290 479 373 543 vel
396 477 650 562 pigritia
680 480 744 542 et
778 478 985 542 acedia
1014 478 1078 541 in
1112 479 1539 562 aggrediendis
1570 481 1909 559 laboribuS,
1957 485 2048 547 ita
2081 485 2394 568 proniores
2429 485 2504 549 ad
2539 487 2732 549 tristi-

290 582 458 645 stiam
491 582 681 662 atque
720 581 870 645 adeo
904 581 981 643 ad
1026 580 1183 645 iram
1232 582 1330 645 vel
1365 582 1825 665 impatientiam
1873 588 2134 669 reperies
2166 588 2444 652 homines
2483 590 2727 670 quando

289 704 352 748 ex
380 684 531 747 aeris
564 683 927 765 intemperie
971 684 1133 747 male
1180 703 1244 747 se
1276 685 1478 749 solent
1524 686 1782 751 habere:
1832 690 2048 752 contra
2096 691 2437 773 praevideri
2469 694 2734 774 possunt

290 786 521 850 effectus
567 784 869 861 laetitiae,
902 785 1001 849 vel
1030 785 1341 850 interdum
1371 789 1806 854 commotionis
1840 790 1916 854 ad
1949 791 2268 857 libidinem
2299 795 2417 857 etc.

366 888 523 952 Bene
572 889 784 952 autem
824 886 1077 963 addunt,
1117 888 1265 970 quid
1303 889 1691 955 sentiendum
1727 892 1800 956 de
1850 894 2291 977 impostoribus
2322 895 2468 971 illis,
2504 897 2612 977 qui
2660 917 2732 960 ex

290 991 454 1054 astris
486 991 711 1055 volunt
740 990 1175 1073 praenuntiare
1212 1011 1302 1067 ea,
1338 1011 1495 1073 quae
1527 994 1624 1057 vel
1669 1014 1704 1058 a
1753 996 1882 1059 Deo
1931 996 2214 1078 pendent,
2256 998 2351 1061 uti
2384 1001 2532 1062 sunt
2568 1000 2730 1063 dona

288 1094 512 1179 gratiae
557 1094 656 1158 vel
703 1112 862 1174 quae
909 1093 987 1156 ab
1031 1093 1298 1157 hominis
1332 1095 1610 1171 arbitrio,
1646 1096 1743 1161 uti
1783 1098 1932 1161 sunt
1977 1099 2249 1182 nuptiae,
2292 1100 2575 1177 honores,
2611 1102 2733 1165 for·

291 1198 480 1273 timae,
514 1196 722 1260 status
760 1197 928 1260 vitae
965 1198 1080 1260 etc.

366 1299 476 1363 Sed
504 1299 671 1363 male
704 1298 959 1374 addunt,
993 1317 1152 1380 quae
1183 1300 1283 1363 hic
1312 1301 1519 1365 refert.
1554 1321 1601 1366 s.
1628 1302 1812 1385 Aiph.
1848 1325 1906 1368 n.
1940 1305 2042 1369 lo.
2077 1331 2110 1362 ⁴<
2136 1306 2491 1371 Praedicere
2514 1306 2729 1370 futura

286 1401 696 1485 contingentia.
724 1400 920 1464 libera
950 1402 1447 1466 coniecturaliter
1479 1405 1726 1468 tantum
1767 1425 1838 1470 ex
1870 1407 2063 1491 signis
2098 1410 2309 1473 avium
2342 1412 2480 1485 etc.,
2514 1410 2731 1474 dicunt

288 1502 829 1568 Salmanticenses„
838 1552 874 1579 .,
893 1524 1016 1569 non
1041 1524 1170 1569 esse
1193 1506 1511 1583 illicitum:
1532 1509 1679 1590 quia
1704 1511 2117 1589 constellatio
2137 1532 2295 1593 quae
2324 1513 2603 1576 homines
2630 1532 2735 1597 po·

285 1608 399 1671 test
426 1626 815 1673 commovere
848 1608 923 1671 ad
956 1608 1206 1685 bellum,
1235 1611 1441 1692 potest
1472 1612 1663 1675 etiam
1702 1612 1814 1676 illa
1846 1614 2025 1696 signa
2056 1634 2310 1678 causare
2335 1615 2397 1677 in
2425 1616 2643 1678 avibus
2667 1639 2730 1678 ».

282 1708 616 1793 Antiquata
648 1729 768 1775 non
802 1729 976 1775 secus
1009 1730 1080 1775 ac
1112 1712 1338 1795 priora,
1374 1731 1532 1793 quae
1564 1716 1711 1778 sunt
1743 1714 1967 1778 horum
2004 1714 2497 1780 fundamentum.

383 1853 558 1907 xvlu.
592 1855 667 1908 10.
698 1857 917 1916 peccant,
945 1854 1030 1921 qui
1057 1853 1330 1919 Aegyptios
1357 1856 1417 1908 de
1447 1859 1639 1907 fortuna
1668 1859 1931 1909 consulunt
1958 1864 2007 1910 et
2032 1857 2246 1923 quidem,
2274 1858 2315 1911 si
2342 1860 2426 1911 flat
2453 1873 2562 1912 cum
2590 1860 2723 1912 firma

285 1937 377 1988 11110
402 1939 479 1991 vel
504 1940 728 1991 scandalo
756 1946 868 2002 etc„
900 1939 1202 1992 mortaliter:
1229 1938 1268 1991 si
1298 1953 1416 1993 vero
1444 1955 1591 1993 causa
1618 1939 1918 1995 curiositatis
1945 1945 2022 1993 vel
2056 1941 2202 2008 riSuS‚
2233 1949 2281 1995 ut
2313 1945 2362 1995 flt
2390 1943 2731 2007 communiter,

281 2020 528 2076 venialiter
566 2029 762 2076 tantum.
789 2023 897 2077 Fill.
928 2030 974 2077 et
999 2027 1174 2077 800011.

360 2141 537 2216 347.
575 2145 742 2226 Quos
774 2147 849 2210 A.
883 2146 1035 2211 dicit
1065 2147 1427 2232 AegyptioS,
1462 2148 1609 2229 quia
1643 2148 1719 2211 ab
1743 2149 2029 2233 Aegypto
2065 2149 2213 2213 olim
2238 2150 2496 2232 profecti
2528 2170 2735 2215 cense-

276 2248 512 2326 bantur,
559 2250 667 2314 alii
704 2249 1013 2314 Bohemos
1053 2252 1295 2327 vocant,
1331 2251 1439 2315 alii
1478 2251 1678 2328 aliter,
1718 2271 1831 2315 nos
1870 2252 2169 2336 Zingaros
2208 2272 2531 2317 vocamus:
2580 2273 2734 2338 gens

275 2352 575 2434 quaedam
608 2372 678 2417 ex
701 2353 854 2417 Asia
886 2352 1160 2436 profecta
1186 2354 1247 2416 et
1274 2373 1309 2416 a
1335 2353 1615 2436 pluribus
1640 2354 1864 2417 seculis
1891 2354 2019 2418 sine
2044 2356 2211 2418 certa
2237 2356 2394 2434 sede,
2422 2356 2544 2420 huc
2575 2357 2723 2421 illuc

272 2472 489 2533 errans,
516 2455 864 2539 pessimum
888 2455 1211 2520 hominum
1235 2475 1449 2539 ε(31011113,
1477 2457 1650 2520 nulla
1672 2456 1972 2540 religione
1997 2458 2240 2521 utentes
2274 2458 2732 2541 utplurimum.

355 2556 558 2624 Grave
604 2558 966 2623 scandalum
1004 2577 1133 2622 esse
1179 2560 1405 2641 potest,
1446 2558 1501 2623 si
1547 2559 1685 2640 quis
1733 2557 1945 2624 foveat
1981 2559 2351 2643 opinionem,
2387 2560 2483 2625 his
2529 2561 2732 2645 reipsa

266 2660 454 2726 inesse
485 2660 1034 2744 supernaturalem
1068 2661 1388 2725 scientiam
1427 2663 1490 2725 et
1520 2681 1709 2746 grave
1757 2663 1964 2745 potest
2010 2682 2140 2727 esse
2171 2664 2515 2746 peccatum,
2550 2664 2601 2727 si
2634 2664 2734 2727 fir·

262 2763 440 2832 miter
471 2784 627 2829 vera
663 2782 735 2828 ea
765 2763 1050 2839 retineat,
1091 2782 1248 2846 quae
1282 2764 1477 2842 audit,
1516 2765 1635 2828 nisi
1666 2764 1781 2828 fiat
1812 2786 1882 2830 ex
1920 2785 2080 2831 vano
2130 2766 2371 2830 timore.

349 2866 528 2932 Actio
561 2869 709 2951 ipsa
739 2866 1098 2931 consulendi
1130 2867 1387 2930 venialis
1421 2885 1550 2931 esse
1582 2868 1810 2952 potest,
1838 2868 1890 2931 si
1915 2888 1986 2931 ex
2009 2869 2372 2933 curiositate
2397 2871 2459 2933 et
2483 2869 2724 2934 videndi

264 2987 444 3035 causa
466 2972 604 3036 fiat.
634 2969 943 3034 Adderern
959 2969 1093 3034 heic
1116 2970 1320 3033 valere
1353 2969 1517 3051 quod
1555 2969 1823 3036 diximus
1861 2969 1934 3035 de
1973 2971 2228 3035 somniis
2262 2974 2325 3036 01
2374 2973 2733 3057 astrologia,

264 3070 379 3136 levi
409 3074 596 3157 culpa
632 3091 813 3155 posse
839 3071 1191 3155 quempiam
1224 3072 1457 3153 aliquid
1492 3092 1597 3154 per
1622 3092 1685 3136 se
1710 3072 2058 3137 indifferens
2090 3074 2287 3138 facere
2313 3074 2410 3138 vel
2446 3074 2732 3139 omittere

262 3173 334 3237 ob
363 3194 459 3240 res
493 3175 774 3251 auditae,
810 3175 863 3237 si
895 3173 1117 3238 ductus
1149 3172 1339 3237 fuerit
1370 3175 1468 3238 vel
1493 3175 1788 3259 quopiam
1821 3175 2044 3240 timore
2076 3177 2175 3241 vel
2207 3178 2501 3260 quapiam
2538 3178 2734 3243 curio-

261 3275 459 3356 sitate,
496 3298 651 3343 cum
686 3276 961 3359 alioquin
1001 3296 1072 3340 ea
1109 3296 1231 3341 non
1263 3277 1531 3342 retineat
1554 3279 1628 3342 ut
1659 3279 1822 3341 certe
1855 3278 2142 3342 veridica.

361 3421 498 3474 XIX.
532 3423 621 3474 ll.
656 3419 1009 3486 superstitiosa
1043 3428 1117 3473 est
1141 3420 1395 3484 divinatio,
1425 3436 1548 3485 quae
1574 3424 1628 3474 fit
1654 3436 1741 3486 per
1768 3430 1930 3475 sortes
1954 3422 2285 3484 divinatoriaS,
2316 3426 2376 3475 ad
2405 3427 2620 3477 loturum
2654 3423 2732 3478 vel

259 3509 498 3559 occultum
527 3504 724 3572 aliquid
748 3507 1155 3569 cognoscendum,
1183 3504 1319 3571 quasi
1345 3505 1564 3558 sortibus
1592 3505 1667 3558 vis
1693 3506 1854 3571 aliqua
1883 3506 2045 3559 divina
2073 3506 2215 3559 insit:
2247 3512 2298 3559 ut
2323 3506 2365 3559 si
2394 3507 2502 3571 quis
2530 3522 2576 3559 v.
2600 3523 2645 3570 g,
2673 3524 2732 3560 cx

261 3590 541 3644 taxillorum
566 3590 878 3658 proiectione
894 3598 943 3643 et
962 3590 1281 3656 dispositione
1298 3588 1499 3652 divinet,
1519 3589 1627 3655 quis
1647 3589 1709 3642 sit
1729 3594 2020 3643 obtenturus
2039 3590 2310 3654 victoriam,
2332 3591 2617 3644 heneficium
2640 3599 2733 3644 etc.

258 3675 383 3729 111010
411 3680 516 3730 tere
543 3675 626 3730 es't
660 3676 721 3729 de
748 3675 963 3729 sortibus
987 3676 1316 3737 000301101113,
1344 3675 1521 3740 quibus
1546 3673 1822 3740 inquiritur,
1844 3674 1959 3739 quid
1986 3674 2032 3727 in
2064 3679 2152 3728 hac
2167 3679 2256 3728 *vel
2286 3675 2367 3729 illa
2407 3690 2461 3728 re
2502 3675 2561 3728 sit
2591 3690 2729 3739 agen·

258 3761 385 3813 dum.
415 3762 533 3815 Dixi
565 3766 701 3824 tere;
728 3759 840 3827 quia
879 3760 1138 3825 aliquando
1179 3764 1269 3812 1100
1310 3760 1468 3813 licitae
1505 3766 1633 3821 sunt,
1676 3761 1871 3824 quando
1907 3773 2085 3813 causae
2123 3760 2390 3813 necessitas
2425 3769 2474 3814 et
2501 3765 2735 3816 honestas

258 3844 404 3911 exigit
428 3846 705 3915 aptiorque
732 3847 908 3900 modus
925 3845 1127 3900 dubium
1155 3844 1381 3898 vincendi
1402 3860 1495 3898 non
1523 3851 1757 3911 apparet:
1782 3847 2047 3899 dummodo
2073 3848 2190 3899 flant
2218 3846 2485 3912 praemissa
2510 3846 2733 3901 oratione

258 3943 362 3988 cum
399 3932 570 3986 dehita
614 3930 890 3985 reverentia
929 3938 979 3983 et
1002 3929 1236 3983 iudicium
1263 3944 1357 3983 non
1382 3935 1682 3996 expectetur,
1711 3928 1807 3982 nisi
1836 3945 1861 3983 a
1888 3931 1996 3983 solo
2024 3931 2158 3996 Deo;
2188 3936 2241 3983 ut
2270 3945 2315 3983 v.
2343 3945 2388 3995 g.
2417 3930 2458 3984 si
2484 3931 2593 3997 quis
2619 3936 2737 3986 hae-

257 4027 365 4069 rens
389 4016 439 4070 in
467 4015 614 4070 bivio
658 4014 801 4068 aliter
837 4017 998 4082 quoad
1040 4014 1164 4067 viam
1191 4029 1243 4068 se
1283 4015 1608 4068 determinare
1647 4030 1741 4067 non
1783 4013 1961 4080 possit:
1991 4019 2067 4069 vel
2106 4014 2148 4069 si
2186 4015 2353 4070 divino
2395 4014 2623 4070 instinctu
2653 4026 2734 4071 aut

256 4099 388 4154 iussn
417 4105 557 4162 flant,
590 4106 649 4153 ut
685 4101 727 4150 l.
756 4102 871 4163 fleg.
896 4101 958 4152 X.
977 4098 1024 4151 in
1053 4097 1291 4152 electione
1317 4098 1479 4152 Saulis
1506 4099 1722 4164 contigit.
1753 4100 1858 4152 Fill.
1895 4107 1955 4154 tr.
1985 4100 2068 4153 25.
2097 4116 2138 4154 c.
2169 4103 2215 4153 3.
2245 4104 2421 4155 Sanch.
2446 4105 2564 4154 Bon.
2590 4104 2637 4155 ll.
2661 4117 2730 4156 cc.

360 4186 480 4238 XX.
510 4188 600 4237 12.
622 4187 798 4237 Sortes
822 4183 1088 4236 divisoriae
1115 4183 1218 4236 sine
1244 4183 1592 4251 superstitione
1618 4190 1666 4239 et
1693 4187 1982 4250 plerumque
2010 4183 2138 4238 licite
2169 4185 2274 4238 neri
2302 4194 2521 4250 possunt,
2547 4185 2652 4238 sive
2674 4189 2734 4238 ad

255 4272 513 4325 honestum
543 4271 743 4332 ludum,
769 4267 876 4322 sive
901 4271 961 4320 ad
1000 4267 1285 4322 hereditatis
1322 4268 1632 4332 divisionem,
1657 4269 1766 4322 sive
1797 4271 1856 4322 ad
1883 4269 1982 4323 litis
2014 4268 2435 4336 compositionem,
2465 4272 2732 4324 dummodo

256 4353 517 4418 litigantes,
545 4353 637 4421 qui
681 4353 884 4418 aequale
920 4352 1000 4406 ius
1024 4356 1220 4419 habent,
1246 4355 1549 4409 consentiant
1560 4370 1575 4421 ;
1601 4353 1715 4419 quia
1742 4353 1865 4408 nihil
1904 4353 2035 4407 aliud
2069 4354 2332 4416 continent,
2358 4368 2503 4419 quam
2540 4362 2733 4409 contra·

255 4448 379 4495 etum
417 4441 555 4496 inter
598 4453 713 4503 003,
752 4437 836 4504 qui
873 4440 933 4492 ad
972 4435 1184 4504 aliquam
1223 4453 1326 4492 rem
1363 4439 1442 4492 ius
1479 4444 1674 4500 nabent,
1717 4445 1776 4491 ut·
1807 4439 1943 4493 illius
1981 4438 2060 4503 sit,
2100 4439 2179 4492 cui
2221 4455 2328 4492 sors
2366 4440 2612 4504 obtigerit.
2655 4441 2737 4496 Sic

254 4525 410 4588 eliam,
434 4526 480 4579 si
509 4529 692 4593 plures
719 4530 923 4577 mortem
951 4522 1110 4576 meriti
1137 4522 1250 4588 sint,
1270 4538 1357 4577 nec
1382 4524 1609 4589 expediat
1634 4538 1804 4577 omnes
1832 4523 2011 4589 puniri,
2039 4530 2171 4576 sorte
2198 4523 2384 4578 definiri
2423 4532 2598 4590 potest,
2628 4525 2737 4590 quis

252 4623 309 4664 ex
333 4610 395 4665 iis
420 4609 488 4665 sit
513 4608 846 4664 occidendus·
882 4607 1020 4660 Dixi:
1047 4610 1356 4674 plerumquc3
1385 4615 1485 4661 tum
1525 4608 1636 4673 quia
1674 4607 1721 4659 in
1762 4607 2085 4660 electionibus
2110 4608 2471 4662 Ecclesiasticis
2499 4617 2610 4661 sunt
2638 4607 2734 4661 illi-
