3497 5147
701 318 810 375 682
952 334 1167 375 mser.
1188 333 1268 375 vr.
1284 331 1447 374 επιστ.
1470 333 1529 371 v.
1544 331 1630 371 nn
1649 328 1878 378 Quru‘ro
1903 329 2122 371 manc.
2143 327 2472 371 omanem.
2493 328 2628 370 cn.
2643 331 2682 371 1.
2707 328 2849 371 nun,
2869 329 2952 371 iv.
3034 313 3181 389 [920]

703 430 1039 512 aliquando
1072 429 1307 513 negligi
1338 445 1597 512 parvam
1632 426 1811 490 illam
1843 426 2011 491 vitae
2043 426 2371 504 iacturam,
2413 424 2767 490 audivimus
2813 427 3001 509 paulo
3041 429 3184 493 ante

706 566 743 611 a
780 564 828 610 s,
863 545 1204 628 AlphonSO.

786 647 1156 730 Antiquitus
1201 646 1263 710 id
1320 646 1641 730 peractum
1689 644 1899 721 fuisse,
1950 644 2129 708 testis
2181 644 2277 708 est
2337 643 2764 709 Tertullianus
2818 642 2894 707 de
2941 642 3184 710 Anima

702 769 751 814 c.
792 751 896 813 25.
935 748 1202 813 referens
1236 766 1628 814 communem
1672 765 1938 811 morem:
1975 770 2010 804 ‹
2044 746 2116 809 In
2153 745 2290 829 ipso
2340 745 2545 809 adhuc
2592 748 2772 811 utero
2804 744 3007 810 infans
3054 748 3183 812 tru-

702 852 948 917 cidatur
982 850 1339 914 necessaria
1375 848 1763 922 crudelitate,
1813 867 1954 911 cum
2001 847 2065 911 in
2108 847 2282 912 exitu
2333 847 2697 929 obliquatus
2737 846 3004 932 denegat
3047 869 3181 932 par·

706 957 865 1029 tum,
900 952 1233 1017 matricida
1278 953 1351 1015 ni
1396 952 1736 1015 moriturus
1768 975 1830 1014 ».
1866 948 2104 1029 Quibus
2151 949 2354 1014 verbis
2401 949 2564 1014 idem
2611 950 2859 1014 videtur
2898 952 3174 1033 probare.

798 1055 859 1121 S.
900 1054 1389 1119 Poenitentiaria
1435 1054 1820 1137 interrogata
1875 1051 1999 1115 fuit
2044 1052 2160 1116 hac
2198 1050 2272 1117 de
2303 1070 2402 1117 re:
2459 1078 2494 1112 «
2526 1052 2624 1117 An
2670 1071 2948 1133 unquam
2995 1053 3179 1117 liceat

710 1160 1011 1243 operatio,
1044 1177 1202 1239 quae
1236 1160 1494 1222 vocatur
1526 1157 1936 1221 craniotomia
1986 1156 2085 1222 vel
2133 1155 2355 1220 similis
2405 1156 2704 1239 operatio,
2754 1175 2914 1238 quae
2961 1176 3067 1239 per
3112 1177 3176 1223 se

709 1261 939 1325 directe
969 1259 1171 1323 tendit
1196 1259 1272 1322 ad
1300 1258 1664 1323 occisionem
1688 1257 1944 1322 infantis
1974 1258 2039 1321 in
2071 1260 2249 1323 utero
2282 1258 2470 1341 positi
2496 1283 2558 1321 ».
2594 1256 2790 1322 Casus
2823 1259 3177 1342 propositus

709 1362 1013 1428 referebat
1049 1381 1286 1426 morem
1348 1380 1476 1426 esse
1530 1362 1606 1425 ut
1653 1361 1863 1443 aliquo
1909 1361 2130 1425 idoneo
2177 1360 2593 1425 instrumento
2647 1361 2851 1425 infans
2898 1361 3070 1444 prius
3114 1362 3178 1425 in

709 1466 888 1529 utero
914 1464 1284 1547 baptizetur,
1304 1483 1492 1545 quam
1519 1464 1649 1527 eius
1668 1465 1858 1546 caput
1882 1464 2259 1528 conteratur.
2285 1463 2674 1547 Responsum
2701 1461 2928 1549 Congr.
2951 1464 3047 1529 die
3073 1466 3177 1529 28.

710 1567 1025 1632 novembr.
1066 1566 1256 1629 1872.
1292 1566 1448 1631 fuit:
1491 1591 1527 1624 «
1559 1566 1618 1631 S.
1654 1566 2165 1644 Poenitentiaria‚
2216 1568 2465 1630 mature
2504 1567 2817 1650 perpensis
2865 1567 3178 1650 expositiS‚

709 1672 1065 1757 respondet:
1101 1674 1388 1738 consulat
1419 1673 1718 1756 probatus
1754 1673 2038 1737 auctores
2072 1673 2199 1737 sive
2232 1676 2469 1737 veteres
2501 1674 2629 1738 sive
2659 1676 2934 1739 recentes
2951 1676 3013 1738 et
3044 1694 3184 1758 pru-

710 1775 925 1841 denter
957 1777 1108 1861 agat
1140 1802 1201 1839 ».
1229 1774 1452 1840 Noluit
1485 1775 1719 1839 scilicet
1752 1795 1881 1839 rem
1906 1774 2176 1852 definire,
2206 1774 2560 1859 significans
2593 1776 3021 1858 quaestionem
3053 1795 3182 1841 esse

710 1878 1050 1954 difficilem,
1098 1880 1175 1942 ut
1219 1877 1445 1942 idcirco
1484 1878 1716 1942 mirum
1773 1895 1895 1941 non
1953 1877 2057 1954 sit,
2114 1876 2507 1942 doctissimos
2539 1878 2707 1943 viros
2755 1897 2866 1961 pro
2921 1881 3185 1960 utraque

712 1982 894 2063 parte
927 1980 1193 2044 stetisse.

803 2080 891 2145 At
935 2101 1151 2146 rursus
1200 2081 1411 2146 eadem
1460 2082 1743 2164 quaestio
1778 2082 1980 2146 relata
2013 2083 2109 2145 est
2135 2081 2212 2145 ad
2238 2079 2465 2167 Congr.
2486 2100 2534 2145 s.
2570 2079 2772 2145 Officii
2799 2101 2960 2147 anno
2991 2083 3180 2148 1884.

711 2184 829 2249 hoc
876 2185 1120 2249 tenore:
1177 2208 1212 2241 «
1243 2184 1342 2247 An
1385 2187 1513 2247 tuto
1544 2182 1756 2247 doceri
1771 2184 1986 2264 possit
2028 2183 2091 2246 in
2128 2183 2354 2248 scholis
2400 2182 2746 2261 catholicis,
2779 2183 3021 2249 licitam
3054 2204 3184 2249 esse

714 2287 1135 2370 operationem
1182 2285 1617 2370 chirurgicum,
1668 2305 1858 2368 quam
1907 2287 2380 2349 crani'otmniam
2413 2285 2750 2369 appellant,
2794 2287 3041 2368 quando
3073 2288 3186 2352 sci-

711 2391 859 2454 licet
891 2409 962 2453 ea
1009 2389 1257 2465 omissa,
1294 2390 1496 2452 mater
1528 2390 1590 2453 et
1636 2388 1804 2451 filius
1844 2387 2106 2470 perituri
2153 2388 2299 2465 sint,
2339 2408 2410 2452 ea
2460 2389 2676 2453 contra
2726 2388 3013 2466 admissa,
3065 2390 3183 2453 sal-

713 2491 916 2556 vanda
965 2491 1047 2554 sit
1077 2492 1298 2565 mater,
1338 2489 1576 2552 infante
1625 2492 1919 2572 pereunte
1953 2514 2013 2552 ».
2066 2490 2407 2573 Responsio
2457 2491 2606 2554 data
2656 2492 2760 2555 28.
2809 2492 2935 2556 mai
2983 2492 3178 2556 1884.

711 2595 865 2658 haec
911 2592 1059 2657 fuit:
1122 2589 1426 2656 Omnibus
1473 2589 1585 2654 diu
1629 2594 1693 2655 et
1735 2596 1979 2654 mature
2011 2594 2366 2673 perpensis,
2417 2592 2637 2657 habita
2673 2614 2910 2675 quoque
2939 2594 3184 2659 ratione

713 2717 941 2772 eorum,
969 2714 1145 2775 quae,
1190 2693 1259 2755 in
1290 2691 1408 2756 hac
1453 2712 1521 2755 re
1566 2714 1607 2756 a
1640 2694 1876 2775 peritis
1906 2693 2228 2759 catholicis
2273 2696 2433 2758 viris
2464 2698 2836 2776 conscripta,
2884 2696 2964 2760 ab
3009 2696 3184 2761 Eme?-

714 2798 931 2860 nentia
979 2801 1087 2858 tua
1135 2794 1277 2857 huie
1332 2793 1825 2878 Conyreyationi
1872 2799 2246 2861 transmissa
2290 2802 2457 2876 sunt,
2515 2798 3008 2879 respondendum
3058 2820 3184 2864 esse

714 2900 1068 2962 duxerunt:
1104 2902 1229 2962 tuto
1261 2898 1470 2963 doceri
1514 2920 1640 2963 non
1677 2920 1880 2981 posse.
1925 2901 2126 2983 Quam
2155 2903 2616 2981 responsionem
2646 2922 2785 2967 cum
2822 2902 2937 2968 SS.
2978 2902 3066 2968 D.
3093 2904 3178 2968 N.

714 3003 786 3065 in
831 3000 1151 3064 audientia
1199 2999 1468 3064 eiusdem
1513 3000 1560 3082 f.
1611 3023 1685 3066 ac
1730 3003 1790 3066 d.
1829 3003 2018 3084 plene
2065 3003 2544 3084 continuaverit,
2592 3005 2997 3070 Eminentiae
3046 3011 3182 3070 tuae

714 3105 1109 3169 communico.

806 3207 980 3272 Idem
1024 3225 1390 3291 responsum
1437 3209 1816 3273 instauravit
1867 3210 1968 3273 19.
2002 3209 2170 3294 Aug.
2216 3210 2408 3275 1888.
2445 3211 2552 3296 (ab
2601 3211 2740 3276 aliis
2788 3212 3024 3277 citatur
3067 3204 3182 3277 sub

719 3311 820 3374 14.
860 3310 1024 3396 Aug.
1071 3311 1259 3375 1888.
1296 3312 1374 3376 ab
1408 3312 1548 3376 aliis
1582 3313 1697 3376 sub
1733 3313 1837 3376 14.
1879 3311 2041 3396 Aug.
2082 3312 2334 3396 1889.):
2384 3313 2680 3377 nimirum
2713 3315 2786 3377 in
2829 3314 3058 3378 scholis
3086 3334 3183 3377 ca·

717 3414 960 3480 tholicis
995 3420 1122 3480 tuto
1169 3415 1376 3480 doceri
1411 3437 1538 3480 non
1572 3436 1778 3497 posse,
1830 3415 2068 3480 licitam
2116 3436 2245 3480 esse
2302 3417 2718 3497 operationem
2764 3417 3184 3499 chirurgiam

714 3539 901 3601 quam
946 3520 1417 3582 craniotomiam
1462 3518 1805 3600 appellant,
1838 3519 2003 3582 sicut
2045 3517 2430 3582 declaratum
2475 3520 2600 3583 em‘t
2629 3521 2732 3584 28.
2783 3518 2940 3584 Maii
2989 3518 3180 3582 1884.

713 3625 776 3684 et
818 3641 1258 3702 quamcumque
1305 3619 1725 3703 chirurqicam
1772 3621 2190 3702 operationem
2222 3619 2452 3684 directe
2485 3621 2809 3685 occisivam
2844 3621 3047 3702 foetus
3089 3618 3184 3684 vel

714 3723 940 3786 matris
969 3724 1297 3804 qestantis.

804 3824 964 3886 Item
997 3824 1351 3905 quaesitum
1391 3827 1505 3898 est,
1556 3844 1654 3902 an,
1695 3844 1838 3889 cum
1870 3825 2074 3890 morbi
2118 3826 2325 3891 letalis
2358 3845 2547 3891 causa
2579 3828 2675 3891 est
2719 3826 2855 3891 sola
2893 3844 3186 3910 praegna-

715 3925 825 3998 tio‚
860 3924 1047 3988 liceat
1094 3924 1329 3989 medico
1380 3945 1707 4008 procurare
1756 3927 2117 3992 eiectionem
2151 3927 2356 3993 foetus
2391 3928 2470 3992 ad
2506 3929 2889 3993 liberandam
2924 3928 3188 3992 matrem

716 4029 794 4093 ab
842 4026 1205 4092 imminente
1253 4030 1472 4105 morte,
1508 4028 1654 4094 licet
1702 4027 1908 4093 foetus
1957 4030 2040 4093 sit
2087 4029 2484 4096 immaturus
2537 4029 2880 4114 Respondit
2927 4050 2978 4094 c.
3019 4027 3080 4093 S.
3113 4027 3183 4092 Ο.

710 4132 807 4197 die
858 4132 963 4195 24.
1025 4131 1162 4195 Iun.
1219 4132 1412 4195 1895.
1472 4131 1781 4212 Neqative
1841 4131 2025 4194 iuxta
2082 4132 2219 4197 alia
2279 4133 2546 4210 decreta,
2617 4153 2835 4218 nempe
2906 4133 3187 4216 superius

724 4235 939 4298 citata.

805 4330 983 4403 920.
1010 4335 1227 4412 Aiunt,
1270 4334 1435 4416 quod
1469 4334 1523 4398 si
1556 4353 1736 4397 casus
1771 4334 1921 4419 fingi
1958 4340 2187 4420 posset,
2221 4356 2346 4419 quo
2372 4357 2444 4403 ea
2477 4338 2760 4403 doctrina
2805 4338 2902 4404 uti
2950 4338 3183 4413 liceret,

715 4435 771 4498 is
800 4434 981 4510 foret,
1017 4435 1121 4517 qui
1149 4435 1374 4500 iudicio
1409 4433 1634 4520 Congr.
1671 4436 1986 4503 subiectus
2019 4439 2158 4504 fuit.
2205 4439 2630 4505 Nihilominus
2663 4442 2727 4506 et
2755 4440 2819 4505 in
2852 4441 2968 4505 hac
2999 4440 3189 4525 hypo-

718 4536 881 4599 thesi
927 4555 1290 4618 responsum
1330 4541 1446 4612 est,
1483 4543 1610 4601 tuto
1645 4537 1854 4602 doceri
1890 4562 2017 4604 non
2051 4562 2257 4621 posse,
2307 4543 2474 4624 quod
2522 4542 2931 4607 craniotomia
2979 4542 3185 4605 liceat.
