3497 5147
313 341 449 419 1291]
950 352 1034 392 ns:
1075 350 1540 392 ωορκ-,1111101111
1574 350 1960 393 maumam:
1998 352 2128 394 nro.
2653 342 2759 396 211

316 473 446 519 care
486 449 830 530 formalem,
878 449 985 513 sed
1030 447 1418 512 materialem
1462 448 1958 530 cooperationem
1996 451 2058 514 et
2094 451 2157 515 in
2194 451 2312 516 tali
2342 470 2528 516 sensu
2571 452 2760 517 fuisse

321 554 793 640 propositionem
816 550 1243 634 proscriptam.
1269 548 1592 630 Quomodo
1617 570 1764 636 ergo
1797 551 1947 616 haec
1970 552 2251 619 doctrina
2281 554 2573 619 eximitur
2595 555 2763 619 dam-

316 659 601 723 natione?
646 654 709 720 S.
744 655 930 738 AJph.
963 655 1006 718 l.
1040 675 1092 719 c.
1141 654 1340 730 notat,
1374 654 1575 719 verbis
1606 656 1668 718 si
1696 654 1770 718 id
1800 654 1998 733 faciat
2022 660 2188 721 metu
2231 658 2533 723 notabilis
2577 658 2765 723 detri-

319 762 518 834 menti,
553 779 674 825 non
707 757 1139 842 comprehendi
1167 758 1408 822 metum
1438 758 1678 822 mortis.
1718 783 1758 819 ς
1789 760 1886 823 Ibi
1916 760 2099 838 enim,
2131 762 2356 843 inquit,
2390 762 2759 838 declaratur,

313 863 505 946 qualis
534 863 742 927 metus
775 880 903 925 non
933 862 1183 925 excuset
1202 862 1363 939 puta
1405 880 1485 922 ne
1520 881 1562 922 a
1597 859 1846 925 domino
1876 861 2037 925 male
2077 866 2398 937 tractetur,
2445 884 2523 926 ne
2573 863 2763 926 torvis

312 964 497 1030 oculis
527 964 895 1045 aspiciatur,
928 983 1010 1026 ne
1030 961 1205 1025 domo
1230 961 1600 1041 expellatur,
1639 982 1799 1044 quae
1827 964 1997 1028 mala
2025 966 2189 1029 certe
2222 984 2343 1030 non
2375 966 2766 1048 comprehen-

311 1068 459 1132 dunt
490 1068 728 1131 malum
750 1066 972 1131 mortis
996 1089 1058 1128 ».

392 1171 507 1234 Ast
552 1170 671 1234 hoe
718 1170 901 1252 pacto
948 1186 998 1232 s.
1033 1166 1218 1250 Alph.
1264 1185 1385 1231 non
1432 1167 1750 1232 defendere
1781 1168 2027 1233 videtur
2071 1169 2416 1235 doctrinam
2447 1169 2760 1247 AuctoriS,

311 1292 494 1354 quam
540 1274 751 1336 tamen
799 1270 1039 1334 dixerat
1086 1271 1366 1351 spectata
1412 1270 1652 1333 ratione
1700 1270 2208 1352 probabiliorem;
2258 1272 2484 1355 quippe
2515 1271 2589 1335 A.
2640 1290 2762 1336 non

308 1374 580 1455 loquitur
626 1373 700 1438 de
747 1374 919 1436 metu
968 1372 1209 1446 mortis,
1259 1371 1364 1435 sed
1395 1372 1468 1436 de
1500 1371 1772 1453 periculo
1813 1374 2029 1452 yram's
2058 1378 2172 1436 aut
2199 1372 2498 1436 notabitis
2529 1373 2758 1451 damni,

308 1497 457 1559 quae
503 1475 756 1559 quidem
787 1476 973 1539 verba
1005 1493 1340 1557 congruere
1378 1473 1665 1538 Videntur
1696 1493 1840 1539 cum
1875 1474 2001 1539 illis
2033 1475 2233 1540 verbis
2265 1475 2597 1539 damnatae
2628 1494 2765 1558 pro-

312 1580 660 1664 positionis:
700 1583 863 1642 metu
894 1576 1193 1641 notabilis
1224 1575 1596 1640 detrimenti.

393 1683 554 1746 Puto
588 1700 737 1764 ergo
761 1677 1270 1763 respondendum,
1298 1678 1694 1761 spectandam
1719 1697 1850 1743 esse
1881 1679 2353 1761 explicationem
2384 1678 2760 1757 demmenti,

315 1803 469 1866 quae
497 1785 561 1847 111
594 1785 730 1865 ipsa
767 1781 1187 1865 propositione
1235 1780 1618 1862 exprimitur.
1666 1781 1764 1844 Ibi
1810 1782 2020 1845 autem
2067 1780 2191 1845 tria
2221 1782 2529 1858 dicuntur,
2575 1782 2642 1844 10
2687 1801 2762 1844 ne

318 1886 476 1950 male
508 1887 584 1950 ab
618 1886 764 1950 hero
797 1885 1138 1949 tractetur:
1176 1884 1245 1945 2ο
1276 1901 1351 1946 ne
1382 1883 1579 1946 torvis
1612 1883 1806 1947 oculis
1840 1882 2211 1965 aspiciatur:
2246 1885 2316 1947 3⁰
2346 1903 2424 1948 ne
2452 1882 2636 1947 domo
2669 1900 2765 1947 ex-

314 1987 599 2070 pellatur.
647 1987 838 2052 Porro
887 1985 1043 2050 falso
1093 1985 1232 2067 quis
1277 1985 1602 2064 statueret,
1653 1985 2112 2049 damnationem
2145 1984 2357 2049 cadere
2405 1985 2466 2048 111
2515 1984 2763 2069 singula

308 2090 582 2153 membra
645 2089 710 2153 et
774 2088 1261 2171 propositionem
1320 2086 1735 2151 damnandam
1791 2107 1984 2169 aeque
2043 2087 2252 2165 fuisse,
2311 2089 2366 2153 si
2428 2087 2764 2152 addidisset

312 2195 607 2273 quartum
637 2191 1006 2267 membrum,
1053 2210 1130 2253 ne
1168 2189 1503 2254 occidatur.
1540 2190 1727 2255 Ratio
1759 2191 1952 2273 patet,
1985 2191 2132 2272 quia
2161 2192 2237 2254 ut
2268 2191 2597 2256 damnetur
2628 2209 2765 2274 pro·

311 2295 531 2377 positio
581 2294 837 2369 sufficit,
886 2294 967 2358 ut¹
1006 2311 1201 2356 unum
1246 2292 1592 2357 membrum
1631 2292 1716 2356 sit
1744 2291 2116 2357 damnabile.
2148 2293 2311 2357 Hinc
2340 2294 2564 2358 merito
2597 2293 2766 2357 dam-

260 2406 273 2417 “
306 2399 553 2463 naretur
593 2397 721 2461 ista
751 2396 1126 2480 propositio:
1168 2419 1202 2452 «
1226 2394 1374 2459 licet
1401 2393 1783 2475 reyulariter
1816 2394 2158 2459 interficere
2186 2395 2493 2460 iniustum
2518 2414 2765 2479 aggres-

303 2519 496 2565 sorem
531 2499 618 2565 ad
650 2498 975 2563 vitandum
1013 2517 1204 2583 grave
1249 2497 1564 2576 damnum,
1615 2498 1770 2580 puta
1801 2497 1988 2575 vitae,
2028 2498 2222 2577 boviS,
2257 2498 2442 2562 unius
2490 2498 2663 2562 aurei
2697 2523 2759 2560 ›.

305 2601 627 2685 Numquid
664 2601 830 2665 enim
874 2600 1275 2664 damnaretur
1305 2600 1650 2664 interfectio
1684 2600 2067 2684 aggressoris
2097 2618 2207 2683 pro
2240 2600 2470 2665 tuenda
2517 2601 2668 2678 vita,
2708 2601 2761 2666 si

307 2704 729 2780 damnaretur,
770 2702 981 2786 prouti
1026 2702 1323 2766 damnata
1354 2703 1449 2765 est
1494 2702 1858 2784 propositiO,
1906 2702 1962 2766 si
1993 2703 2222 2786 agatur
2250 2701 2324 2766 de
2355 2722 2477 2768 uno
2526 2706 2762 2767 aureo?

298 2811 491 2891 (prop.
526 2809 645 2871 31.
697 2806 776 2870 ab
814 2806 948 2870 11111.
983 2804 1095 2867 XI.
1136 2828 1173 2862 «
1206 2804 1602 2887 Regulariter
1650 2805 1919 2868 occidere
1955 2823 2209 2887 possum
2245 2805 2446 2869 furem
2482 2824 2592 2889 pro
2623 2823 2764 2870 con-

297 2911 651 2976 servatione
688 2908 874 2973 unius
906 2907 1081 2971 aurei
1128 2908 1218 2988 »).
1257 2908 1313 2969 A
1343 2906 1479 2989 pari
1510 2925 1657 2990 ergo
1703 2907 1767 2969 111
1799 2926 1948 2972 casu
1977 2912 2212 2972 nostro.
2245 2906 2414 2973 Satis
2451 2909 2614 2972 enim
2646 2910 2759 2986 est,

294 3032 409 3077 non
457 3013 801 3087 affirmare,
851 3009 1020 3073 licite
1048 3009 1404 3090 quempiam
1427 3027 1499 3072 ea
1521 3027 1834 3092 peragere,
1873 3029 1950 3073 ne
1990 3011 2188 3074 torvis
2216 3009 2413 3075 oculis
2441 3031 2485 3074 a
2514 3010 2762 3074 domino

290 3118 664 3197 αερὲσὰιύιιν,
711 3134 791 3178 ne
838 3111 999 3176 male
1050 3111 1668 3195 (quomodocumque)
1714 3112 1796 3177 ab
1841 3111 1987 3176 hero
2021 3117 2372 3189 tractactur,
2405 3113 2571 3195 quod
2617 3132 2764 3178 sane

296 3219 554 3284 absurde
587 3216 855 3301 fingitur
892 3235 1004 3279 ceu
1039 3213 1312 3278 notabile
1340 3214 1796 3293 detrimentum,
1824 3236 1896 3280 ac
1925 3217 2149 3281 merito
2180 3217 2548 3283 damnatum
2578 3219 2693 3281 est.

379 3321 702 3399 Ceterum,
749 3322 825 3384 ut
868 3339 919 3384 a.
972 3320 1158 3402 Alph.
1207 3321 1389 3384 notat
1433 3319 1476 3383 1.
1524 3340 1598 3397 c.,
1650 3321 1710 3384 in
1760 3340 1932 3404 prop.
1967 3322 2264 3387 damnata
2300 3342 2502 3398 sermo
2549 3324 2646 3387 est
2690 3323 2763 3387 de

291 3430 505 3507 stoupro
542 3423 836 3489 violento.
875 3421 1035 3488 Cum
1072 3437 1224 3506 ergo
1258 3423 1606 3505 praedictae
1645 3424 1919 3489 actiones
1948 3427 2320 3489 concurrant
2351 3425 2429 3489 ad
2467 3425 2765 3488 damnum

292 3530 513 3608 stupri,
540 3526 839 3610 quamvis
862 3525 1069 3590 solum
1091 3524 1503 3589 materialiter
1525 3527 1896 3589 concurrant
1921 3525 1998 3589 ad
2021 3527 2343 3607 peccatum
2368 3527 2760 3607 stupratorisi,

294 3631 500 3695 nullus
525 3629 739 3712 reipsa
770 3628 931 3692 alius
967 3627 1156 3691 timor
1187 3627 1524 3703 excusaret,
1560 3646 1750 3708 quam
1774 3627 1964 3692 timor
1986 3627 2225 3692 mortis.
2262 3628 2494 3692 Verum
2519 3628 2619 3692 hic
2640 3643 2763 3700 non

294 3739 383 3798 est
415 3753 608 3799 casus
634 3733 713 3797 ab
739 3729 1012 3796 Auctore
1037 3730 1297 3814 posituS,
1326 3731 1390 3793 et
1411 3728 1568 3807 ide0,
1596 3729 1712 3794 hac
1734 3730 1928 3794 etiam
1958 3731 2032 3795 de
2056 3750 2263 3809 causa,
2292 3731 2441 3795 1111111
2472 3733 2591 3796 huc
2613 3732 2764 3797 facit

295 3836 600 3902 damnata
631 3833 997 3918 propositio.

378 3936 540 4009 291.
576 3937 643 4002 S.
685 3936 982 4019 Alpheus.
1017 3935 1123 3999 lib.
1167 3937 1226 3998 2.
1261 3955 1320 3998 n.
1356 3935 1462 3998 67.
1498 3934 1673 4000 addit
1701 3936 2129 4018 quaestionem
2161 3939 2239 4003 ab
2271 3937 2544 4004 Auctore
2576 3939 2764 4004 omis—

294 4060 446 4118 sam,
465 4060 551 4106 an
568 4040 764 4104 liceat
779 4038 1040 4103 scribere
1072 4040 1185 4102 aut
1207 4036 1439 4102 deferre
1469 4037 1714 4103 litteras
1745 4039 2085 4105 amatorias
2109 4041 2482 4106 concubinae
2506 4041 2760 4108 domini:

376 4144 437 4208 S.
472 4141 675 4225 Alph.
702 4140 989 4205 absolute
1014 4141 1229 4224 negat:
1257 4140 1406 4221 quia
1435 4140 1781 4204 formaliter
1812 4159 1885 4204 ea
1915 4144 2290 4207 concurrunt
2321 4143 2398 4207 ad
2430 4142 2761 4208 fovendum

293 4250 543 4330 turpem
593 4246 902 4309 amorem!
952 4241 1145 4323 quue
1192 4242 1379 4319 tenet,
1428 4243 1676 4307 etiamsi
1721 4243 1981 4308 dubium
2027 4245 2130 4322 sit,
2182 4264 2259 4309 an
2295 4245 2543 4310 litterae
2573 4247 2765 4312 conti-

290 4352 478 4414 neant
509 4345 848 4413 amatoria.
897 4343 963 4409 Si
1010 4362 1155 4409 vero
1205 4344 1563 4409 contineant
1593 4346 1727 4409 sola
1758 4346 1938 4429 signa
1984 4346 2380 4423 urbanitatiS,
2429 4347 2642 4432 exigit,
2691 4352 2764 4413 nt

294 4453 461 4519 iusta
509 4468 714 4517 causa
743 4449 908 4514 adsit
938 4451 1183 4532 praeter
1215 4448 1578 4529 obsequium
1610 4448 1973 4513 famulatus,

381 4555 642 4631 MeliuS,
679 4554 854 4634 puto,
902 4551 1180 4616 solvetur
1225 4549 1507 4631 quaestio
1536 4549 1975 4634 distinguendo
2014 4552 2320 4616 actionem
2351 4550 2653 4617 scribendi
2685 4551 2764 4613 ab
