3497 5147
366 313 512 388 [949]
1043 326 1126 366 An
1166 328 1242 367 m
1282 325 1606 374 QuousQun
1644 326 1871 367 muniar
1907 327 2156 369 nannum
2736 315 2845 371 703

479 426 680 480 XLVll.
707 425 758 478 ὅ.
786 422 1038 490 Principes
1066 428 1289 477 tenentur
1314 421 1555 489 stipendia
1581 424 1772 476 solvere
1793 421 2045 489 militibus,
2065 423 2248 490 alioqui
2274 431 2500 479 tenentur
2521 440 2836 493 compensare

369 514 543 565 damna
584 517 686 563 tum
725 507 846 575 ipsis
883 506 1135 575 militibus,
1163 513 1264 561 tum
1305 506 1430 571 aliis,
1460 506 1542 573 qui
1579 510 1640 560 ab
1678 506 1740 561 iis
1780 509 2006 562 damnum
2045 515 2356 576 acceperunt.
2396 509 2517 563 Con.
2555 512 2653 564 Pal.
2695 510 2838 564 Dian.

377 611 425 662 p.
453 599 501 650 6.
530 603 566 649 t.
596 596 644 648 4.
672 609 714 648 r.
741 596 826 647 29.

464 713 638 789 947.
674 714 852 796 Quod
883 714 1038 780 dicit
1074 714 1149 779 A.
1186 714 1260 779 de
1299 714 1767 798 compensandis
1800 714 2040 780 damnis
2072 716 2267 782 illatis
2302 718 2378 781 ab
2419 718 2708 793 exercitu,
2745 717 2844 781 cui

371 822 580 886 soluta
603 839 728 886 non
752 819 985 885 fuerint
1018 818 1345 903 stipendia,
1373 820 1582 883 locum
1607 818 1758 883 olim
1783 820 2070 898 habebat,
2099 823 2161 885 et
2185 840 2364 886 casus
2387 822 2652 886 refertur
2676 841 2846 906 prae-

371 924 587 990 sertim
626 923 703 987 ad
734 923 1001 1006 tempuS‚
1041 941 1163 1004 quo
1197 921 1498 986 exercitus
1528 924 1740 986 manet
1774 924 1946 987 extra
1985 922 2370 988 territorium
2403 923 2664 998 hostile3
2699 942 2845 987 nam

369 1028 434 1091 in
479 1025 797 1091 territorio
845 1024 1063 1089 hostili
1108 1024 1366 1108 exigunt
1404 1023 1492 1087 ibi
1539 1025 2080 1090 sustentationem.
2123 1024 2257 1104 Qua
2305 1026 2368 1089 in
2415 1046 2480 1089 re
2531 1026 2848 1091 consulen-

368 1129 541 1206 dum,
575 1127 724 1210 quid
756 1127 854 1191 ius
887 1146 1212 1191 commune
1243 1126 1392 1191 belli
1423 1127 1674 1211 propria
1714 1128 1920 1192 aetate
1951 1126 2349 1211 praescribat.

463 1230 713 1315 Semper
759 1232 968 1295 tamen
1016 1230 1311 1296 illicitum
1352 1232 1465 1307 est,
1504 1231 1894 1315 privatorum
1941 1230 2102 1295 bona
2148 1231 2437 1295 invadere
2485 1233 2548 1295 et
2596 1232 2650 1296 si
2696 1232 2845 1314 quid

371 1335 644 1420 exigitur
676 1353 784 1417 pro
819 1332 1274 1398 sustentatione
1322 1333 1644 1410 exercitus,
1691 1331 1753 1396 id
1801 1333 2047 1416 publico
2086 1333 2364 1397 hostium
2413 1332 2651 1398 aerario
2685 1353 2848 1399 com-

371 1436 757 1521 pensandum
786 1434 1181 1517 relinquitur.

479 1572 701 1628 XLVIII.
723 1574 772 1627 6.
793 1574 1044 1627 Tenentur
1069 1571 1216 1626 etiam
1243 1570 1504 1637 aliquando
1532 1570 1783 1637 Principes
1808 1569 2049 1625 Catholici
2076 1586 2102 1623 a
2132 1574 2262 1625 bello
2291 1571 2474 1638 alioqui
2503 1587 2590 1638 per
2617 1586 2671 1626 se
2708 1572 2838 1626 iusto

371 1658 631 1721 abstinere,
661 1657 702 1712 si
740 1658 852 1711 inde
889 1656 1133 1711 oriturum
1160 1656 1223 1709 sit
1248 1657 1529 1709 scandalum
1557 1664 1605 1709 et
1643 1655 1914 1722 spiritualis
1938 1655 2076 1709 ruina
2105 1660 2368 1710 multorum
2396 1671 2452 1710 110
2480 1656 2824 1711 detrimentum

373 1741 638 1796 Ecclesiae.
670 1743 734 1796 V.
761 1744 861 1796 Pal.
898 1741 1039 1795 Dian.
1066 1756 1111 1808 p.
1141 1743 1191 1794 6.
1219 1746 1256 1794 1.
1284 1741 1332 1793 t.
1364 1755 1404 1792 r.
1429 1741 1482 1795 7.

463 1855 637 1931 948.
674 1859 776 1924 Ita
817 1858 1035 1944 Laym.
1069 1858 1176 1922 lib.
1213 1859 1272 1921 2.
1307 1859 1388 1922 tr.
1424 1859 1484 1921 3.
1519 1877 1651 1941 cap.
1694 1860 1794 1921 12.
1829 1880 1889 1923 11.
1927 1860 2024 1923 5.:
2084 1884 2118 1917 «
2153 1856 2514 1924 Catholicus
2563 1860 2842 1943 princeps

372 1961 860 2027 animadvertere
910 1961 1176 2025 maxime
1223 1960 1422 2038 debet,
1459 1962 1674 2026 utrum
1725 1962 2045 2026 occasione
2094 1962 2258 2041 belli,
2295 1962 2459 2044 quod
2508 1960 2845 2026 secundum

370 2084 435 2129 se
459 2065 700 2129 iustum
723 2064 838 2142 est,
867 2063 1140 2128 Ecclesia
1164 2064 1228 2127 et
1257 2062 1409 2128 fides
1434 2064 1743 2128 catholica
1776 2065 2225 2130 incrementum
2252 2066 2365 2128 aut
2388 2064 2845 2129 decrementum

369 2185 630 2250 passura
675 2166 779 2230 sit.
830 2164 895 2230 Si
944 2165 1106 2230 enim
1155 2184 1291 2250 spes
1347 2165 1819 2249 amplificandae
1863 2167 2172 2231 Ecclesiae
2220 2167 2538 2251 affulgeat,
2590 2165 2848 2252 aggredi

371 2267 569 2345 debet,
598 2268 714 2333 etsi
747 2268 1028 2351 alioquin
1062 2267 1219 2333 forte
1253 2287 1375 2333 non
1408 2268 1765 2352 susciperet.
1800 2267 1907 2334 Sin
1941 2272 2152 2334 autem
2184 2270 2529 2353 periculum
2560 2269 2644 2334 sit
2678 2289 2847 2333 scan-

369 2371 496 2435 dali
542 2390 649 2436 seu
697 2371 1044 2456 spiritualis
1091 2371 1268 2435 vitae
1304 2371 1671 2447 multorum,
1704 2372 2116 2437 intermittere
2164 2372 2344 2436 debet
2389 2371 2642 2450 bellum,
2677 2370 2844 2453 quod

369 2474 646 2557 alioquin
682 2474 818 2539 iure
850 2474 1183 2538 instituere
1221 2475 1431 2557 posset
1463 2499 1524 2538 ».

456 2577 537 2641 Et
574 2578 1007 2663 utinam,haec
1035 2596 1259 2641 norma
1292 2578 1539 2642 servata
1572 2576 1791 2644 fuisset
1829 2578 2194 2662 praesertim
2230 2578 2296 2642 in
2321 2578 2593 2643 consiliis
2624 2596 2845 2662 regum

367 2677 714 2744 Gallorum.
743 2678 1004 2764 Legenti
1038 2679 1203 2743 enim
1226 2679 1522 2744 historias
1546 2681 1874 2745 manifeste
1900 2682 2120 2758 elucet,
2154 2682 2393 2746 statum
2424 2679 2844 2745 miserrimum

365 2800 571 2845 rerum
596 2781 951 2846 divinarum
974 2780 1048 2845 111
1070 2779 1406 2848 Germania
1431 2782 1637 2846 deberi
1661 2782 1925 2847 maxime
1947 2781 2275 2848 Gallorum
2300 2782 2589 2866 politicae
2608 2801 2845 2866 semper

367 2883 585 2947 atheae
625 2882 733 2965 qui
773 2883 849 2947 ad
898 2884 1376 2967 deprimendum
1412 2884 1817 2949 Austriacum
1861 2885 2210 2969 imperium,
2245 2904 2565 2968 nunquam
2610 2903 2734 2949 non
2779 2902 2844 2950 se

364 2986 564 3050 socios
597 2985 931 3050 iunxerunt
967 2987 1296 3051 haereticis
1336 2987 1401 3052 et
1436 2987 1671 3052 Turcas
1703 3006 1825 3054 nou
1858 2987 2224 3052 dubitarunt
2257 2988 2540 3053 excitare.

456 3087 700 3172 Regula
725 3107 762 3150 a
786 3087 1109 3172 Laymann
1146 3088 1472 3172 proposita
1496 3090 1591 3153 est
1620 3089 1945 3174 generalis.
1973 3090 2047 3153 In
2071 3090 2333 3175 singulis
2361 3092 2573 3154 autem
2597 3090 2843 3154 casibus

367 3189 823 3274 perpendendae
849 3190 997 3253 sunt
1023 3209 1236 3255 omnes
1270 3192 1797 3267 circumstantiae,
1833 3210 1910 3255 an
1947 3194 2175 3276 agatur
2207 3212 2263 3255 v.
2291 3213 2351 3276 g.
2382 3193 2454 3256 de
2486 3212 2551 3256 re
2589 3211 2843 3276 prorsus

366 3292 708 3357 necessaria
746 3292 1051 3370 societati,
1089 3312 1167 3357 an
1204 3294 1412 3358 locum
1456 3294 1683 3357 habeat
1715 3293 1932 3378 regula
1959 3293 2031 3357 de
2058 3294 2456 3376 permissione
2490 3295 2660 3370 mali,
2698 3315 2842 3360 cum

366 3395 534 3459 iusta
564 3395 778 3460 subest
814 3414 1002 3460 causa
1041 3396 1349 3460 actionem
1403 3395 1684 3479 ponendi,
1721 3415 1756 3459 a
1791 3415 1916 3476 qua
1963 3397 2185 3480 duplex
2234 3395 2486 3460 effectus
2536 3397 2838 3477 sequitur,

369 3497 567 3562 bonus
605 3500 668 3563 et
704 3498 931 3562 malus.

479 3649 657 3704 XLlX.
679 3651 732 3702 7.
758 3649 864 3703 Etsi
890 3663 977 3715 per
1014 3663 1068 3703 se
1105 3649 1368 3713 loquendo,
1394 3646 1442 3700 in
1469 3648 1598 3700 bello
1625 3646 1756 3701 iusto
1797 3646 1942 3702 liceat
1968 3649 2214 3702 advocare
2237 3649 2459 3702 infideles
2495 3648 2545 3701 iu
2573 3648 2830 3714 auxilium,

365 3747 458 3802 per
482 3732 707 3787 accidens
743 3739 904 3787 tamen
942 3732 1168 3798 subinde,
1197 3731 1295 3785 imo
1336 3733 1620 3799 plerumque
1658 3746 1754 3785 non
1792 3732 1920 3794 licet,
1946 3731 2134 3786 ratione
2173 3734 2402 3797 scandali,
2442 3742 2491 3788 et
2530 3732 2739 3801 periculi
2777 3733 2826 3786 in

367 3820 493 3885 ssde;
520 3818 660 3872 verbi
696 3817 869 3883 gratia.
895 3832 957 3872 ne
992 3816 1178 3871 subditi
1213 3823 1574 3883 pervertantur,
1600 3831 1737 3871 sacra
1782 3820 2097 3883 profanentur
2136 3827 2228 3872 etc.
2255 3818 2425 3883 Regin.
2456 3827 2572 3873 tom.
2601 3821 2649 3872 2.
2679 3821 2710 3871 l.
2745 3821 2829 3872 21.

370 3919 419 3957 11.
455 3906 530 3957 10.
563 3903 670 3958 Fill.
699 3919 745 3957 n.
780 3905 899 3956 181.

462 4023 636 4099 949.
666 4026 726 4093 S.
754 4027 939 4112 Alph.
965 4048 1024 4091 n.
1062 4027 1212 4091 406.
1241 4027 1419 4091 affert
1441 4030 1580 4092 tum
1606 4027 1677 4092 de
1703 4027 2051 4104 haereticis,
2078 4031 2216 4094 tum
2241 4029 2313 4095 de
2346 4029 2684 4114 gentilibus
2717 4033 2844 4094 tres

367 4130 726 4207 sententias,
763 4148 1029 4211 quarum
1073 4128 1278 4212 prima
1312 4130 1593 4195 absolute
1630 4131 1878 4197 licitum
1908 4131 2077 4211 dicit,
2113 4132 2377 4198 secunda
2409 4132 2692 4196 absolute
2724 4131 2845 4195 illi·

363 4232 583 4311 citum,
618 4231 807 4297 tertia
838 4231 1090 4295 licitum
1112 4249 1233 4311 per
1268 4250 1356 4308 se,
1388 4231 1679 4298 illicitum
1710 4253 1819 4317 per
1852 4232 2148 4312 accidens,
2176 4253 2366 4316 quam
2397 4233 2568 4298 tenet
2597 4233 2673 4298 A.
2700 4235 2844 4315 post

368 4334 700 4517 Lagaadtitl,
731 4335 895 4502 110Ξο
925 4435 1187 4502 tertiam
1220 4436 1602 4519 speculative
1634 4457 1765 4504 esse
1803 4440 2211 4523 probabilem3
2248 4440 2356 4506 sed
2401 4439 2732 4506 secundam
2778 4439 2842 4504 in

370 4541 548 4625 praxi
578 4539 927 4606 tenendam.
963 4537 1293 4603 Resolutio
1332 4538 1542 4604 tamen
1588 4539 1774 4605 huius
1823 4543 2202 4623 quaestionis
2250 4542 2473 4627 pendet
2511 4562 2548 4606 a
2585 4543 2840 4608 circum-
