3497 5147
402 345 509 421 113]
943 358 1111 406 Quam
1148 358 1228 399 nx
1264 355 1622 398 pannorum-o
1658 355 1992 396 canonum»
2030 355 2325 403 Quouono
2793 346 2861 398 11

402 461 611 523 tamen
644 456 929 540 explicite
959 474 1138 521 nosse
1169 456 1234 519 et
1268 454 1508 519 credere
1554 473 1794 518 necesse
1833 454 1946 530 est,
1996 455 2070 517 ut
2107 472 2177 518 ea
2202 473 2467 535 quorum
2501 453 2683 517 fidem
2714 454 2862 518 dixi-

401 578 541 625 mus
588 558 997 623 necessariam
1041 556 1407 622 necessitate
1452 556 1672 620 medii:
1709 556 1813 620 sed
1849 556 1913 620 et
1944 555 2069 619 alia
2116 556 2264 619 sunt
2310 557 2654 621 necessaria
2701 558 2863 621 scitu

401 661 769 726 necessitate
816 659 1144 743 praecepti.

492 765 664 829 Haec
704 782 871 841 vero,
901 763 1078 829 iuxta
1123 782 1514 829 communem
1550 763 1989 847 theologorum
2025 763 2398 828 sententiam
2430 764 2577 827 sunt
2613 764 2669 826 1.
2707 782 2865 844 quae

406 866 698 952 Symbolo
745 866 1191 949 Apostolorum
1235 866 1648 943 continentur,
1699 866 1754 929 si
1799 884 1996 949 pauca
2045 866 2348 948 quaedam
2398 866 2681 950 excipias.
2731 867 2865 929 Iam

407 969 709 1053 specimen
747 967 1105 1032 huiusmodi
1141 967 1393 1032 dederat
1414 967 1756 1049 Apostolus
1793 969 1849 1031 1.
1886 965 2025 1033 Cor.
2056 967 2193 1031 XV.
2235 969 2290 1031 1.
2319 1006 2403 1013 —-
2433 969 2515 1048 8.,
2549 986 2866 1032 recensens

409 1093 499 1151 ea,
530 1090 689 1155 quae
721 1071 800 1135 ad
832 1070 1196 1155 mysterium
1230 1071 1681 1135 Incarnationis
1713 1071 2043 1155 pertinent,
2083 1071 2206 1135 alia
2239 1074 2448 1136 tamen
2497 1089 2864 1155 supponenS,

407 1194 550 1239 nam
580 1174 694 1238 illa
723 1193 789 1238 se
820 1173 971 1238 dicit
1000 1193 1059 1237 v.
1087 1174 1147 1237 3.
1184 1172 1509 1237 tradidisse
1554 1173 1714 1237 inter
1746 1173 1946 1255 prima
1977 1169 2064 1255 (ἐν
2096 1172 2366 1246 πρώτοις
2405 1174 2620 1258 primis
2653 1193 2868 1256 nempe

412 1281 727 1347 elementis
752 1280 942 1363 fidei).
969 1280 1178 1357 Ratio,
1205 1299 1315 1343 cur
1337 1281 1632 1344 veritates
1665 1278 1961 1364 Symbolo
1994 1283 2320 1345 contentas
2351 1282 2687 1346 iubeantur
2717 1281 2873 1346 chri-

412 1384 600 1449 stiani
635 1401 817 1448 nosse
847 1382 912 1447 et
941 1382 1225 1466 explicite
1271 1383 1530 1469 credere,
1568 1384 1717 1448 haec
1765 1384 1881 1461 est,
1918 1384 2058 1447 aliis
2108 1384 2373 1462 omissis,
2409 1386 2500 1449 ait
2531 1385 2709 1467 Lugo
2741 1385 2785 1448 l.
2818 1405 2868 1447 c.

412 1507 471 1551 n.
506 1487 635 1564 65„
675 1510 711 1544 ‹
741 1485 891 1567 quia
922 1485 1030 1567 qui
1060 1485 1462 1551 christianam
1508 1485 1872 1569 religionem
1920 1486 2337 1567 amplectitur,
2371 1487 2462 1550 ita
2509 1486 2691 1552 debet
2735 1506 2872 1550 eam

411 1590 719 1673 amplecti,
760 1589 833 1652 ut
864 1606 1002 1652 eam
1039 1587 1387 1673 distinguat
1425 1587 1502 1651 ab
1535 1587 1695 1664 aliis„
1739 1607 1898 1669 quae
1931 1587 2043 1650 illa
2081 1606 2203 1651 non
2242 1589 2391 1651 sunt
2428 1590 2491 1652 et
2527 1608 2634 1672 per
2671 1606 2875 1651 conse·

406 1709 599 1774 quens
629 1691 811 1755 debet
827 1690 1017 1754 talem
1040 1689 1225 1755 fidem
1250 1690 1507 1765 credere,
1528 1708 1687 1771 quae
1711 1689 2064 1773 distinguat
2087 1688 2495 1753 christianam
2512 1688 2874 1772 religionem

416 1797 492 1861 ab
540 1795 678 1860 aliis
725 1794 1083 1860 doctrinis...
1134 1791 1526 1858 Christianus
1574 1795 1786 1857 autem
1832 1811 1902 1856 eo
1950 1792 2084 1874 ipso
2134 1791 2299 1873 quod
2346 1791 2875 1855 christianismum

416 1898 762 1982 profitetur,
795 1898 972 1962 debet
1018 1915 1350 1981 agnoscere
1380 1915 1540 1978 quae
1587 1898 1650 1960 et
1697 1895 1903 1977 qualis
1953 1895 2037 1959 sit
2084 1895 2324 1979 religio,
2359 1895 2460 1958 cui
2491 1913 2712 1959 nomen
2745 1894 2873 1970 dat,

415 1999 642 2064 saltem
679 1999 879 2081 quoad
901 1999 1345 2065 substantialia
1378 1998 1586 2081 capita
1618 2000 1681 2062 et
1716 1997 2126 2062 fundamenta
2165 1997 2385 2072 eius„.,
2413 2016 2572 2080 quae
2596 1998 2880 2062 substan-

416 2100 595 2165 tialia
628 2102 832 2185 capita
864 2102 927 2165 et
964 2102 1289 2185 potissima
1322 2101 1400 2165 ab
1433 2100 1718 2167 omnibus
1743 2100 1987 2165 scienda
2011 2099 2298 2184 Apostoli
2337 2099 2545 2165 divino
2577 2099 2879 2164 instinctu

414 2204 856 2287 disposuerunt
888 2203 954 2268 in
986 2201 1281 2289 Symbolo
1318 2229 1379 2267 ».

502 2305 925 2372 Nihilominus
949 2306 1220 2390 excipere
1252 2307 1453 2372 solent
1484 2306 1763 2389 theologi
1795 2305 2101 2387 quaedam
2137 2305 2201 2369 in
2240 2304 2532 2390 Symbolo
2566 2309 2878 2381 contenta,

418 2408 495 2473 ad
525 2426 686 2489 quae
722 2407 1005 2491 explicite
1036 2407 1333 2472 credenda
1354 2426 1477 2473 non
1502 2407 1750 2471 videtur
1780 2408 2015 2492 porrigi
2055 2407 2359 2491 obligatio
2393 2409 2616 2473 saltem
2648 2410 2877 2493 gravis.

416 2509 721 2578 Convenit
753 2510 917 2576 inter
955 2528 1164 2576 omnes
1211 2530 1332 2576 non
1380 2529 1534 2594 opus
1568 2509 2016 2605 esse0explicite
2054 2509 2296 2575 credere
2333 2511 2499 2593 quod
2545 2512 2881 2577 incidenter

415 2614 640 2679 dicitur
670 2613 744 2678 de
774 2613 1004 2678 Pontio
1034 2614 1263 2679 Pilato.
1299 2615 1461 2678 Item
1493 2614 1808 2696 excipiunt
1837 2631 1962 2678 non
2002 2613 2184 2696 pauci
2223 2612 2559 2677 articulum
2607 2614 2680 2678 de
2711 2634 2882 2678 com-

415 2716 705 2781 munione
735 2719 1128 2790 sanctorum;
1164 2735 1236 2780 eo
1269 2715 1436 2798 quod
1467 2735 1563 2779 res
1602 2715 1894 2780 subtilior
1925 2715 2029 2792 sit,
2065 2715 2140 2778 ut
2172 2716 2237 2778 et
2267 2714 2436 2779 docti
2467 2714 2787 2799 disputent
2816 2717 2881 2780 in

416 2834 539 2899 quo
585 2816 708 2881 sita
753 2817 872 2882 sit:
908 2837 1099 2900 quam
1129 2818 1548 2902 exceptionem
1593 2836 1716 2882 non
1763 2817 2241 2900 improbabilem
2287 2818 2495 2882 censet
2532 2818 2710 2903 Lugo
2752 2818 2795 2882 l.
2830 2839 2881 2883 c.

414 2941 474 2984 n.
527 2920 673 2983 112.
721 2919 851 2984 Alii
898 2920 1211 3004 excipiunt
1256 2938 1521 3003 quoque,
1561 2923 1815 3004 propter
1860 2918 2115 2984 eandem
2168 2919 2497 2999 rationem,
2548 2921 2883 2985 sessionem

419 3019 652 3086 Christi
681 3021 760 3085 ad
783 3021 1099 3087 dexteram
1120 3021 1349 3099 Patris,
1376 3041 1486 3086 nec
1509 3021 2021 3105 improbabiliter,
2051 3021 2227 3086 iuxta
2251 3021 2430 3106 Lugo
2457 3044 2515 3086 n.
2546 3024 2650 3086 87.
2669 3022 2886 3105 Neque

419 3124 596 3208 Lugo
627 3144 731 3188 nn.
760 3125 866 3188 82.
895 3125 1000 3189 85.
1026 3126 1233 3189 censet
1262 3124 1669 3208 improbabile
1700 3123 1868 3206 quod
1897 3123 2154 3205 quidam
2187 3123 2421 3204 dicunt,
2463 3143 2585 3189 non
2625 3144 2755 3189 esse
2787 3144 2887 3190 ne-

423 3245 587 3292 cesse
632 3226 917 3309 explicite
970 3227 1210 3292 credere
1266 3225 1625 3292 descensum
1672 3226 1751 3290 ad
1798 3226 2027 3291 inferos
2074 3227 2138 3290 et
2185 3226 2574 3309 sepulturam
2629 3224 2882 3292 Christi.

424 3328 650 3394 Suarez
680 3328 755 3393 de
786 3328 948 3393 Fide
980 3330 1136 3413 disp.
1175 3330 1275 3394 13.
1311 3331 1457 3394 sect.
1499 3329 1561 3392 4.
1594 3349 1654 3393 n.
1694 3330 1758 3393 4.
1793 3330 1857 3393 et
1885 3328 2066 3413 Lugo
2105 3329 2148 3392 l.
2182 3348 2233 3393 c.
2261 3349 2320 3393 n.
2360 3329 2463 3393 75.
2498 3331 2726 3413 putant
2763 3349 2887 3394 non

424 3431 896 3515 improbabilem
926 3431 1298 3497 sententiam
1329 3433 1659 3517 negantem
1688 3423 2122 3496 necessitatem
2147 3431 2432 3514 explicite
2456 3432 2736 3497 credendi
2760 3451 2891 3516 per-

426 3534 680 3617 petuam
712 3533 1014 3616 Deiparae
1046 3533 1501 3618 virginitatem3
1537 3533 1653 3598 etsi
1685 3532 1873 3597 iidem
1906 3534 1979 3597 ut
2017 3533 2399 3616 probabilius
2445 3533 2509 3598 id
2557 3535 2886 3597 affirment.

517 3634 634 3701 Sed
668 3638 729 3699 2.
754 3638 999 3719 praeter
1036 3636 1333 3703 articulos
1371 3635 1668 3721 Symboli,
1710 3635 1958 3717 oportet
1993 3634 2404 3699 christianum
2437 3653 2616 3699 nosse
2663 3638 2725 3699 et
2771 3655 2894 3699 cre-

430 3736 566 3802 dere
597 3739 881 3823 explicite
918 3738 1338 3825 Decalogum:
1371 3757 1518 3802 nam
1548 3737 1888 3802 secundum
1925 3736 2058 3800 eius
2097 3738 2421 3819 praecepta
2451 3736 2657 3802 vivere
2688 3737 2889 3802 debet.

434 3837 624 3904 Nosse
668 3859 916 3923 quoque
962 3842 1023 3905 3.
1058 3860 1270 3907 omnes
1317 3842 1382 3905 et
1426 3840 1665 3905 credere
1703 3838 1988 3921 explicite
2036 3839 2284 3921 oportet
2329 3841 2734 3916 sacramenta,
2768 3859 2892 3905 non

429 3939 676 4022 quidem
706 3943 935 4019 omnia,
971 3942 1075 4008 sed
1106 3963 1265 4026 quae
1300 3943 1365 4006 in
1404 3962 1524 4008 usu
1572 3939 1917 4007 necessario
1966 3941 2114 4005 sunt
2161 3941 2460 4019 omnium,
2501 3943 2618 4007 hoc
2649 3944 2745 4007 est
2791 3942 2893 4005 ba-

427 4043 715 4126 ptismuS,
748 4046 1149 4128 poenitentia,
1176 4046 1584 4112 eucharistia:
1606 4044 1730 4108 alia
1746 4062 1914 4117 vero,
1940 4063 2084 4108 cum
2110 4063 2264 4127 opus
2289 4046 2385 4108 est
2409 4063 2480 4109 ea
2505 4044 2811 4126 suscipere
2835 4045 2891 4107 ³⁸.

520 4142 698 4224 Quod
736 4148 977 4229 spectat
1006 4146 1083 4211 ad
1112 4147 1371 4212 modum
1406 4145 1801 4232 cognitionis,
1836 4146 1944 4227 qui
1978 4145 2055 4209 ab
2095 4145 2382 4210 omnibus
2415 4145 2686 4229 exigitur
2732 4144 2894 4209 circa

433 4247 584 4312 haec
613 4249 679 4312 et
710 4249 915 4330 quoad
961 4249 1085 4314 alia
1130 4250 1455 4332 quaedam,
1505 4268 1584 4314 an
1630 4267 1874 4313 necesse
1908 4249 1992 4313 sit
2030 4249 2184 4313 scire
2217 4269 2423 4324 necne,
2464 4249 2652 4313 habes
2699 4250 2763 4314 in
2811 4267 2899 4313 se·

437 4350 769 4430 quentibus
815 4351 1298 4417 resolutionibus
1344 4351 1656 4416 Auctoris
