3497 5147
393 319 541 396 [826]
892 340 978 378 Ar)
1016 338 1167 386 Qum
1204 341 1574 382 rmnnn'russ
1612 341 1931 382 PARENTES
1970 343 2136 383 anon
2175 344 2375 385 nimos
2471 339 2483 349 ·
2755 331 2863 386 609

489 433 715 501 Sedulo
747 454 930 519 porro
964 438 1060 501 est
1098 437 1540 503 advertendum
1586 439 1746 520 quod
1799 437 1974 523 Gury
2013 439 2217 503 docet:
2249 460 2502 521 qravem
2539 459 2669 505 esse
2707 442 2864 506 obli-

397 538 719 622 gationem
763 539 985 602 matris
1033 540 1451 604 substituendi
1482 541 1600 605 sibi
1627 541 1934 605 nutricem
1964 541 2191 605 bonam
2223 559 2345 605 non
2377 543 2627 606 tantum
2658 544 2863 624 quoad

398 641 818 705 valetudinem
865 641 971 706 sed
1018 642 1209 706 etiam
1246 643 1455 724 quoad
1495 663 1716 717 merear,
1751 663 1875 724 qua
1922 644 1987 707 in
2016 663 2081 708 re
2118 662 2242 709 non
2288 663 2430 708 raro
2477 645 2863 730 negligentes

399 747 548 808 sunt
570 745 803 808 matres
828 745 1029 822 antii,
1058 746 1167 826 qui
1191 764 1404 809 earum
1428 745 1674 809 nomine
1696 747 1968 810 nutrices
1993 747 2320 826 quaerunt,
2340 766 2429 810 ex.
2449 767 2543 831 gr.
2565 748 2806 811 medici.
2826 750 2862 786 *

505 888 568 939 X.
598 888 647 939 3.
679 890 822 940 Pater
861 894 1054 940 tenetur
1092 886 1235 953 proli,
1264 902 1359 939 non
1385 894 1572 939 tantum
1613 886 1873 951 legitimae,
1907 888 1994 940 sed
2035 886 2179 940 etiam
2211 885 2286 949 (in
2313 901 2411 952 quo
2447 885 2526 939 ius
2563 886 2708 941 civile
2733 903 2760 940 a
2789 904 2867 941 ca·

400 969 575 1024 uonico
612 978 889 1024 correctum
934 971 1073 1024 iuxta
1110 986 1219 1037 cap.
1260 972 1400 1026 Cum
1451 969 1689 1036 haberet,
1725 969 1793 1024 de
1828 971 1908 1025 Eo
1948 970 2046 1040 qui
2080 969 2248 1023 duxit
2281 971 2399 1034 etc.)
2436 970 2634 1037 spuriae
2685 987 2862 1026 curare

401 1054 645 1119 alimenta,
674 1059 769 1109 hoc
807 1062 896 1121 est,
936 1055 1114 1119 cibum,
1159 1062 1343 1121 potum,
1383 1054 1616 1109 vestitum
1654 1061 1704 1108 et
1740 1059 1974 1108 honestas
2005 1061 2153 1119 arteS,
2186 1054 2322 1107 iuxta
2364 1070 2505 1108 suum
2545 1062 2740 1119 statum,
2769 1057 2862 1111 nisi

399 1145 560 1192 tamen
598 1139 793 1193 aliunde
831 1155 885 1193 se
923 1141 1049 1194 alere
1086 1139 1240 1206 possit
1280 1146 1329 1192 et
1369 1154 1464 1192 non
1500 1138 1743 1203 indigeat:
1773 1139 1949 1194 deinde
1987 1139 2133 1192 etiam
2173 1141 2337 1193 dotem
2377 1141 2522 1194 llliae.
2563 1145 2624 1194 Et
2661 1142 2860 1207 quidem

398 1221 580 1276 Clerici
604 1223 750 1276 etiam
770 1239 832 1275 ex
853 1223 1091 1277 fructibus
1116 1222 1461 1276 ecclesiasticis
1479 1232 1686 1290 possunt
1706 1228 1826 1277 baec
1848 1223 1952 1278 suis
1972 1224 2155 1291 spuriis
2180 1232 2445 1291 praestare.
2465 1225 2574 1278 Fill.
2598 1227 2628 1279 l.
2651 1243 2694 1280 c.
2718 1234 2751 1279 t.
2776 1229 2861 1281 28.

398 1322 442 1360 c.
471 1311 519 1360 2.
549 1322 594 1361 n.
622 1310 707 1360 28.
726 1310 972 1373 Laymann
1001 1311 1034 1361 l.
1055 1311 1105 1362 5.
1131 1314 1273 1362 tract.
1298 1311 1316 1362 l
1333 1313 1380 1361 0.
1406 1325 1453 1375 p.
1477 1311 1525 1362 3.
1551 1324 1655 1376 cap.
1682 1311 1731 1362 5.
1761 1308 1873 1363 vide
1898 1309 2021 1363 intra
2049 1311 2109 1362 de
2133 1308 2197 1361 7⁰
2225 1324 2386 1375 praec.
2415 1325 2458 1364 c.
2494 1310 2540 1363 4.
2561 1312 2610 1365 d.
2630 1313 2679 1364 5.
2701 1328 2783 1377 qu.
2813 1314 2860 1365 t.

400 1391 524 1446 Hinc
550 1400 769 1460 peccant,
802 1396 842 1447 l.
865 1391 1020 1446 sinon
1041 1393 1303 1447 adhibeant
1323 1392 1621 1457 diligentiam
1642 1396 1814 1447 saltem
1838 1394 2151 1456 mediocrem,
2177 1401 2228 1446 ut
2250 1394 2505 1460 acquirant
2524 1397 2667 1459 bona,
2686 1396 2865 1461 quibus

400 1477 491 1531 ulii
529 1481 721 1532 alantur
747 1482 1051 1544 habeantque
1078 1477 1396 1532 hereditatem
1425 1482 1691 1533 secundum
1718 1494 1861 1532 suum
1891 1485 2096 1533 statum:
2128 1483 2176 1533 2.
2205 1480 2246 1532 si
2287 1481 2412 1533 bona
2441 1480 2756 1547 dilapidando
2780 1481 2865 1535 im-

401 1570 626 1629 potentes
650 1578 705 1617 se
729 1565 934 1617 reddant
964 1566 1025 1617 ad
1050 1563 1237 1618 liberos
1274 1568 1479 1618 honeste
1518 1566 1789 1618 seeundum
1828 1571 2006 1617 statum
2037 1579 2180 1616 suum
2208 1566 2489 1618 educandos
2518 1580 2574 1618 ac
2602 1566 2863 1620 dotandos

402 1650 580 1702 Bonae.
608 1651 655 1702 d.
684 1652 733 1702 6.
758 1663 805 1714 q.
838 1652 884 1702 ΡΙ.
911 1663 958 1715 p.
986 1651 1036 1701 6.
1064 1652 1212 1711 Azor.
1239 1649 1430 1703 Filliuc.
1458 1656 1552 1703 etc.
1581 1651 1631 1702 3.
1658 1649 1710 1703 Si
1743 1648 1849 1702 sine
1874 1648 2085 1712 legitima
2126 1664 2274 1703 causa
2316 1649 2442 1703 tiliae
2485 1652 2651 1705 dotem
2690 1658 2866 1716 negent

400 1734 504 1798 (vel
542 1732 691 1786 lllium
730 1734 1051 1796 exheredem)
1084 1747 1132 1784 v.
1158 1748 1231 1797 gr.
1265 1731 1378 1799 quia
1409 1734 1515 1786 vult
1550 1732 1758 1797 ingredi,
1791 1736 1867 1786 vel
1905 1738 1980 1786 est
2016 1733 2235 1798 ingressa
2276 1733 2601 1800 Religionem,
2634 1739 2710 1788 vel
2749 1736 2863 1801 quia

400 1818 523 1886 ipsis
558 1818 724 1872 invitis
762 1818 942 1885 nupsit,
971 1817 1083 1872 licet
1120 1834 1172 1871 se
1196 1817 1412 1883 indigno.
1440 1820 1618 1872 Bonae.
1650 1823 1680 1871 l.
1709 1834 1754 1871 c.
1783 1819 1830 1887 S.
1861 1823 1909 1872 2.
1937 1833 1998 1872 ex
2037 1822 2184 1882 Azor,
2212 1819 2467 1884 Reginald.
2499 1827 2592 1874 etc.
2635 1824 2711 1874 vel
2752 1821 2865 1888 quia

401 1903 533 1957 filius
569 1903 789 1957 ordinem
827 1917 1019 1956 sacrum
1045 1903 1275 1969 suscepit.
1302 1903 1587 1957 sicutenim
1628 1907 1774 1956 Pater
1799 1909 1990 1956 tenetur
2027 1905 2200 1956 dotare
2227 1919 2342 1957 suas
2376 1908 2544 1971 proles
2572 1920 2661 1972 pro
2701 1905 2863 1958 matri-

402 1987 585 2051 monio,
623 1989 704 2041 vel
739 1988 960 2052 ingressu
1001 1986 1297 2053 Religionis:
1320 1987 1386 2041 ita
1425 1987 1571 2042 etiam
1610 1989 1670 2041 ad
1711 1986 2052 2055 suscipiendos
2087 2002 2257 2041 sacros
2293 1988 2510 2043 ordines.
2539 1992 2705 2056 Neque
2742 1993 2864 2044 baec

402 2073 603 2127 donatio
640 2080 716 2127 est
752 2070 1068 2140 revocabilis,
1092 2072 1191 2127 imo
1217 2073 1287 2127 sic
1316 2075 1495 2127 donata
1532 2087 1627 2127 uon
1668 2088 1813 2139 posse
1850 2073 2126 2140 computari
2160 2073 2211 2126 in
2251 2073 2513 2139 legitimam
2555 2082 2638 2128 aut
2663 2074 2867 2128 divisio·

401 2172 513 2212 nem
552 2172 661 2211 cum
698 2158 941 2224 tratribu8‚
982 2160 1126 2212 docet
1163 2160 1309 2211 Barb.
1334 2175 1377 2211 c.
1410 2159 1490 2212 17.
1525 2157 1840 2212 Contrarium
1877 2165 2037 2212 tamen
2074 2164 2207 2213 tenet
2244 2158 2408 2213 Molin.
2434 2167 2528 2214 etc.
2566 2174 2675 2214 eum
2719 2159 2862 2213 Dian.

400 2259 450 2312 p.
476 2245 525 2295 8.
549 2250 606 2296 tr.
635 2245 684 2295 6.
714 2257 753 2296 r.
783 2245 868 2296 9l.
894 2249 942 2296 et
970 2245 1052 2295 92.

492 2365 667 2439 826.
703 2366 863 2433 Cum
893 2368 967 2431 A.
996 2367 1165 2438 dicit.
1199 2370 1342 2449 post
1374 2366 1709 2430 triennium
1734 2366 1813 2429 ad
1837 2367 2077 2448 patrem
2101 2369 2378 2448 spectare
2408 2366 2858 2444 educationem,

400 2472 464 2536 id
494 2472 763 2535 maxime
810 2470 883 2535 de
921 2470 1233 2534 alimentis
1279 2469 1343 2533 in
1389 2469 1698 2552 praesenti
1729 2468 2110 2533 resolutione
2141 2467 2318 2533 dicit:
2354 2487 2500 2532 nam
2532 2469 2605 2533 de
2636 2468 2861 2533 morali

402 2573 767 2640 educatione
816 2571 976 2638 infra
1023 2572 1249 2637 dicitur
1295 2572 1476 2636 resol.
1514 2573 1574 2637 5.

493 2678 687 2743 Porro
734 2676 981 2742 nomine
1029 2675 1468 2739 alimentorum
1511 2673 1891 2758 intelligitur
1929 2673 2150 2750 victus,
2186 2673 2472 2750 vestitus,
2504 2672 2724 2751 lectuS,
2760 2673 2865 2738 ha-

403 2780 629 2845 bitatio
677 2781 740 2843 et
788 2778 911 2842 alia
960 2777 1038 2842 ad
1085 2777 1282 2841 vitam
1328 2777 1669 2841 necessaria
1717 2776 1893 2840 iuxta
1939 2775 2353 2840 conditionem
2385 2776 2448 2839 et
2493 2775 2865 2855 qualitatem

404 2901 727 2966 personae:
760 2883 887 2945 imo
937 2883 1001 2944 et
1044 2878 1401 2955 medicinae,
1450 2899 1592 2942 cum
1624 2878 1764 2959 quis
1796 2896 1919 2942 non
1950 2878 2112 2942 bona
2145 2877 2349 2941 utitur
2381 2877 2767 2955 valetudine;
2803 2880 2867 2943 et

408 2985 517 3049 alii
549 2983 785 3047 addunt
814 2983 1006 3047 etiam
1036 3000 1330 3065 expensas
1361 2981 1592 3045 funeris
1631 2981 1695 3044 et
1730 2979 2171 3064 suffragiorum
2193 2997 2303 3062 pro
2330 2979 2537 3043 anima
2570 2979 2861 3059 defuncti,

403 3089 571 3167 licet,
604 3091 678 3152 ut
709 3088 892 3152 notat
919 3086 1236 3151 Bonacina
1267 3087 1334 3149 in
1360 3084 1582 3149 Decaz.
1610 3084 1765 3168 disp.
1793 3084 1854 3147 6.
1881 3104 1940 3165 q.
1969 3084 2129 3147 unic.
2154 3104 2212 3165 p.
2242 3084 2301 3147 6.
2333 3084 2390 3165 ἓ.
2423 3084 2480 3146 1.
2509 3103 2567 3146 n.
2599 3083 2656 3146 1.
2685 3084 2863 3148 valde

402 3192 739 3275 improprie
769 3192 921 3255 haec
959 3189 1396 3254 alimentorum
1426 3189 1673 3254 nomine
1705 3188 2124 3272 designentur.

496 3291 673 3374 Quod
706 3313 849 3358 vero
884 3293 1179 3357 alimenta
1226 3291 1563 3355 debeantur
1608 3291 1800 3355 etiam
1836 3290 1997 3373 proli
2033 3289 2418 3373 illegitimae,
2451 3288 2551 3353 ius
2599 3290 2861 3353 naturae

406 3397 618 3482 exigit.
656 3397 729 3461 In
763 3397 945 3481 alleg.
986 3414 1119 3478 cap.
1164 3393 1319 3458 Cum
1363 3392 1635 3465 haberet,
1677 3391 1776 3455 De
1808 3412 1874 3455 eo
1907 3391 2018 3471 qui
2062 3389 2246 3452 duxit
2273 3389 2344 3452 in
2373 3389 2860 3467 nmfflmonium,

405 3490 594 3583 quani
638 3498 947 3562 adulterio
980 3496 1220 3578 polluit
1263 3495 1515 3559 dicitur:
1574 3518 1608 3553 «
1649 3491 2065 3557 Sollicitudini
2111 3493 2320 3555 tamen
2366 3489 2512 3552 tuae
2559 3489 2859 3569 intererit,

407 3605 480 3667 ut
528 3603 785 3685 uterque
824 3601 1097 3683 (adulter
1127 3597 1258 3665 scil.
1294 3599 1357 3662 et
1389 3596 1700 3677 adultera)
1730 3594 1941 3657 liberis
1980 3593 2128 3669 suis,
2164 3590 2496 3655 sectmdum
2529 3590 2693 3672 quod
2724 3608 2865 3674 sup-

405 3706 629 3787 petunt
673 3704 1024 3781 facultateS,
1059 3701 1401 3767 necessaria
1431 3697 1864 3763 subministret
1893 3720 1956 3758 ».

497 3808 531 3845 *
564 3808 657 3871 De
689 3806 1062 3872 correctione
1093 3805 1247 3869 iuris
1279 3801 1547 3867 Romani
1579 3800 1746 3864 facta
1782 3819 1817 3863 a
1849 3796 2157 3861 Canonico
2190 3795 2266 3861 cf.
2293 3795 2547 3860 dicenda
2579 3796 2658 3861 tr.
2684 3794 2865 3862 VIII.

503 3911 563 3973 3.
599 3911 633 3948 *

408 3931 448 3994 p
497 4009 558 4076 S.
593 4011 947 4095 Alphonsus
993 4031 1053 4075 n.
1104 4012 1209 4074 33.
1258 4010 1446 4076 refert
1492 4005 1839 4072 doctrinam
1887 4001 2154 4067 Sanchez
2202 4001 2276 4065 de
2312 4000 2606 4065 Matrim.
2655 4001 2762 4065 lib.
2803 4001 2867 4066 4.

406 4116 563 4199 disp.
600 4116 705 4179 26.
740 4135 798 4177 n.
836 4113 941 4177 21.
982 4113 1390 4195 aliorumque,
1431 4110 1593 4193 quod
1628 4110 1805 4193 pater
1836 4106 2121 4171 teneatur
2168 4105 2463 4170 alimenta
2501 4105 2646 4168 dare
2677 4103 2868 4167 etiam

406 4219 586 4284 uxori
630 4218 766 4294 filii,
814 4217 961 4281 licet
1007 4216 1227 4279 ductae
1280 4216 1408 4279 sine
1456 4213 1598 4278 dote
1644 4213 1709 4277 et
1755 4212 1971 4276 contra
2019 4210 2411 4273 voluntatem
2457 4206 2674 4290 patris.

496 4321 766 4386 Adverte
797 4321 1009 4383 tamen
1043 4316 1110 4380 1⁰
1138 4316 1203 4380 id
1234 4316 1452 4380 deduci
1483 4334 1554 4379 ex
1578 4314 1837 4399 Digesto
1872 4312 1913 4377 Ζ.
1942 4310 2016 4376 Si
2046 4312 2185 4392 quis
2213 4312 2271 4375 5.
2302 4310 2358 4393 ἓ.
2388 4307 2463 4373 Si
2493 4307 2586 4372 vel
2607 4327 2865 4388 parens,

405 4424 481 4487 cle
520 4422 773 4487 Liberis
802 4418 1230 4503 ayuoscendis,
1263 4418 1370 4481 ubi
1417 4417 1662 4495 dicitur,
1698 4418 1938 4500 patrem
1986 4414 2201 4479 debere
2248 4413 2535 4496 praebere
2583 4413 2723 4476 tum
2761 4410 2868 4474 ali·

405 4528 619 4593 menta
656 4529 795 4591 tum
840 4528 1046 4590 cetera
1092 4519 1429 4585 liberorum
1465 4538 1687 4596 onera,·
1727 4519 1834 4583 ubi
1879 4518 2090 4603 glossa
2121 4537 2179 4582 v.
2219 4518 2422 4580 cetera
2451 4517 2632 4581 notat
2650 4534 2776 4596 pro
2805 4533 2870 4577 se

570 4664 856 4707 Bautmr.
885 4683 939 4694 —
967 4657 1138 4702 Horat.
1167 4656 1302 4700 Tom.
1333 4655 1404 4698 Π.
2706 4644 2761 4687 39
