3497 5147
782 370 894 423 440
928 381 1142 423 TRAc‘r.
1174 383 1251 422 vr.
1283 380 1445 422 sacr.
1475 380 1538 419 11.
1568 380 1651 419 ms
1675 379 1956 420 SECUNDO
1981 380 2197 420 PnAnzc.
2227 380 2557 422 Dracanoffl.
2583 378 2712 418 cAP.
2738 378 2798 417 11.
2825 379 2954 418 Dus.
2980 378 3027 417 v.
3061 364 3187 439 [bia]

1790 552 1964 612 Unde
2001 553 2287 613 resolves.

892 688 1125 741 xxxin.
1159 689 1203 740 t.
1236 689 1437 740 Deiecto
1470 685 1655 752 primae
1698 685 1917 738 veritatis
1956 685 2118 739 iurans
2144 701 2262 740 vere
2289 696 2458 754 peccat
2496 686 2777 751 mortaliter,
2807 686 2846 738 si
2872 689 2943 738 vel
2969 700 3049 738 non
3072 688 3194 737 habet

784 772 996 827 animum
1024 771 1275 838 implendi,
1307 770 1412 824 sive
1439 771 1640 824 materia
1671 771 1731 822 sit
1775 785 1922 835 parva
1963 769 2067 823 sive
2108 786 2295 835 magna,
2323 771 2457 825 licita
2498 771 2606 824 sive
2642 769 2836 835 illicita;
2864 773 2935 821 vel
2959 769 2996 823 si
3020 769 3192 829 dubitat,

788 872 847 909 an
878 860 1092 909 facturus
1119 855 1179 909 sit
1208 869 1375 921 necne,
1396 857 1527 921 quod
1555 855 1711 907 iurat:
1736 857 1812 906 vel
1839 854 1880 907 si
1910 862 2042 920 putat
2072 855 2165 907 sibi
2195 854 2446 908 moraliter
2473 855 2792 923 impossibile.
2821 862 2871 906 ut
2894 855 3069 919 impleat
3092 855 3194 919 quod

786 940 1052 1008 promittit;
1068 939 1179 1005 quia
1201 942 1360 1004 quoad
1382 939 1525 992 istam
1553 939 1809 992 veritatem
1835 948 2155 1005 praesentem,
2182 939 2552 1007 promissorium
2575 944 2635 993 ab
2657 939 2918 993 asser-torio
2939 954 3022 991 non
3040 937 3193 1003 differt;

788 1029 914 1079 unde
941 1040 1031 1079 nec
1058 1024 1272 1093 parvitas
1299 1023 1531 1077 materiae
1563 1032 1784 1077 excusat.
1809 1023 1928 1076 ibid.

880 1124 1056 1198 572.
1084 1128 1224 1191 Non
1272 1128 1472 1191 inanis
1520 1129 1679 1191 esset
1713 1127 2016 1209 quaestiO,
2057 1128 2368 1208 quomodo
2402 1129 2541 1209 quis
2568 1129 2726 1192 serio
2775 1129 2837 1192 et
2870 1145 3000 1191 vero
3031 1127 3197 1190 animo

790 1232 993 1294 iurare
1041 1231 1241 1313 possit
1270 1231 1333 1293 et
1365 1230 1724 1312 promittere
1759 1230 1886 1292 sine
1922 1230 2127 1294 animo
2161 1230 2474 1312 implendi.
2516 1229 2678 1292 Nam
2716 1228 2971 1293 absurda
3001 1226 3200 1291 videtur

792 1333 1171 1416 hypothesis,
1222 1331 1387 1413 quod
1434 1331 1571 1413 quis
1618 1332 1847 1395 habeat
1895 1331 2172 1395 animum
2210 1350 2330 1396 non
2378 1332 2672 1415 implendi
2721 1333 2784 1396 et
2814 1331 2992 1395 simul
3018 1329 3202 1393 habeat

789 1434 926 1498 heic
950 1435 1014 1497 et
1038 1453 1198 1497 nunc
1223 1434 1499 1497 animum
1527 1434 1683 1498 serio
1710 1434 2115 1515 promittendi
2139 1434 2202 1496 et
2226 1433 2488 1498 iurandi.
2517 1435 2550 1472 ‘¹‘
2579 1432 2760 1498 Certe
2793 1435 3080 1514 nequeunt
3100 1449 3200 1493 esse

789 1537 978 1600 simul
1013 1537 1255 1600 animus
1287 1535 1534 1600 iurandi
1566 1537 1677 1599 ant
1724 1536 2130 1619 promittendi
2163 1538 2225 1600 et
2265 1537 2507 1599 animus
2547 1554 2666 1599 non
2702 1556 2767 1599 se
2816 1533 3104 1618 obligandi
3127 1531 3203 1595 vel

788 1660 860 1704 ex
907 1640 1203 1723 religione
1252 1640 1349 1704 vel
1389 1659 1460 1703 ex
1493 1640 1919 1722 promissione.
1963 1639 2389 1703 Iuramentum
2439 1639 2599 1702 enim
2635 1639 2710 1702 de
2743 1639 2952 1703 futuro
2985 1639 3064 1700 est
3088 1635 3202 1698 obli-

788 1744 983 1827 gati0‚
1021 1744 1150 1806 Deo
1174 1745 1332 1805 teste
1371 1743 1432 1805 et
1457 1741 1833 1818 fideiussore,
1869 1743 2153 1824 suscepta
2182 1741 2414 1822 aliquid
2439 1741 2722 1817 faciendi,
2760 1741 2907 1805 item
2933 1738 3202 1823 promissio

789 1847 885 1908 est
929 1844 1072 1908 fidei
1120 1844 1419 1928 obligatio
1446 1843 1611 1908 facta
1639 1844 1818 1907 alteri
1843 1844 1915 1906 de
1941 1863 2004 1906 re
2030 1843 2350 1926 quapiam3
2379 1843 2438 1905 in
2466 1862 2588 1924 quo
2615 1843 2822 1907 differt
2855 1863 2888 1906 a.
2921 1840 3201 1925 proposito,

789 1947 955 2027 quod
1002 1949 1097 2010 est
1143 1947 1433 2010 voluntas
1481 1965 1767 2028 praesens
1816 1946 2050 2027 aliquid
2083 1945 2362 2009 faciendi.
2390 1945 2476 2008 At
2522 1945 2818 2009 voluntas
2850 1964 2913 2008 se
2946 1939 3204 2025 obligandi

788 2049 1073 2131 potestne
1122 2068 1251 2112 esse
1290 2049 1418 2112 sine
1470 2048 1792 2112 voluntate
1842 2048 2135 2129 implendi
2181 2047 2262 2123 id,
2300 2046 2377 2110 ad
2409 2047 2573 2127 quod
2607 2066 2670 2110 se
2722 2047 3002 2131 obligat?
3031 2045 3129 2107 Per
3159 2059 3203 2103 se.

790 2151 942 2213 haec
989 2151 1185 2215 altera
1234 2151 1525 2213 voluntas
1573 2150 1864 2232 implendi
1933 2151 2027 2212 est
2075 2169 2450 2230 consequens
2499 2149 2753 2231 prioris:
2795 2149 2997 2232 potest
3039 2146 3202 2209 antem

790 2271 923 2316 esse
958 2253 1318 2316 antecedens
1365 2253 1493 2316 sine
1526 2253 1955 2333 consequente,
2005 2252 2199 2324 cuius,
2245 2252 2304 2315 in
2353 2271 2417 2314 re
2464 2251 2797 2334 praesenti,
2848 2251 3096 2315 defectus
3135 2243 3208 2307 vel

790 2357 1155 2420 remotionis
1204 2357 1411 2439 posset
1444 2374 1573 2420 esse
1621 2356 1782 2419 ratio
1818 2355 2060 2418 malitia
2107 2355 2301 2437 ipsius
2350 2355 2615 2418 iurantis
2662 2356 2763 2418 vel
2819 2349 3204 2437 promittentis.

794 2455 895 2522 Sic
938 2458 1411 2522 matrimonium
1458 2458 1828 2521 contrahens
1877 2476 1940 2520 se
1990 2457 2228 2540 obligat
2278 2456 2352 2519 ad
2401 2455 2772 2520 servandam
2810 2456 3021 2524 fidem:
3059 2450 3208 2517 susci·

790 2560 963 2643 piens
1011 2562 1221 2624 tamen
1253 2561 1412 2624 hanc
1461 2559 1908 2643 obligationem
1940 2558 2165 2623 habere
2204 2559 2393 2623 simul
2424 2561 2630 2643 potest
2662 2560 3048 2624 voluntatem
3087 2554 3209 2618 fran-

790 2663 975 2746 gendi
998 2662 1181 2725 fidem
1208 2664 1323 2725 etc.
1358 2663 1580 2743 Itaque
1613 2661 1730 2723 tali
1765 2662 2085 2743 supposito
2114 2661 2482 2736 iurament0‚
2511 2662 2645 2723 DD.
2679 2660 3064 2744 respondent,
3087 2658 3210 2720 hune

790 2765 1067 2847 graviter
1100 2784 1374 2846 peccare3
1412 2766 1559 2845 qnia
1608 2763 1680 2827 de
1728 2763 2037 2846 praesenti
2085 2764 2287 2828 deficit
2336 2764 2587 2840 veritas
2621 2784 2766 2827 cum
2817 2765 2940 2828 iam
2988 2763 3053 2826 de
3081 2776 3210 2843 prae-

789 2866 950 2930 senti
998 2866 1089 2930 vis
1123 2885 1244 2930 non
1291 2866 1488 2930 facere
1538 2865 1618 2943 id,
1648 2866 1722 2928 ad
1751 2866 1914 2947 quod
1948 2866 2193 2943 teneris,
2231 2868 2302 2929 ut
2335 2866 2682 2930 iuramento
2714 2869 2962 2931 constet
2993 2864 3208 2928 veritas:

789 2968 1014 3033 teneris
1062 2970 1225 3033 enim
1273 2969 1509 3033 efficere
1557 2987 1773 3031 verum
1822 2988 1950 3031 esse
2000 2968 2164 3049 quod
2213 2968 2461 3031 iura-sti:
2500 2968 2780 3049 alioquin
2806 2970 2976 3033 deest
3003 2967 3208 3035 veritas

788 3071 862 3134 ut
910 3070 998 3134 ait
1040 3090 1089 3135 s.
1124 3071 1343 3135 Thom.
1396 3090 1450 3133 a.
1491 3070 1548 3132 7.
1584 3070 1778 3132 Iidem
1813 3072 2126 3150 praeterea
2175 3070 2570 3151 respondent„
2613 3071 2810 3133 teneri
2860 3067 3210 3134 nihilominus

789 3172 876 3236 sic
928 3174 1239 3236 iurantem
1295 3173 1552 3255 implere
1621 3172 1996 3254 promissum
2045 3173 2180 3233 tum
2230 3171 2290 3234 vi
2339 3170 2764 3253 promissionis
2822 3175 2959 3236 tum
2993 3172 3048 3233 vi
3088 3170 3212 3231 iura·

789 3274 1013 3337 menti:
1050 3279 1377 3356 utramque
1416 3275 1577 3337 enim
1618 3273 2062 3356 obligationem
2097 3274 2385 3355 suscepit.
2421 3271 2513 3335 Cf.
2549 3292 2597 3335 S.
2632 3274 2820 3356 Alph.
2857 3296 2917 3337 n.
2957 3275 3090 3337 172.
3119 3270 3210 3333 3.*

880 3374 1260 3459 Hypothesis
1305 3376 1520 3457 utique
1568 3375 1686 3438 erit
1733 3374 2106 3453 suasibilior‚
2143 3376 2196 3438 si
2228 3394 2540 3457 supponas
2575 3374 2851 3458 aliquem
2885 3378 3077 3441 iurare
3103 3388 3211 3437 eum

793 3478 1000 3541 animo
1034 3477 1220 3542 dubio
1254 3478 1601 3560 implendae
1651 3478 1738 3540 rei
1773 3478 2110 3561 promissae
2143 3478 2240 3540 vel
2273 3478 2534 3551 iuratae,
2587 3479 2697 3541 aut
2729 3480 2980 3543 credens
3026 3478 3135 3541 fore
3161 3474 3212 3533 ut

790 3580 1043 3662 implere
1091 3583 1375 3662 nequeat.
1426 3580 1707 3661 Utroque
1757 3581 1818 3643 in
1867 3599 2012 3643 casu
2053 3580 2421 3655 affirmatur,
2471 3580 2632 3643 hunc
2665 3582 2944 3663 graviter
2989 3594 3211 3663 peccare,

791 3684 1042 3764 propter
1080 3683 1335 3746 eandem
1382 3683 1712 3757 rationem,
1750 3682 1896 3763 qnia
1932 3701 2148 3764 nempe
2181 3682 2351 3745 deest
2383 3682 2633 3746 veritas.
2670 3681 2761 3745 Cf.
2806 3682 3068 3747 Sanchez
3103 3681 3136 3743 1.
3166 3679 3210 3738 3.

788 3802 842 3845 c.
878 3784 937 3845 h.
989 3804 1090 3845 nn.
1131 3785 1230 3847 17.
1272 3785 1372 3847 18.

881 3884 1296 3948 Verisimilior
1328 3890 1538 3949 tamen
1586 3888 1649 3948 et
1682 3885 1758 3948 ad
1791 3886 2029 3968 praxim
2062 3905 2202 3948 vere
2237 3888 2518 3967 spectans
2553 3889 2647 3950 est
2679 3887 3058 3971 hypothesis,
3083 3878 3210 3965 quod

787 3986 930 4067 quis
967 3987 1133 4050 iuret
1178 3988 1465 4062 exterius,
1518 3988 1647 4052 sine
1680 3988 1885 4051 animo
1924 3987 2171 4051 iurandi
2209 3990 2319 4050 ant
2351 3988 2480 4051 sine
2528 3989 2734 4053 animo
2768 4008 2903 4053 sese
2942 3980 3212 4071 obligandi

791 4092 868 4171 (s.
909 4090 1094 4172 Alph.
1144 4109 1204 4152 n.
1246 4090 1441 4172 172),
1478 4089 1643 4169 quod
1691 4089 2124 4171 multipliciter
2170 4090 2526 4173 contingere
2573 4091 2799 4171 potest,
2851 4093 2923 4153 ut
2968 4108 3036 4152 ex
3078 4102 3211 4164 seqq·

792 4191 1204 4273 patebit.Tale
1243 4192 1663 4253 iuramentum
1714 4191 1994 4255 dolosum
2041 4194 2319 4269 voc-atur,
2372 4192 2554 4273 quod,
2590 4192 2760 4257 iuxta
2795 4191 3059 4257 Sanc-hez
3103 4188 3138 4250 l.
3167 4185 3214 4245 3.

790 4314 843 4356 c.
880 4294 939 4355 6.
980 4314 1039 4357 n.
1080 4295 1134 4356 1.
1180 4292 1510 4376 dupliciter
1557 4296 1937 4375 praestatur:
1983 4294 2081 4356 vel
2128 4295 2289 4357 enim
2340 4294 2581 4357 animus
2630 4295 2896 4359 iurantis
2943 4312 3055 4357 non
3099 4305 3215 4351 con·

792 4394 1008 4458 cordat
1054 4415 1195 4459 cum
1244 4396 1509 4458 externis
1563 4396 1782 4472 verbm,
1820 4415 1888 4459 eo
1938 4395 2098 4477 quod
2152 4398 2394 4460 animus
2443 4397 2526 4460 sit
2575 4415 2696 4460 non
2739 4396 2983 4461 iurandi
3029 4396 3127 4458 aut
3165 4406 3215 4451 se

792 4516 913 4560 non
964 4499 1305 4581 obligandi:
1342 4498 1438 4561 vel
1484 4498 1605 4561 etsi
1638 4499 1881 4561 animus
1915 4500 2177 4562 iurantis
2212 4500 2538 4564 concordet
2568 4519 2708 4564 cum
2754 4499 3016 4563 externis
3046 4490 3217 4558 verbis

798 4621 919 4663 non
965 4601 1298 4665 concordat
1347 4620 1488 4664 cum
1540 4601 1745 4664 animo
1797 4601 1946 4679 eius,
1976 4603 2074 4665 cui
2123 4603 2385 4666 iuratur.
