3497 5147
672 334 781 390 762
837 347 1051 388 macr.
1072 348 1151 389 vr.
1173 347 1338 388 sacr.
1357 348 1439 390 vr.
1456 348 1543 388 mn
1568 345 1759 388 snx‘ro
1784 346 1862 386 m
1885 345 2050 387 noso
2069 345 2287 386 Panno.
2313 344 2644 386 nncanoor.
2666 345 2811 386 nun.
2833 344 2924 385 m.
2963 330 3145 405 [1030]

674 442 977 510 Zachiam
1020 443 1091 506 in
1144 443 1393 523 Quaest.
1427 443 1644 507 medic.
1685 441 1873 524 ἱεραί.
1908 439 2044 521 Qua
2083 442 2280 506 veluti
2317 442 2648 526 hypothesi
2680 460 2752 507 ex
2787 441 3141 525 praemissis

675 547 989 633 principiis
1020 548 1186 611 recte
1209 546 1372 612 idem
1404 547 1447 610 l.
1482 567 1534 612 c.
1575 544 1925 611 concludit:
1958 580 1981 592 -
2019 542 2330 627 Quidquid
2358 547 2569 610 tamen
2593 544 2667 609 de
2697 545 2817 610 hoc
2840 544 2943 624 sit,
2977 544 3139 628 apud

674 651 1004 734 theologos
1049 653 1289 714 certum
1336 651 1401 714 et
1444 648 1872 713 indubitatum
1917 650 2151 724 manet,
2190 647 2557 712 mulieribus
2592 665 2784 729 aeque
2816 666 3038 731 parum
3070 666 3142 712 ac

674 753 1099 836 impuberibus
1135 752 1234 816 vel
1268 751 1644 836 spadonibus
1691 750 2062 833 permissum
2110 768 2263 827 esse,
2312 753 2387 814 ut
2423 750 2522 814 vel
2567 749 2817 834 proprio
2864 750 2962 815 vel
2995 750 3143 814 alte-

676 856 809 920 rius
857 854 1032 920 tactu
1082 855 1160 919 ad
1208 872 1491 918 venerem
1538 872 1669 917 sese
1715 854 2070 935 provocent.
2104 887 2127 899 -
2158 852 2293 918 Imo
2325 852 2510 917 modo
2562 871 2659 917 res
2706 854 2803 916 est
2848 871 2972 917 non
3017 852 3142 916 iam

675 957 912 1021 incerta
960 957 1071 1020 aut
1118 955 1538 1040 hypothetica,
1588 953 1693 1018 sed
1740 955 1910 1018 certa
1957 954 2021 1017 et
2068 954 2232 1036 apud
2263 953 2537 1019 Medicos
2576 973 2686 1019 seu
2717 953 3143 1038 physiologiae

678 1059 912 1142 peritos
961 1057 1477 1141 exploratissima,
1511 1057 1573 1120 id
1606 1055 1771 1139 quod
1817 1055 2152 1120 femineum
2200 1075 2408 1139 semen
2456 1056 2757 1139 appellari
2804 1056 3143 1129 consuevit,

681 1181 717 1225 a
772 1161 901 1225 veri
949 1160 1201 1248 seminis
1245 1163 1474 1224 natura
1520 1158 1768 1241 penitus
1827 1158 2141 1223 diversum
2189 1177 2338 1237 esse,
2389 1177 2500 1223 nec
2548 1158 2743 1223 alium
2789 1159 3144 1225 huiusmodi

679 1262 1048 1326 humoribus
1094 1261 1280 1325 finem
1329 1280 1367 1325 a
1397 1263 1625 1326 natura
1662 1260 2112 1342 praestitutum
2143 1279 2294 1338 esse,
2329 1279 2517 1343 quam
2567 1263 2641 1326 ut
2687 1280 2843 1345 opus
2874 1261 3144 1346 coniugii

681 1363 927 1428 facilius
965 1363 1256 1427 efficiant.
1291 1359 1556 1427 Constat
1579 1381 1726 1426 sane
1751 1361 1935 1427 modo
1977 1362 2141 1443 quod
2175 1363 2251 1426 ad
2284 1363 2633 1428 habendam
2662 1364 3144 1448 generationem,

682 1470 909 1533 horum
958 1467 1223 1532 duorum
1272 1466 1719 1532 elementorum
1767 1466 2121 1531 coniunctio
2169 1468 2508 1549 requiritur
2547 1470 2611 1533 et
2647 1468 2901 1546 sufficit,
2935 1486 3150 1550 nempe

683 1570 884 1634 virilis
931 1569 1183 1633 seminis
1224 1568 1575 1633 coniunctio
1624 1588 1766 1632 cum
1798 1571 2049 1634 maturo
2101 1587 2216 1634 ovo
2265 1568 2549 1634 feminae.
2606 1569 2893 1634 Habetur
2939 1572 3146 1635 tamen

682 1673 745 1737 in
792 1671 1024 1735 femina
1069 1671 1131 1734 in
1180 1673 1328 1735 actu
1376 1670 1634 1754 copulae
1679 1670 1954 1734 irritatio
2029 1671 2341 1754 organica,
2399 1691 2558 1754 quae
2605 1671 2945 1737 comitatur
2990 1691 3150 1737 com·

689 1774 924 1858 pletam
975 1772 1366 1855 voluptatem
1416 1774 1603 1853 atque
1648 1772 1841 1835 etiam
1902 1771 2129 1836 humor
2193 1773 2318 1851 ille,
2360 1774 2489 1855 qui,
2529 1773 2676 1838 licet
2722 1791 2843 1839 non
2893 1792 3148 1856 semper,

684 1876 971 1941 comitari
1011 1875 1170 1939 solet
1208 1874 1462 1939 eandem
1492 1874 1886 1957 voluptatem
1919 1899 1979 1937 ».

781 2002 815 2035 «
848 1978 939 2040 Ex
984 1977 1080 2041 his
1128 1976 1268 2059 quis
1299 1976 1581 2056 colligat,
1616 1975 1782 2058 quod
1816 1995 1957 2040 cum
1998 1976 2156 2041 alias
2186 1977 2315 2041 iam
2351 1996 2572 2042 causas
2604 1978 2742 2042 DD.
2768 1978 2984 2042 afferre
3015 1996 3151 2043 con·

688 2078 1023 2156 sueverint,
1058 2079 1135 2142 ob
1183 2096 1335 2160 quas
1384 2077 1758 2160 parcendum
1806 2079 1890 2143 sit
1936 2079 2530 2164 interrogationibus
2577 2079 2651 2144 de
2713 2080 3151 2162 qualicumque

686 2184 804 2247 hac
850 2181 1112 2247 feminae
1159 2180 1522 2264 pollutione,
1555 2180 1760 2245 multo
1808 2182 2010 2264 magis
2043 2201 2205 2245 nunc
2235 2182 2609 2265 parcendum
2658 2182 2977 2259 videatur;
3005 2182 3150 2246 dum

686 2286 842 2350 satis
888 2285 1015 2349 iam
1057 2286 1322 2361 constat,
1370 2283 1434 2346 in
1482 2283 1867 2359 mulieribus,
1917 2285 2254 2365 utcumque
2299 2284 2576 2368 graviter
2622 2286 2892 2367 peccent,
2943 2287 3151 2348 tamen

687 2407 811 2454 non
860 2388 1070 2452 adesse
1107 2387 1415 2450 rationem
1462 2385 1632 2449 illius
1679 2385 1966 2467 specialis
2012 2386 2312 2464 malitiae,
2353 2406 2512 2469 quae
2559 2387 2927 2470 pollutionis
2973 2406 3152 2451 verae

691 2511 762 2555 ac
796 2510 1000 2575 presse
1048 2489 1247 2552 dictae
1279 2486 1529 2570 propria
1563 2490 1656 2550 est
1693 2511 1756 2550 ».

783 2589 994 2664 1030.
1028 2589 1451 2653 Nihilominus
1491 2587 1936 2652 advertendum
1984 2609 2303 2656 censemus
2351 2612 2493 2656 cum
2540 2592 2611 2656 P.
2645 2592 2898 2658 Villada
2953 2591 3153 2658 Casus

689 2694 1096 2761 conscientiae
1142 2712 1201 2775 p.
1236 2692 1296 2755 3.
1348 2710 1491 2775 pag.
1527 2691 1675 2755 250.
1728 2710 1896 2774 seqq.
1935 2692 2001 2757 in
2047 2695 2216 2772 nota,
2252 2694 2417 2776 quod
2464 2695 2529 2759 in
2573 2694 2821 2759 feminis
2866 2695 3151 2760 videatur

690 2799 904 2862 haberi
962 2813 1140 2879 posse
1185 2796 1509 2876 peccatum
1564 2793 1922 2879 analogum,
1970 2797 2043 2859 ut
2112 2796 2203 2860 ita
2251 2795 2528 2861 dicamus
2580 2797 2936 2880 pollutioni,
2986 2796 3146 2880 quod

692 2900 935 2967 differat
981 2918 1018 2961 a
1064 2897 1329 2980 simplici
1374 2897 1553 2961 tactu
1597 2897 1930 2981 impudico.
1980 2898 2259 2964 Obtineri
2305 2899 2467 2963 enim
2516 2902 2579 2964 et
2616 2901 2693 2965 ab
2747 2899 2901 2983 ipsis
2946 2901 3151 2981 potest

690 3002 998 3085 completa
1035 3001 1346 3083 voluptaS,
1387 3019 1509 3083 qua
1544 3001 1814 3064 satiatur
1852 3003 1917 3065 et
1947 3001 2288 3066 exsolvitur
2311 3006 2557 3081 natura,
2592 3022 2750 3086 quae
2783 3003 2909 3067 alia
2942 3005 3038 3067 est
3074 3003 3151 3067 ab

687 3125 759 3170 ea
808 3105 1154 3187 voluptate,
1191 3122 1380 3186 quam
1412 3104 1511 3169 vel
1542 3103 1693 3168 solis
1730 3103 2006 3168 tactibus
2044 3104 2468 3186 experiuntur:
2502 3106 2614 3169 illa
2648 3109 2861 3171 autem
2896 3106 3151 3171 obtenta

687 3208 996 3291 completa
1042 3208 1334 3289 voluptas
1381 3205 1630 3271 videtur
1662 3208 1985 3289 peccatum
2031 3209 2534 3272 consummatum
2579 3208 2642 3271 in
2691 3227 2803 3273 suo
2836 3228 3060 3294 genere
3090 3212 3154 3273 et

690 3311 1083 3395 aequivalens
1131 3309 1484 3394 pollutioni.
1535 3309 1617 3372 Et
1662 3308 1738 3371 A.
1780 3309 2088 3373 malitiam
2143 3309 2430 3375 mollitiei
2491 3311 2557 3376 in
2617 3311 2862 3377 feminis
2907 3331 3153 3394 quoque

693 3414 980 3481 admittit
1024 3433 1133 3479 nec
1166 3433 1215 3478 s.
1250 3412 1611 3495 Alphonsus
1644 3410 2034 3476 contradicit.

780 3517 938 3583 Sane
970 3536 1128 3600 quae
1162 3516 1283 3579 dici
1330 3515 1490 3578 solet
1520 3513 1933 3577 mast-urbatio
1959 3513 2242 3595 (manum
2289 3515 2630 3600 stupratio)
2654 3535 2779 3580 non
2805 3536 2841 3581 a
2871 3518 3150 3581 maribus

691 3621 916 3697 solum,
951 3619 1054 3683 sed
1100 3622 1165 3683 et
1212 3637 1247 3682 a
1293 3616 1540 3680 feminis
1572 3616 1916 3680 inhonestis
1950 3618 2289 3699 usurpatur
2336 3614 2789 3701 (Capellmann,
2824 3617 3155 3683 Pastoral-

693 3721 999 3786 Mediam.
1042 3720 1102 3782 6.
1136 3720 1283 3784 edit.
1318 3739 1378 3802 p.
1416 3720 1550 3802 77.)
1600 3721 1788 3801 atque
1837 3718 1998 3802 apud
2043 3718 2157 3782 has
2205 3718 2431 3802 triplex
2461 3720 2635 3783 velut
2666 3720 2799 3785 eius
2830 3721 3035 3786 forma
3065 3721 3153 3785 di-

694 3825 1079 3907 stinguitur:
1119 3822 1424 3898 clitorina‚
1466 3822 1796 3907 vaginaIiS,
1838 3821 2105 3900 uterina,
2140 3840 2296 3904 quas
2328 3821 2682 3886 meminisse
2712 3824 3006 3889 sufficiat.
3055 3822 3148 3889 Cf.

694 3926 1014 4009 Debreyne
1062 3923 1534 4006 Maeehioloyie‚
1584 3926 1745 4008 part.
1801 3925 1858 3988 1.
1884 3943 1936 3987 6.
1991 3926 2046 3986 1.
2089 3944 2143 3987 3.
2190 3926 2246 3987 1.
2284 3924 2431 3988 sect.
2486 3925 2543 3988 7.
2598 3922 2863 3991 Uterina
2907 3929 3159 4013 gravior

697 4032 811 4103 est,
875 4032 947 4092 ut
1003 4026 1212 4091 valeat
1258 4028 1450 4092 etiam
1496 4027 1847 4111 frequenter
1916 4026 2144 4090 iterata
2192 4029 2569 4110 potestatem
2631 4029 2928 4113 gignendi
2973 4031 3160 4114 impe-

696 4134 845 4198 dire.
896 4129 1052 4196 Ibid.

784 4234 1015 4299 Videat
1060 4235 1271 4298 tamen
1302 4232 1713 4297 confessarius
1744 4250 1818 4294 ne
1851 4231 2115 4296 feminae
2162 4233 2546 4315 poenitentes
2591 4233 2972 4298 confundant
3018 4254 3160 4298 cum

698 4337 1042 4422 pollutione
1075 4336 1311 4399 fluxum
1356 4335 1560 4409 illum,
1594 4334 1699 4415 qui
1751 4331 2113 4397 leucorrhea
2161 4332 2407 4412 dicitur,
2447 4354 2605 4418 quae
2652 4338 2746 4399 est
2789 4338 2998 4401 status
3030 4337 3163 4418 qui-

699 4440 842 4502 dam
888 4437 1294 4515 infirmitatis,
1327 4438 1392 4501 in
1439 4455 1562 4518 qua
1595 4434 1796 4499 fluxus
1829 4436 1924 4499 est
1953 4436 2318 4513 habitualis,
2369 4438 2598 4520 absque
2645 4436 2777 4501 ulla
2807 4438 3164 4502 sensatione

697 4537 1064 4619 voluptatis,
1090 4558 1281 4619 quam
1313 4537 1620 4603 ordinarie
1650 4537 1991 4602 comitatur
2014 4539 2287 4603 sensatio
2312 4539 2615 4621 quaedam
2639 4539 2904 4604 molesta
2929 4539 3004 4603 ad
3041 4539 3166 4624 epi-

699 4641 1005 4727 gastrum.
1037 4638 1194 4702 Ibid.
1230 4642 1375 4703 sect.
1404 4641 1464 4703 8.
