3497 5147
354 324 499 394 [968]
1058 340 1145 382 nn
1180 341 1455 385 mxuma
1491 342 1828 390 mnmnc‘m
1862 343 2129 386 mmm
2712 329 2821 385 715

351 458 419 505 re
449 437 698 514 illicita,
738 438 935 504 otiosa
963 437 1061 502 vel
1089 440 1299 506 minus
1329 442 1685 506 necessaria
1718 445 1781 504 et
1809 440 1957 506 haec
1987 442 2074 505 sit
2102 461 2294 506 caasa
2326 443 2693 523 propinqua
2743 463 2824 510 ac

352 544 589 606 natura
631 559 750 604 sua
777 539 868 603 ad
898 560 1178 604 venerem
1207 540 1566 607 ordinata...
1598 542 1859 607 mortale
1890 548 1984 608 est
2027 542 2106 607 ab
2153 543 2272 608 illa
2319 563 2448 607 non
2482 544 2823 609 abstinere:

356 643 512 710 Heic
552 641 891 729 distinguit
931 642 1096 710 inter
1132 662 1350 708 causas
1397 645 1709 730 proximas
1740 647 1806 710 et
1849 664 2070 711 causas
2115 647 2389 711 remotas
2438 646 2636 728 atque
2685 646 2823 710 tum

359 746 584 822 solum,
631 764 775 810 cum
820 764 1008 814 causa
1054 746 1148 810 est
1194 745 1493 829 proxima,
1535 745 1813 812 affirmat
1856 767 1987 813 esse
2033 748 2299 816 mortale
2346 749 2712 831 peccatum:
2760 746 2826 811 in

360 850 562 933 priore
590 848 748 924 loco,
779 848 954 913 nulla
986 848 1151 912 facta
1182 847 1538 913 huiusmodi
1575 848 1989 927 distinctione,
2022 851 2368 935 generatim
2415 850 2694 914 affirmat
2731 868 2828 914 ve-

360 951 525 1020 niale
557 969 686 1016 esse
719 952 1063 1034 peceatum.

405 1125 413 1130 ,
453 1052 873 1120 Nihilominus
920 1053 1085 1117 recte
1126 1052 1365 1118 factum
1411 1056 1726 1138 putamuS,
1775 1055 1839 1118 in
1886 1054 2002 1119 hae
2048 1054 2412 1136 quaestione
2457 1053 2537 1119 de
2582 1053 2832 1118 luxuria

364 1156 658 1224 indirecte
695 1155 911 1231 volita,
952 1174 988 1218 a
1026 1155 1122 1232 Β.,
1162 1155 1270 1238 qui
1300 1174 1422 1221 non
1453 1155 1736 1221 distinxit
1782 1157 1944 1221 inter
1978 1157 2458 1223 delectationem
2507 1175 2830 1220 veneream

366 1262 430 1324 et
459 1257 887 1341 pollutionem,
923 1257 1029 1324 sed
1075 1257 1287 1324 eadem
1316 1259 1557 1323 ratione
1589 1258 1662 1324 de
1709 1261 1978 1341 utraque
2031 1259 2331 1341 loquitur.
2364 1257 2529 1323 Nam
2563 1258 2833 1339 utraque

366 1361 618 1428 tandem
651 1361 746 1425 est
779 1378 887 1443 per
923 1378 986 1426 se
1017 1361 1295 1444 graviter
1328 1361 1553 1426 illicita
1591 1364 1654 1426 et
1690 1361 2216 1443 quemadmodum
2252 1380 2449 1446 grave
2495 1362 2591 1425 est
2627 1378 2835 1442 peeca-

366 1467 524 1541 tum,
559 1462 930 1528 alterutram
966 1462 1194 1528 directe
1230 1463 1563 1540 intendere,
1596 1464 1689 1527 ita
1736 1464 1948 1541 etiam,
1983 1465 2058 1529 ut
2104 1463 2274 1530 licite
2320 1482 2511 1528 causa
2559 1462 2692 1526 eius
2723 1480 2834 1544 po·

367 1574 555 1637 natur
585 1571 684 1636 vel
715 1571 790 1635 ut
828 1589 982 1654 opus
1017 1571 1102 1635 sit
1138 1572 1217 1636 ab
1248 1571 1364 1636 hac
1401 1589 1589 1636 causa
1637 1570 1946 1635 abstinere
1979 1570 2110 1635 sive
2156 1571 2275 1636 sub
2320 1570 2503 1654 gravi
2549 1569 2681 1634 sive
2717 1568 2834 1633 sub

369 1675 512 1752 levi,
558 1673 807 1739 eaedem
851 1673 1105 1757 regulae
1150 1673 1353 1738 valere
1400 1672 1640 1738 debent.
1682 1672 1889 1754 Atque
1933 1672 2027 1738 ita
2074 1672 2444 1737 Tamburini
2491 1672 2560 1735 in
2606 1669 2828 1734 Decal.

370 1779 514 1844 h..t.
547 1797 598 1842 c.
631 1778 691 1840 3.
730 1777 786 1859 ἓ.
822 1777 884 1839 5.
916 1795 976 1840 n.
1012 1776 1117 1840 53.
1156 1776 1405 1842 locutus
1451 1775 1525 1841 de
1570 1775 1916 1858 pollutione
1961 1776 2256 1841 indirecte
2305 1775 2526 1851 volita,
2577 1772 2831 1838 subdit:

288 1879 297 1892 '
381 1906 416 1939 «
462 1879 634 1961 Quae
676 1879 975 1944 hactenus
1021 1876 1094 1943 de
1140 1877 1345 1943 causis
1391 1878 1611 1943 leviter
1654 1878 1753 1941 vel
1800 1877 2161 1944 notabiliter
2207 1877 2611 1941 influentibus
2667 1875 2836 1940 dicta

374 1984 539 2060 sunt,
570 1980 973 2068 intelligenda
1010 1980 1203 2045 etiam
1234 1980 1307 2045 de
1337 1980 1561 2060 causis,
1590 1981 1751 2045 unde
1782 1980 2111 2046 distillatio
2151 1980 2251 2044 vel
2282 1979 2621 2044 commotio
2662 1979 2837 2042 nota-

374 2086 515 2151 bilis
546 2084 883 2168 spirituum
926 2083 1310 2169 generationi
1357 2083 1827 2148 inservientium
1873 2082 2165 2165 consequi
2197 2082 2433 2156 solent;
2474 2081 2627 2145 haec
2674 2080 2837 2144 enim

378 2187 625 2272 perinde
656 2205 727 2251 ac
763 2185 1051 2270 pollutio,
1090 2186 1238 2251 sunt
1268 2187 1484 2252 contra
1516 2186 1893 2263 castitatem,
1927 2186 2178 2268 propter
2207 2202 2502 2268 magnam
2551 2183 2840 2248 similitu·

377 2289 581 2355 dinem
613 2307 685 2353 ac
715 2288 1246 2372 propinquitatem
1276 2309 1418 2354 cum
1450 2288 1663 2353 eadem
1694 2288 2041 2372 pollutione
2067 2313 2129 2350 ».

468 2391 627 2472 Quia
664 2410 807 2456 vero
839 2391 1129 2456 Busemb.
1164 2392 1227 2454 in
1257 2392 1393 2456 loco
1426 2391 1627 2474 priore
1660 2391 1854 2454 citato
1889 2410 1960 2454 ex
1994 2392 2074 2454 tr.
2115 2388 2189 2452 de
2223 2387 2533 2465 PeccateZS,
2569 2385 2841 2450 remittit

380 2495 674 2561 lectorem
712 2493 790 2557 ad
821 2513 911 2570 ea,
952 2513 1111 2577 quae
1143 2493 1391 2558 uberius
1431 2493 1713 2579 disputat
1745 2493 1809 2557 in
1841 2493 1919 2556 tr.
1963 2491 2037 2555 de
2070 2491 2137 2553 6⁰
2169 2489 2536 2570 Praecepta,
2571 2507 2692 2552 non
2730 2488 2843 2551 im-

382 2598 604 2663 merito
642 2597 882 2663 censuit
905 2597 979 2661 B.
1006 2597 1351 2661 doctrinam
1381 2598 1469 2661 ibi
1499 2597 1857 2662 contentam
1889 2615 2020 2661 esse
2051 2615 2123 2660 ex
2154 2595 2270 2660 hae
2293 2591 2723 2658 declarandam
2757 2593 2839 2670 et,

384 2701 458 2766 ut
486 2701 617 2784 ipse
656 2700 747 2765 ait
778 2720 838 2764 n.
875 2700 1048 2776 577„
1084 2699 1508 2782 supplendam.

473 2804 821 2868 Fatendum
867 2803 1076 2867 tamen
1123 2805 1237 2880 est,
1293 2800 1639 2867 doctrinam
1676 2823 1724 2868 s.
1761 2802 2082 2886 Alphonsi,
2117 2821 2306 2883 quam
2354 2800 2427 2865 B.
2467 2800 2509 2863 1.
2544 2820 2596 2864 c.
2628 2799 2838 2875 refert,

387 2908 660 2990 spectare
697 2908 949 2971 tantum
983 2904 1061 2970 ad
1091 2924 1305 2970 casum
1350 2904 1744 2989 pollutionis:
1780 2905 2040 2971 eundem
2077 2924 2221 2969 vero
2260 2923 2309 2968 s.
2345 2905 2699 2980 Doctorem,
2734 2901 2842 2966 ubi

389 3008 680 3073 Busemb.
714 3008 777 3072 in
811 3009 890 3072 tr.
924 3005 997 3071 cle
1046 3005 1335 3072 Peccatis
1382 3005 1455 3071 de
1500 3026 1688 3071 causa
1732 3008 2014 3091 loquitur
2059 3005 2484 3073 delectationis
2531 3024 2844 3082 venereae,

390 3111 546 3177 nihil
569 3111 641 3175 de
664 3130 780 3176 suo
805 3110 1044 3190 addere,
1058 3113 1130 3176 ut
1153 3111 1413 3194 probare
1437 3108 1723 3173 videatur
1745 3111 2108 3195 simpliciter
2131 3110 2504 3176 sententiam
2529 3108 2843 3182 Busemb.;

392 3214 511 3281 nisi
535 3215 694 3280 forte
726 3214 970 3280 dicatur
998 3214 1129 3297 ipse
1159 3233 1303 3279 cum
1326 3211 1616 3277 Busemb.
1644 3212 1890 3277 reiicere
1921 3215 2214 3279 lectorem
2247 3214 2324 3277 ad
2354 3230 2445 3288 ea,
2471 3230 2632 3293 quae
2666 3212 2850 3274 antea

396 3318 464 3381 in
496 3317 565 3380 6⁰
598 3316 1016 3394 Praeceptum
1044 3317 1172 3380 iam
1204 3314 1566 3379 tradider'at.

488 3416 659 3490 368.
699 3419 772 3483 In
817 3418 1199 3499 quaestione,
1247 3438 1325 3482 an
1372 3419 1695 3501 peecatum
1732 3418 1796 3481 et
1834 3418 2180 3485 cuiusmodi
2224 3420 2547 3503 peccatum
2595 3418 2697 3493 sit,
2748 3435 2851 3499 po-

397 3539 558 3596 nere,
599 3522 829 3602 absque
875 3519 1137 3597 tatione,
1171 3538 1424 3583 causam
1470 3519 1857 3602 pollutionis,
1897 3537 2054 3601 quae
2102 3522 2533 3603 praevideatur
2581 3518 2849 3601 quidem,

401 3621 505 3686 sed
529 3640 651 3686 non
673 3621 1052 3697 intendatur,
1086 3640 1133 3684 a.
1162 3621 1537 3703 AlphonsuS,
1565 3624 1815 3686 secutus
1846 3619 2361 3687 Salmanticenses
2394 3626 2458 3688 et
2491 3620 2852 3705 Roncaglia,

400 3724 842 3789 limitationem
887 3723 1198 3806 quandam
1237 3723 1489 3788 adhibet
1520 3723 1930 3788 communiori
1976 3722 2308 3788 doctrinae.
2344 3724 2584 3791 Statuit
2616 3743 2761 3790 sane
2793 3724 2858 3787 et

401 3828 550 3912 ipse,
587 3829 660 3893 ut
705 3827 970 3911 pollutio
1002 3845 1124 3892 non
1168 3827 1410 3893 intenta
1442 3827 1789 3909 imputetur
1821 3827 1936 3891 sub
1967 3826 2240 3901 mortali,
2277 3845 2534 3890 causam
2566 3849 2723 3910 quae
2756 3846 2859 3910 po-

402 3932 594 4009 nitur,
629 3931 844 3995 debere
881 3949 1011 3995 esse
1055 3931 1331 4014 graviter
1375 3930 1737 3995 influentem
1783 3930 1848 3994 in
1891 3930 2112 4013 ipsam,
2146 3929 2494 3995 cuiusmodi
2541 3934 2704 4007 sunt,
2747 3931 2861 4004 ait,

403 4053 614 4103 omnes
660 4032 806 4097 illae
851 4032 1143 4111 actiones,
1178 4053 1335 4116 quae
1382 4052 1489 4117 per
1535 4052 1599 4098 se
1632 4033 1781 4097 sunt
1809 4051 2032 4117 graves
2064 4033 2282 4116 culpae
2329 4031 2393 4096 in
2423 4051 2643 4115 genere
2683 4034 2860 4097 luxu-

397 4139 528 4203 riae
558 4138 602 4202 l.
636 4137 696 4200 3.
730 4157 788 4203 n.
816 4136 967 4201 482.
993 4135 1152 4200 Aliis
1184 4136 1385 4201 verbis
1425 4162 1461 4195 «
1484 4136 1813 4214 sententia,
1842 4135 1934 4200 ait
1964 4156 2024 4200 n.
2054 4136 2228 4212 484„
2262 4133 2609 4199 communis
2642 4134 2704 4195 et
2729 4152 2866 4215 pro·

403 4242 669 4308 habilior
703 4239 884 4304 docet
913 4238 1322 4323 pollutionem
1357 4258 1481 4304 non
1510 4258 1644 4305 esse
1675 4240 2025 4318 mortalem,
2067 4238 2187 4304 nisi
2217 4237 2543 4321 proveniat
2568 4255 2640 4299 ex
2676 4254 2864 4299 causa

407 4364 512 4428 per
558 4364 622 4409 se
658 4342 916 4409 mortali
958 4342 1025 4406 in
1071 4359 1290 4424 genere
1325 4342 1671 4407 luxuriae...
1721 4343 1931 4419 Ratio,
1965 4361 2076 4409 cur
2112 4361 2300 4406 causa
2345 4341 2566 4405 debeat
2597 4358 2728 4404 esse
2759 4356 2868 4421 per

411 4465 475 4510 se
520 4446 826 4523 mortaIiS,
860 4444 976 4517 est,
1009 4442 1157 4525 quia
1189 4462 1331 4507 cum
1362 4443 1628 4525 pollutio
1660 4462 1782 4509 non
1821 4444 1905 4508 sit
1937 4443 2134 4508 volita
2164 4444 2228 4508 in
2266 4462 2348 4519 se,
2384 4442 2489 4508 sed
2521 4443 2772 4506 tantum
2802 4440 2869 4504 in

414 4567 618 4627 causa,
659 4567 730 4614 eo
777 4548 977 4633 gradu
1022 4546 1190 4611 mala
1221 4545 1342 4610 erit
1377 4564 1500 4628 quo
1532 4546 1699 4609 mala
1746 4547 1844 4610 est
1878 4547 2013 4629 ipsa
2044 4565 2251 4611 causa.
2293 4547 2482 4611 Ratio
2516 4548 2727 4611 autem
2759 4562 2870 4608 cur
