3497 5147
280 380 414 456 [644]
864 394 1033 443 Quam
1070 394 1147 434 m·
1182 395 1427 442 QUANTA
1468 396 1561 439 ειη·
1598 397 1935 441 οΒιῐαΑτιο
1972 399 2112 442 νου
2618 387 2722 441 491

372 493 632 548 xxxvtt.
666 492 745 546 19.
770 491 872 553 Qui
908 489 1047 544 vovit
1072 505 1174 544 rem
1200 499 1383 545 certam
1410 501 1460 546 et
1482 494 1872 560 determinatam,
1903 510 1951 549 v,
1978 511 2050 561 gr.
2078 500 2208 550 bunc
2245 495 2464 562 calicem,
2493 494 2533 548 si
2560 509 2615 548 ea
2642 509 2723 549 res

276 581 446 644 pereat,
474 591 571 630 non
608 583 802 630 tenetur
825 577 886 629 ad
924 575 1092 640 aliurn,
1115 590 1225 630 cnm
1250 575 1300 630 id
1329 591 1423 630 non
1450 580 1607 632 soleat
1645 577 1856 634 intendi:
1883 578 1926 634 si
1952 586 2116 634 autem
2153 594 2260 635 eam
2299 594 2403 635 rem
2431 579 2723 643 vendiderit,

275 660 566 729 probabilius
602 660 797 714 videtur
822 674 950 727 esse,
973 659 1129 714 teneri
1153 662 1271 714 dare
1298 661 1568 727 pecuniam,
1597 677 1740 730 qnam
1768 663 1983 732 accepim
2009 663 2124 731 qnia
2149 663 2233 731 qui
2276 670 2427 718 vovet
2465 678 2584 726 rem,
2611 678 2727 718 cen·

273 754 393 802 netur
429 745 719 813 promittere
756 760 949 800 omnem
986 745 1092 800 eius
1132 745 1407 801 utilitatem.

350 864 525 939 642.
560 866 773 947 Quoad
825 869 912 931 2¹¹¹
944 869 1205 951 partem,
1239 867 1313 933 Α.
1354 868 1524 946 dicit,
1550 869 1953 952 probabilius
1983 873 2179 938 teneri
2216 874 2293 937 ad
2326 872 2596 937 dandam
2628 890 2727 955 pe-

270 973 528 1048 cuniam,
567 989 757 1053 quam
794 989 868 1034 ex
896 969 1146 1034 vendita
1191 971 1326 1035 voti
1371 973 1635 1037 materia
1682 975 1937 1057 accepit.
1987 975 2059 1039 Id
2107 994 2322 1040 verum
2354 975 2621 1049 videtur,
2671 973 2726 1037 si

269 1074 524 1140 intentio
570 1072 884 1138 ferebatur
927 1073 991 1136 in
1038 1072 1290 1154 aliquod
1337 1072 1568 1139 donum
1614 1075 2031 1153 tribuendum,
2076 1077 2241 1159 quod
2273 1076 2414 1141 dein
2445 1076 2510 1140 in
2543 1094 2614 1140 ea
2660 1093 2725 1138 re

270 1176 743 1241 determinatum
784 1174 1007 1252 fuerit;
1060 1175 1219 1240 atsi
1262 1176 1527 1242 intentio
1558 1175 1624 1241 in
1661 1197 1791 1242 rem
1836 1178 2319 1244 determinatam
2356 1178 2616 1242 cadebat
2662 1178 2730 1240 et

271 1277 628 1362 praesertim
649 1277 704 1340 si
733 1275 1062 1360 specialem
1093 1295 1348 1361 scopum
1378 1297 1476 1342 res
1506 1279 1619 1343 illa
1650 1280 1941 1358 habebat,
1977 1300 2151 1346 secus
2184 1281 2292 1345 alii
2325 1279 2727 1354 iudicabunt;

268 1400 321 1444 v.
365 1400 464 1465 gr.
514 1379 827 1463 planetam
860 1379 961 1443 vel
1003 1379 1278 1456 mitram,
1326 1399 1517 1462 quam
1561 1381 1753 1447 habet
1781 1383 1922 1465 quis
1969 1383 2469 1466 pulcherrimam,
2520 1383 2725 1458 vovet,

269 1501 383 1564 qua
413 1482 639 1547 utatur
682 1481 1021 1564 Episcopus
1065 1481 1129 1545 in
1177 1482 1464 1547 sollemni
1499 1483 1769 1565 quodam
1817 1485 2011 1562 festoss
2048 1485 2102 1550 si
2134 1484 2509 1561 distraxerit,
2545 1502 2730 1567 aegre

270 1585 529 1670 obligari
554 1582 865 1648 videbitur
888 1583 967 1647 ad
990 1583 1161 1649 aliud
1185 1584 1578 1650 offerendum.
1606 1586 1706 1651 Ita
1738 1587 1793 1650 si
1817 1606 1927 1670 pro
1950 1588 2111 1653 festo
2137 1606 2326 1652 voves
2355 1586 2730 1670 apparatum

270 1686 613 1751 faciendum
644 1686 709 1750 et
745 1684 883 1749 dein
914 1684 1049 1751 fieri
1079 1703 1202 1750 non
1240 1686 1469 1769 potuit.

371 1840 656 1895 xxxx-'uh
688 1840 768 1891 13.
799 1836 895 1906 Qui
921 1836 1060 1891 vovit
1097 1838 1278 1905 aliquid
1320 1837 1589 1891 laciendum
1616 1847 1755 1892 certo
1784 1848 2020 1907 tempore,
2052 1847 2103 1893 ut
2137 1840 2359 1894 ieiunare
2393 1843 2483 1893 hoc
2509 1840 2590 1891 vel
2632 1837 2727 1892 isto

270 1922 364 1988 die,
387 1923 477 1977 illo
514 1928 774 1987 transacto,
808 1922 913 1976 sive
949 1936 1061 1976 cum
1099 1925 1243 1988 culpa
1282 1921 1389 1975 sive
1429 1922 1534 1976 sine
1570 1926 1715 1991 culpa
1756 1924 1880 1988 eius,
1910 1926 1970 1978 nd
2006 1924 2124 1978 nibil
2163 1931 2357 1978 tenetur
2395 1932 2444 1978 et
2482 1938 2655 1989 neque,
2683 1922 2726 1975 si

268 2007 566 2075 praeviderit
586 2006 985 2075 impedimentum
1022 2022 1082 2061 eo
1121 2014 1340 2074 tempore
1377 2014 1806 2074 superventurum,
1840 2012 2097 2063 tenebatur
2134 2007 2442 2076 praevenire,
2469 2023 2578 2063 cnm
2606 2011 2730 2061 baec

267 2109 363 2147 non
401 2094 561 2148 solent
590 2091 796 2147 intentio
835 2090 1062 2146 voventis
1097 2107 1225 2146 esse.
1245 2094 1387 2146 Suar.
1415 2094 1537 2146 Nav.
1567 2095 1598 2145 l.
1638 2095 1678 2147 1.
1707 2095 1828 2148 Βοιι.
1855 2108 1903 2160 p.
1931 2095 1981 2149 5.

351 2229 533 2304 843.
569 2231 628 2297 S.
663 2232 847 2316 Alph.
887 2253 946 2298 n.
989 2234 1137 2297 220.
1179 2234 1366 2317 putat
1411 2234 1820 2299 adhibendam
1850 2236 2156 2320 regulam,
2204 2235 2277 2299 de
2324 2254 2446 2317 qua
2494 2254 2628 2317 sup.
2663 2234 2724 2297 in

255 2337 441 2402 resol.
484 2338 578 2412 1.;
612 2334 1057 2418 inspiciendum
1090 2336 1342 2414 scilicet,
1384 2356 1462 2401 an
1501 2337 1629 2401 dies
1659 2337 1931 2421 praefixa
1962 2338 2048 2402 sit
2081 2337 2158 2401 ad
2188 2335 2520 2401 finiendam
2568 2335 2725 2400 obli-

258 2440 583 2524 gationem
617 2439 730 2504 aut
767 2438 842 2502 ad
876 2457 998 2503 non
1029 2438 1443 2504 differendam.
1478 2438 1647 2519 Quae
1677 2441 1898 2525 regula
1932 2441 2168 2524 optima
2216 2442 2329 2504 est.
2364 2439 2451 2504 At
2483 2457 2603 2503 non
2636 2438 2728 2502 ita

257 2544 428 2608 certa
464 2542 561 2607 est
589 2541 826 2626 regula,
860 2560 1017 2624 quae
1041 2540 1220 2606 subdi
1266 2541 1443 2619 solet,
1476 2545 1619 2605 vota
1636 2542 2008 2623 personalia
2038 2542 2280 2607 cen-seri
2305 2539 2574 2624 alliyata
2604 2539 2733 2605 diei

254 2644 344 2708 ad
370 2643 727 2725 finiendam
763 2641 1234 2726 obliyationem;
1265 2644 1468 2708 realia
1496 2665 1639 2709 vero
1668 2646 1759 2710 ad
1789 2667 1917 2711 non
1947 2644 2379 2725 differendam.

345 2746 703 2833 Spectanda
735 2747 830 2811 est
865 2746 994 2811 scil.
1031 2747 1311 2812 voventis
1342 2747 1626 2825 intentio,
1662 2767 1903 2833 soopuS,
1937 2750 2100 2814 ratio
2133 2748 2266 2815 voti
2298 2750 2451 2824 ete.;
2486 2747 2634 2830 quia
2665 2748 2730 2812 et

251 2851 616 2936 personalia
654 2851 913 2934 possunt
951 2868 1081 2914 esse
1113 2850 1321 2914 elicita
1358 2871 1429 2915 ex
1460 2870 1667 2927 causa,
1694 2870 1852 2934 quae
1883 2871 2006 2916 non
2035 2850 2260 2934 pendet
2285 2869 2321 2914 a
2354 2849 2469 2927 die,
2519 2849 2621 2913 eui
2644 2849 2730 2912 al-

250 2954 550 3040 ligantur
594 2973 653 3018 v.
701 2974 795 3038 gr.
843 2971 1002 3035 quae
1046 2952 1203 3017 fiant
1245 2953 1310 3017 in
1356 2955 1703 3040 gratiarum
1751 2955 2058 3020 actionem
2104 2955 2169 3019 et
2213 2952 2489 3017 vicissim
2534 2951 2728 3016 realia

248 3058 529 3141 possunt
552 3055 775 3120 habere
806 3073 1061 3120 causam
1097 3055 1162 3119 iu
1193 3056 1292 3120 die
1317 3058 1428 3121 aut
1451 3060 1724 3141 tempore
1758 3057 2074 3140 quopiam,
2110 3058 2184 3121 ut
2216 3056 2270 3120 si
2308 3074 2411 3120 sex
2443 3053 2728 3118 candelas

250 3179 366 3243 pro
401 3160 641 3225 ultima
686 3157 782 3223 die
826 3159 1055 3223 mensis
1099 3159 1254 3223 maii
1297 3178 1522 3225 voveas
1556 3159 1631 3224 ad
1661 3161 1962 3224 maiorem
1994 3159 2499 3224 sollemnitatem.
2549 3157 2730 3221 Hanc

248 3260 866 3326 animadversionem
896 3260 1086 3324 habet
1123 3261 1315 3325 etiam
1346 3281 1394 3325 s,
1428 3262 1610 3344 Alph.
1648 3261 1899 3327 ibidem.

362 3422 621 3477 xxx1x.
649 3421 723 3474 14.
752 3420 852 3489 Qui
876 3420 1014 3475 vovit
1038 3419 1223 3488 aliquid
1248 3419 1351 3475 sine
1376 3426 1511 3474 certo
1538 3428 1774 3488 tempore,
1800 3422 1940 3475 verbi
1966 3421 2120 3486 gratia
2154 3419 2609 3487 peregrinationem,
2631 3424 2733 3472 tan·

246 3516 353 3564 tum
382 3515 593 3564 tenetur
630 3506 850 3574 implere,
875 3523 984 3562 eum
1011 3508 1266 3561 commode
1292 3506 1493 3573 primum
1523 3514 1709 3575 potest;
1737 3507 1850 3573 quia
1879 3507 1948 3561 sie
1988 3506 2239 3560 moraliter
2266 3505 2469 3571 quisque
2508 3512 2733 3558 censetur

246 3594 547 3659 intelligere
584 3608 721 3647 suam
760 3591 1147 3661 promissionem,
1177 3599 1229 3645 ut
1255 3590 1417 3645 habita
1457 3591 1803 3645 commoditate
1837 3607 1933 3645 non
1972 3590 2116 3644 nimis
2153 3590 2236 3643 diu
2277 3589 2483 3651 differat,
2509 3588 2737 3655 quamvis

246 3678 420 3733 minor
447 3690 602 3731 eausa
629 3676 836 3731 sufficiat
861 3679 922 3731 ad
952 3675 1291 3738 differendum,
1310 3688 1453 3741 quam
1483 3677 1543 3727 ad
1571 3674 1908 3729 omittendum.
1938 3674 2043 3729 Fili.
2071 3690 2113 3729 c.
2140 3674 2186 3729 4.
2207 3689 2255 3740 q.
2287 3675 2367 3727 io.
2394 3676 2536 3726 Sunr.
2565 3674 2732 3736 Laym.

244 3779 293 3817 e.
320 3766 375 3817 3.
408 3765 544 3817 Bon.
564 3768 660 3818 etc.

341 3880 542 3956 644.
569 3883 813 3969 Regula
843 3882 1135 3947 Auctoris
1159 3886 1272 3960 est,
1300 3883 1464 3965 quod
1487 3885 1597 3967 qui
1617 3886 1807 3949 vovet
1838 3882 2072 3965 aliquid
2098 3883 2228 3948 sine
2252 3884 2420 3948 certo
2453 3884 2732 3969 tempore

248 4008 310 4053 v.
345 4008 457 4074 gr.
487 3985 1063 4071 peregrinationem,
1085 3983 1347 4049 Missam
1378 3988 1515 4064 etc.,
1543 3987 1792 4051 tantum
1818 3988 2063 4051 tenetur
2092 3985 2367 4070 implere,
2402 4005 2544 4050 cum
2576 4005 2738 4051 com·

243 4092 450 4156 mode
487 4090 722 4173 potest3
756 4089 903 4170 quia
934 4088 1255 4153 moraliter
1287 4089 1373 4152 sic
1406 4089 1665 4173 quisque
1697 4091 1980 4155 censetur
2009 4089 2356 4173 intelligere
2389 4107 2570 4152 suam
2601 4106 2737 4170 pro-

242 4193 652 4269 missionem,
692 4194 766 4256 ut
811 4191 1026 4256 habita
1072 4192 1535 4271 commoditate,
1583 4212 1706 4258 non
1753 4193 1937 4257 nimis
1976 4192 2083 4257 diu
2130 4191 2407 4263 differat3
2443 4189 2733 4270 quamvis

244 4297 480 4360 minor
502 4313 690 4359 causa
714 4293 987 4357 sufficiat
1010 4293 1088 4357 ad
1106 4294 1507 4361 differendum
1531 4315 1719 4377 quam
1753 4295 1832 4359 ad
1858 4293 2290 4360 omittendum.
2317 4290 2489 4355 Haec
2512 4291 2731 4374 regula

246 4398 525 4463 videtur
560 4416 690 4461 esse
725 4396 1050 4482 generalis,
1077 4416 1235 4479 quae
1274 4399 1687 4481 amplectatur
1715 4398 1855 4461 tum
1890 4399 2057 4473 vota,
2091 4415 2250 4478 quae
2281 4394 2344 4458 in
2368 4396 2736 4477 perpetuum

244 4499 580 4565 duratura
612 4501 776 4576 sunt,
827 4498 963 4561 tum
1009 4498 1120 4563 illa
1169 4518 1325 4580 quae
1372 4498 1599 4562 durant
1631 4496 1708 4561 ad
1757 4498 2007 4580 aliquod
2053 4499 2304 4561 tantum
2337 4498 2601 4579 tempus,
2639 4495 2738 4560 vel

243 4602 471 4665 etiam
509 4617 668 4680 quae
703 4598 885 4663 unico
919 4601 1064 4665 actu
1100 4599 1456 4681 implentur.
