3497 5147
351 366 500 442 [751]
680 381 849 430 QUAE
886 382 1127 425 cursu}
1164 383 1497 437 meumst,
1538 384 1620 427 u'r
1652 383 1918 425 nomn-r
1955 384 2157 424 omns
2197 385 2486 426 saevius
2715 371 2820 428 557

355 479 602 543 sabbati
633 479 711 543 ad
742 480 1022 544 litteram
1066 481 1376 545 custodire
1415 500 1537 545 non
1567 482 1775 546 solum
1805 481 2010 563 quoad
2042 481 2224 558 diem,
2251 482 2355 546 sed
2387 483 2580 547 etiam
2603 484 2804 565 quoad

355 581 613 648 modum
637 581 874 646 otiandi
905 584 970 647 et
1000 582 1347 665 specialiter
1378 583 1635 647 damnat
1658 583 1981 665 quosdam,
2016 583 2123 666 qui
2155 584 2459 660 dicebant,
2486 603 2610 648 non
2635 584 2818 649 licere

355 684 451 748 die
488 685 794 750 dominico
841 685 1043 750 lavari
1074 687 1212 750 toto
1246 705 1497 769 corpore
1531 687 1723 751 etiam
1769 705 1879 769 pro
1913 687 2187 771 corporis
2219 686 2612 752 necessitate.

441 787 526 850 Et
570 806 642 852 ex
665 787 763 851 his
800 787 1022 864 elucet,
1054 788 1560 853 consuetudinem
1589 789 1653 853 in
1685 788 1853 853 hisce
1898 808 2021 854 non
2066 790 2160 854 ita
2208 788 2626 872 accipiendam
2666 808 2815 866 esse,

355 890 535 971 quasi
579 890 889 955 exstiterit
933 889 1328 975 derogatoria
1375 893 1699 974 praecepto
1750 891 2076 968 Ecclesiae,
2125 891 2231 956 sed
2261 892 2472 975 potius
2504 895 2811 975 quatenus

356 993 450 1056 est
495 992 818 1076 interpres.

980 1153 1082 1220 De
1131 1155 1666 1219 barbitonsor-ibus
1711 1161 1773 1219 et
1816 1153 2193 1219 hortzdam's.

444 1342 617 1416 749.
652 1344 714 1411 S.
739 1346 923 1429 Alph.
958 1367 1018 1410 n.
1054 1347 1203 1410 290.
1238 1345 1410 1419 dicit,
1455 1347 1632 1410 iuxta
1680 1345 2196 1411 Salmanticenses
2244 1346 2306 1409 vi
2352 1344 2816 1410 consuetudinis

353 1449 630 1514 excusari
676 1466 799 1526 eos,
851 1449 959 1531 qui
1003 1449 1067 1512 in
1116 1467 1259 1512 area
1307 1450 1560 1513 vertunt
1604 1450 1669 1512 et
1714 1450 2008 1532 separant
2052 1451 2292 1532 segetes
2338 1449 2403 1512 et
2447 1448 2816 1511 hortulanos

350 1551 624 1636 rigantes
673 1553 859 1617 olera.
895 1549 1012 1616 Sed
1042 1552 1243 1635 reipsa
1293 1552 1442 1615 haec
1475 1570 1596 1616 non
1628 1551 2091 1626 consuetudine,
2127 1550 2232 1614 sed
2280 1550 2645 1614 necessitate
2684 1569 2815 1631 pre-

352 1654 605 1718 cavendi
652 1653 862 1718 damni
893 1654 1236 1719 excusanda
1283 1656 1448 1717 sunt.

440 1756 661 1822 Potius
706 1756 1137 1822 consuetudini
1185 1755 1670 1831 adscribendum,
1722 1755 1887 1838 quod
1932 1756 2101 1819 licite
2147 1754 2605 1818 barbitonsores
2654 1772 2817 1818 exer-

351 1861 530 1922 ceant
575 1861 774 1923 artem
820 1878 1019 1924 suam.
1080 1858 1161 1922 Et
1207 1858 1455 1940 quidem
1500 1858 1892 1922 rationabilis
1939 1857 2134 1921 videri
2179 1856 2360 1920 debet
2405 1857 2806 1932 consuetude,

350 1960 595 2043 quando
663 1961 938 2045 plerique
1006 1981 1064 2024 v.
1112 1980 1206 2046 gr.
1276 1959 1595 2035 rusticani,
1662 1959 1945 2042 operarii,
2012 1958 2297 2035 artifices,
2369 1959 2469 2022 vix
2540 1959 2664 2022 alia
2718 1959 2815 2023 die

349 2061 592 2126 tonderi
636 2066 905 2146 possent.
953 2063 1115 2127 Hinc
1161 2062 1249 2128 nil
1296 2063 1544 2138 mirum,
1586 2063 1638 2126 si
1671 2063 1747 2126 ad
1797 2062 1953 2126 alios
1985 2080 2230 2143 qnoque
2275 2062 2654 2126 consuetudo
2687 2081 2816 2144 per-

350 2164 620 2229 transiit.

439 2265 596 2346 Quid
643 2269 850 2332 tamen
896 2267 1194 2351 cuiusque
1238 2267 1362 2332 loci
1407 2267 1788 2332 consuetudo
1835 2266 2014 2343 ferat,
2065 2266 2325 2349 quisque
2381 2267 2516 2350 ipso
2564 2268 2627 2330 in
2675 2267 2812 2331 loco

349 2367 600 2433 videbit.

1144 2523 1316 2606 Quae
1352 2521 1727 2588 consuetudo
1757 2527 2021 2588 excuset.

436 2710 609 2786 750.
636 2714 696 2781 S.
722 2716 909 2800 Alph.
935 2715 1068 2781 eod.
1102 2738 1161 2780 n.
1191 2718 1340 2780 290.
1375 2716 1436 2779 in
1468 2717 1572 2779 fin.
1604 2716 1886 2779 admittit
1909 2715 2254 2779 doctrinam
2273 2713 2455 2791 Viva,
2482 2714 2646 2796 quod
2670 2715 2802 2779 scil.

344 2817 423 2883 ad
454 2819 868 2884 excusandum
904 2818 1177 2883 sufficiat
1207 2818 1586 2883 consuetudo
1607 2817 1984 2897 probabilia,
2021 2818 2170 2882 adeo
2204 2819 2277 2881 ut
2309 2818 2463 2882 satis
2497 2818 2581 2882 sit
2627 2819 2809 2884 testi-

343 2922 621 2986 monium
668 2922 852 2986 unius
899 2921 1168 2987 doctoris
1215 2922 1440 2999 eximii,
1469 2921 1760 2985 testantis
1791 2940 1898 2984 seu
1932 2920 2240 2985 afferentis
2272 2922 2800 2987 consuetudinem.

342 3022 424 3088 Et
461 3023 662 3089 addit:
703 3048 739 3083 <z
784 3024 951 3090 Bene
998 3026 1209 3090 autem
1255 3023 1574 3088 Mazzotta
1621 3022 2126 3115 advertit,‘quod
2172 3023 2236 3087 in
2283 3023 2470 3087 dubio
2537 3024 2609 3087 de
2658 3045 2803 3090 con-

341 3125 666 3191 suetudine
712 3127 985 3210 possidet
1015 3130 1428 3212 praeceptum,
1462 3125 1619 3190 unde
1652 3126 1914 3210 petenda
1947 3128 2042 3190 est
2079 3125 2484 3210 dispensatim
2529 3146 2701 3191 secus
2750 3129 2804 3191 si

341 3228 657 3310 probabile
690 3229 773 3294 sit
812 3229 1022 3294 adesse
1053 3229 1556 3295 consuetudinem
1583 3255 1643 3292 ».

448 3384 606 3438 xvn.
632 3386 682 3437 3.
706 3384 869 3439 Pietas
905 3385 954 3439 in
993 3388 1167 3448 Deum,
1198 3399 1283 3451 per
1321 3399 1465 3451 quam
1500 3384 1647 3439 licent
1675 3399 1845 3451 opera,
1874 3400 1998 3451 quac
2038 3384 2256 3451 proxime
2285 3384 2401 3454 (non
2441 3401 2565 3451 quae
2592 3391 2803 3454 remote)

343 3475 563 3533 spectant
603 3472 662 3523 ad
698 3471 881 3526 cultum
922 3469 1029 3534 Dei,
1060 3478 1114 3523 ut
1153 3473 1348 3536 pulsare
1386 3483 1659 3535 campauaS,
1683 3468 2008 3523 circumlerre
2037 3469 2275 3533 imagines
2318 3470 2397 3522 ve!
2425 3484 2597 3523 cruces
2623 3471 2669 3522 in
2697 3486 2809 3537 sup-

342 3551 619 3619 plicatione.
646 3554 830 3608 Oruare
859 3561 1022 3609 autem
1048 3560 1097 3607 et
1124 3568 1324 3606 verrere
1353 3554 1529 3620 templa
1567 3567 1624 3605 ac
1663 3553 1858 3615 similia,
1886 3568 2010 3619 quae
2048 3555 2108 3605 ad
2145 3553 2306 3619 ipsum
2332 3550 2547 3605 officium
2578 3568 2670 3606 non
2700 3568 2806 3620 spe-

342 3643 489 3702 ctant,
518 3637 559 3691 si
591 3642 776 3704 absque
803 3639 987 3693 ratione
1024 3638 1073 3692 in
1114 3643 1288 3693 festum
1327 3637 1629 3701 differantur,
1660 3636 1868 3690 venialia
1909 3641 2168 3691 habentur.
2196 3636 2302 3690 Fiu.
2332 3653 2378 3689 n.
2407 3639 2528 3690 218.
2557 3639 2676 3691 Bon.
2705 3639 2736 3691 1.
2764 3654 2805 3691 c.

429 3777 580 3853 751.
620 3781 839 3862 Quoad
884 3782 1219 3865 pulsandas
1251 3798 1584 3863 campanas
1616 3777 1862 3859 aliaque
1902 3777 1999 3843 ab.
2032 3779 2107 3842 A.
2147 3777 2447 3842 recensita
2495 3778 2559 3843 in
2599 3777 2802 3861 prima

339 3887 534 3966 parte,
566 3886 741 3950 nulla
772 3888 868 3950 est
912 3884 1354 3951 controversia.

428 3983 642 4065 Quoad
672 3987 819 4060 alia,
844 3988 977 4053 scil.
1009 4007 1255 4052 verrere
1288 3986 1533 4068 templa,
1564 4003 1821 4067 coquere
1857 3984 2114 4060 hostias,
2145 4004 2374 4051 ornare
2418 3985 2660 4051 altaria
2682 3991 2795 4053 aut

335 4086 622 4153 eodemus
675 4089 917 4169 stupetis,
982 4089 1267 4153 tabulata
1325 4092 1563 4172 eriyere
1610 4090 1966 4155 necessaria
2012 4089 2089 4155 ad
2130 4088 2548 4168 festivitatem,
2597 4089 2797 4169 sepul-

333 4208 511 4255 crum
545 4193 684 4268 etc.‚
717 4210 767 4255 s.
798 4190 984 4273 Alph.
1033 4211 1093 4254 n.
1147 4192 1295 4255 292.
1344 4193 1543 4257 relata
1589 4192 1896 4258 sententia
1944 4211 2177 4271 eorum,
2225 4192 2334 4273 qui
2379 4192 2531 4256 haec
2575 4191 2798 4255 illicita

334 4290 548 4359 dicunt
593 4292 888 4378 graviter,
937 4292 1154 4374 (quam
1201 4295 1570 4359 sententiam
1618 4296 1711 4359 ait
1755 4314 1885 4361 esse
1930 4297 2148 4360 contra
2192 4295 2630 4376 communem),
2656 4296 2794 4359 tum

331 4412 566 4472 eorum,
614 4393 721 4475 qui
766 4413 909 4459 cum
953 4393 1030 4459 A.
1079 4392 1292 4456 dicunt
1322 4413 1450 4459 esse
1489 4397 1775 4475 venialia,
1810 4398 1864 4461 si
1887 4397 2119 4479 absque
2154 4395 2397 4462 ratione
2426 4395 2790 4461 differantur

331 4495 409 4559 ad
446 4495 611 4561 diem
646 4495 895 4573 festum,
930 4494 1159 4570 subdit,
1194 4495 1349 4558 satis
1386 4497 1769 4577 probabilem
1791 4515 1921 4563 esse
1954 4499 2326 4565 sententiam
2350 4500 2603 4564 tertiam
2635 4518 2793 4582 quae
