3497 5147
373 345 519 421 [476]
1119 362 1391 404 ninom.
1428 362 1647 405 emero
1681 362 2071 404 munemne
2722 350 2835 405 363

372 459 512 512 Bulla
527 456 593 511 sit
611 463 827 523 recepta.
850 457 994 511 Ratio
1012 464 1102 522 est,
1125 457 1235 524 quia
1262 457 1344 523 qui
1369 457 1651 525 pensionem
1677 457 1889 523 redimit,
1911 473 2007 512 non
2032 458 2151 514 emit
2175 457 2253 512 ius
2273 458 2549 526 spirituale,
2569 458 2831 513 ,0011011111-

371 541 476 605 guin
498 556 623 595 onus
646 544 917 608 temporale
942 541 1165 596 solvendi
1189 549 1370 595 certam
1397 556 1633 596 summam
1663 541 1913 608 pecuniae.
1937 545 2072 596 Less,
2094 558 2138 596 e.
2162 544 2244 595 35.
2269 544 2383 596 dub.
2410 545 2466 597 2¹
2481 585 2492 595 .
2514 547 2656 597 Suar.
2675 559 2717 596 c.
2743 545 2826 597 26.

374 642 419 678 11.
448 627 496 679 5.
525 627 693 692 Laym.
717 626 750 679 1.
777 641 820 679 0.
849 641 892 678 11.
929 626 1012 679 46.

455 760 634 835 476.
667 765 912 842 Pensio,
961 765 1050 830 sic
1094 765 1262 831 dicta
1307 785 1345 829 a
1390 765 1724 848 pendendo,
1776 769 1871 831 est
1914 767 2014 831 ius
2060 768 2430 851 percipiendi
2479 769 2828 851 portionem

369 868 647 951 aliquam
691 868 1012 933 fructuum
1057 888 1129 933 ex
1176 868 1465 933 beneficio
1515 868 1736 945 alieno,
1780 869 1969 934 alicui
2015 869 2184 934 iusta
2232 869 2306 933 de
2353 889 2540 935 causa
2588 871 2716 936 sive
2751 870 2828 935 ad

366 973 614 1054 tempus
650 971 781 1035 sive
816 971 881 1034 in
912 972 1280 1054 perpetuum
1325 989 1701 1035 concessum.
1735 969 2115 1055 Schmalzgr.
2151 971 2259 1035 lib.
2294 972 2354 1035 3.
2391 972 2491 1036 tit.
2532 973 2633 1036 12.
2669 993 2729 1036 n.
2765 974 2828 1036 2.

369 1077 521 1138 tom.
551 1073 627 1136 V.
653 1092 798 1157 pag.
825 1073 976 1137 467.

451 1175 676 1239 Pensio
723 1176 1083 1258 temporalis
1142 1195 1253 1241 seu
1297 1176 1459 1240 laica
1518 1176 1767 1252 dicitur,
1815 1196 1974 1257 quae
2034 1176 2220 1242 datur
2276 1178 2354 1241 ob
2407 1178 2826 1242 ministerium

366 1278 706 1360 temporale
754 1281 819 1342 et
861 1279 1021 1343 laico
1059 1279 1251 1343 etiam
1296 1278 1553 1343 conferri
1603 1281 1837 1360 potest:
1887 1278 2089 1360 qualis
2137 1281 2250 1354 est,
2302 1298 2459 1361 quae
2507 1279 2694 1344 datur
2740 1299 2831 1344 ec-

363 1381 585 1445 clesiae
633 1381 895 1463 patrono
932 1381 996 1444 in
1027 1381 1511 1464 recognitionem
1541 1380 1947 1453 fundationis,
1987 1381 2291 1446 defensori
2337 1382 2630 1459 eiusdem,
2659 1401 2830 1448 oeco-

362 1501 570 1558 nomo,
617 1483 1026 1566 procuratori,
1083 1482 1352 1558 aedituo,
1399 1483 1640 1564 can-tori
1694 1487 1758 1547 et
1812 1483 2120 1548 similibus
2181 1484 2470 1548 ecclesiae
2524 1485 2830 1548 ministris

364 1586 461 1651 vel
508 1585 667 1649 alias
713 1584 788 1649 de
832 1604 906 1650 ea
952 1585 1341 1650 benemeritis
1380 1585 1441 1648 in
1473 1585 2035 1649 remunerationem
2081 1586 2387 1660 laborum,
2423 1605 2581 1668 quae
2613 1586 2825 1669 pensio

362 1692 575 1753 tamen
597 1687 946 1753 desumitur
967 1707 1039 1752 ex
1062 1688 1461 1770 proventibus
1488 1687 1938 1762 ecclesiasticis,
1957 1688 2115 1751 citra
2134 1689 2392 1752 titulum
2412 1689 2824 1771 spiritualem,

364 1789 744 1874 Schmalzgr.
776 1790 925 1854 ibid.

459 1891 769 1957 Clericalis
800 1910 944 1957 vero
970 1909 1081 1957 seu
1116 1891 1531 1956 ecclesiastiea
1561 1892 1807 1968 dicitur,
1836 1910 1994 1973 quae
2025 1892 2088 1955 in
2125 1892 2534 1975 pensionariO,
2561 1911 2670 1956 seu
2693 1892 2826 1968 illo,

362 1996 469 2060 cui
499 1993 866 2070 conceditur,
906 1995 1146 2059 statum
1192 1993 1538 2059 clericalem
1570 1994 1782 2078 exigit.
1816 1994 1900 2059 Et
1929 1995 2080 2059 haec
2111 1994 2336 2077 duplex
2384 1995 2823 2077 distinguitur:

357 2097 487 2162 alia
512 2097 609 2160 est
629 2095 996 2174 simpliciter
1024 2095 1398 2175 spiritualis,
1433 2116 1591 2178 quae
1628 2096 1816 2160 datur
1847 2097 2066 2161 clerico
2100 2097 2179 2161 ob
2207 2097 2625 2162 ministerium
2652 2097 2828 2179 spiri-

360 2198 564 2263 tuale:
598 2197 723 2262 alia
758 2197 964 2261 media
992 2217 1103 2263 seu
1127 2198 1343 2271 mimia,
1377 2217 1536 2280 quae
1558 2197 1866 2263 -fundatur
1898 2198 2146 2280 quidem
2169 2199 2234 2262 in
2265 2200 2440 2263 statu
2470 2198 2739 2263 clericali
2763 2201 2828 2263 et

358 2300 498 2366 ideo
522 2300 674 2366 solis
704 2300 939 2366 clericis
964 2300 1097 2365 dari
1135 2303 1360 2383 potest,
1388 2303 1743 2366 nontamen
1776 2303 2028 2383 propter
2058 2302 2474 2365 ministerium
2500 2302 2825 2385 spirituale

356 2404 692 2481 confertur,
733 2403 840 2468 sed
886 2403 964 2467 ob
1003 2402 1193 2468 aliam
1229 2421 1502 2480 causam,
1539 2422 1596 2466 v.
1637 2424 1732 2486 gr.
1770 2404 2037 2485 parocho
2078 2403 2208 2467 seni
2240 2409 2350 2466 aut
2390 2404 2572 2467 alteri
2603 2404 2824 2469 clerico

358 2506 615 2590 pauperi
647 2506 721 2570 ad
756 2505 1164 2572 necessariam
1197 2505 1294 2570 vel
1326 2505 1810 2570 commodiorem
1846 2506 2402 2571 sustentationem:
2448 2507 2546 2570 vel
2569 2507 2682 2579 illi,
2717 2508 2826 2589 qui

355 2610 587 2693 pingue
620 2610 984 2674 beneficium
1021 2628 1164 2674 cum
1196 2610 1476 2673 tenuiore
1508 2611 1926 2675 commutavit
1956 2610 2054 2674 vel
2092 2611 2435 2694 resignavit
2459 2611 2523 2676 in
2548 2611 2824 2676 favorem

355 2714 636 2791 alterius,
666 2715 764 2779 vel
801 2714 985 2778 cessit
1022 2714 1133 2778 lite
1170 2713 1559 2778 beneficiaria
1592 2716 1708 2779 etc.

448 2817 671 2899 Itaque
717 2817 1038 2900 pensiones
1084 2815 1476 2899 temporam,
1510 2836 1582 2879 ex
1613 2816 1927 2881 communi
1975 2817 2300 2894 sententia,
2336 2818 2516 2882 vendi
2561 2822 2830 2901 possunt

357 2919 490 2983 sine
537 2918 691 2984 vitio
738 2920 1056 2983 simoniae.
1090 2919 1300 2994 Ratio,
1350 2918 1497 2999 quia
1536 2922 1869 3000 postquam
1915 2919 2199 3003 legitima
2238 2922 2614 2987 auctoritate
2655 2941 2828 3005 sepa-

357 3023 534 3087 ratae
565 3022 713 3086 sunt
751 3040 787 3084 a
818 3021 1131 3103 spirituali
1177 3021 1368 3085 titulo
1414 3021 1710 3097 beneficii,
1751 3039 1860 3085 nec
1898 3020 2222 3103 spirituale
2253 3023 2400 3104 quid
2434 3026 2581 3088 sunt
2626 3043 2825 3105 neque

355 3123 663 3191 adnexum
686 3124 999 3207 spirituali
1034 3141 1228 3204 neque
1260 3124 1338 3188 ad
1368 3124 1748 3188 functionem
1782 3122 2171 3205 spiritualem
2204 3125 2569 3189 ordinantur
2600 3126 2826 3190 010011-

351 3229 683 3308 sequenter
718 3246 839 3291 non
879 3227 1027 3292 sunt
1057 3227 1321 3291 materia
1369 3227 1688 3291 simoniae.
1723 3226 1942 3309 Laym.
1978 3246 2037 3289 n.
2073 3226 2180 3289 46.
2216 3246 2275 3308 q.
2311 3228 2371 3289 3.

442 3328 665 3407 Quoad
711 3328 1067 3411 spirituales
1115 3348 1278 3406 vero,
1320 3349 1478 3410 quae
1524 3328 1659 3393 dari
1710 3328 1935 3392 debent
1984 3348 2038 3393 v.
2088 3349 2181 3411 gr.
2233 3329 2309 3392 ab
2357 3329 2659 3413 Episcopo
2709 3347 2826 3394 suo

352 3431 725 3503 coadiutori,
760 3431 858 3495 vel
890 3431 967 3494 ab
990 3431 1294 3514 Episcopo
1334 3434 1446 3494 aut
1480 3450 1515 3494 a
1553 3430 1829 3512 capitulo
1870 3430 2004 3493 dari
2035 3430 2256 3493 debent
2289 3430 2404 3501 illi,
2439 3432 2548 3511 qui
2593 3450 2824 3495 munus

355 3535 493 3601 obit
538 3534 992 3599 concionatoris
1024 3535 1137 3598 aut
1165 3532 1523 3598 confessarii
1560 3534 1672 3595 aut
1709 3531 1896 3595 datur
1932 3532 2290 3614 cappellano
2331 3551 2438 3594 seu
2477 3531 2826 3596 coadiutori

353 3638 624 3702 Parochi
660 3638 776 3700 aut
805 3635 883 3699 ad
912 3636 1301 3700 serviendum
1333 3636 1581 3699 tantum
1613 3636 1675 3697 in
1706 3634 1894 3699 choro
1934 3636 1995 3697 et
2028 3634 2247 3697 officiis
2278 3633 2523 3711 divinis,
2557 3634 2654 3695 uti
2677 3637 2828 3699 sunt

352 3740 528 3805 chori
551 3738 799 3814 vicarii3
832 3737 1176 3802 communis
1207 3741 1301 3801 est
1332 3736 1635 3810 doctrina,
1662 3737 1774 3798 has
1801 3735 1978 3799 vendi
2008 3753 2131 3799 non
2163 3753 2340 3817 posse
2374 3754 2408 3798 a
2435 3736 2823 3819 pensionario

355 3844 487 3907 sine
534 3841 692 3906 vitio
740 3840 1058 3905 simoniae.
1098 3840 1284 3905 Ratio
1318 3844 1431 3916 est,
1465 3839 1612 3922 quia
1649 3838 1797 3902 talis
1836 3839 2066 3920 pensio,
2099 3857 2222 3903 non
2267 3838 2475 3903 minus
2507 3858 2696 3922 quam
2727 3840 2826 3903 be-

356 3946 647 4010 neficium
700 3943 1203 4021 ecclesiasticum,
1258 3943 1556 4008 fundatur
1614 3942 1680 4006 in
1735 3941 2048 4025 spirituali
2098 3940 2329 4015 officio;
2390 3941 2539 4006 adeo
2596 3944 2669 4006 ut
2716 3942 2824 4024 qui

357 4048 588 4123 vendit,
624 4046 883 4111 vendere
913 4048 1236 4111 censeatur
1265 4046 1456 4110 etiam
1488 4045 1879 4128 spiritualem
1910 4045 2191 4109 titulum.
2233 4044 2368 4108 Hoc
2399 4048 2605 4109 tamen
2647 4044 2824 4108 intel-

357 4150 599 4235 ligitur,
648 4149 702 4213 si
748 4148 938 4212 simul
983 4167 1126 4212 cum
1172 4148 1459 4230 pensione
1491 4147 1718 4211 vendat
1766 4147 2058 4211 officium.
2107 4146 2269 4210 Nam
2303 4147 2356 4211 si
2396 4146 2826 4228 pensionarius

356 4254 626 4318 retineat
672 4250 948 4316 officium
993 4251 1333 4332 spirituale,
1374 4250 1527 4313 nihil
1560 4251 1751 4326 vetat,
1786 4250 2118 4331 quominus
2155 4249 2580 4332 pensionarius
2626 4250 2825 4330 possit

358 4375 489 4420 eam
514 4355 724 4420 locare
751 4354 863 4416 aut
886 4350 1473 4434 vende1·e.Laym.n.
1496 4353 1601 4415 47.
1622 4354 1685 4416 et
1708 4350 1935 4415 Suarez
1962 4350 2036 4415 de
2061 4350 2344 4414 Simom‘a
2361 4370 2492 4434 cap.
2510 4352 2612 4414 26.
2636 4372 2693 4414 n.
2717 4352 2819 4414 17.

444 4455 692 4523 Redimi
743 4474 888 4539 ergo
937 4454 1034 4517 ius
1081 4453 1387 4536 pensionis
1435 4474 1555 4517 non
1602 4456 1846 4536 potest3
1888 4453 2032 4535 quia
2065 4472 2136 4516 eo
2173 4454 2307 4535 ipso
2357 4454 2820 4537 extingueretur

367 4561 665 4648 obligatio
714 4556 1124 4642 pensionarii:
1159 4555 1528 4637 supponitur
1560 4557 1772 4618 autem
1809 4556 1958 4618 haec
2005 4574 2250 4617 manere
2282 4554 2515 4632 debere,
2551 4558 2624 4619 ut
2656 4574 2826 4636 prae-
