3497 5147
370 380 519 454 1449]
1265 391 1536 433 3111011111.
1576 390 1944 438 Quorupnsx
2727 382 2833 434 337

372 492 639 556 simonia
694 489 1183 554 conventionalis
1250 488 1489 566 tandiu,
1540 487 1731 552 donec
1779 509 1850 552 ex
1908 489 2171 570 utraque
2233 489 2408 571 parte
2454 488 2567 552 fiat
2614 490 2838 555 saltem

370 595 658 659 inchoate
708 592 999 656 traditio:
1052 595 1262 656 tamen
1311 592 1387 654 ab
1433 591 1542 655 1110
1592 591 1929 668 momento,
1966 609 2089 672 quo
2139 591 2356 673 postea
2401 590 2476 653 fit
2522 591 2713 654 etiam
2747 594 2836 655 al-

368 697 564 761 terius
610 695 890 772 traditio,
927 694 1190 759 simonia
1226 694 1411 758 realis
1449 693 1795 776 completur
1828 694 1890 757 et
1923 692 2128 774 quoad
2175 712 2404 775 poenas
2451 693 2605 758 iuris
2637 697 2836 760 retro-

368 800 644 863 trahitur
669 798 743 861 ad
770 800 1015 880 tempus
1039 797 1343 880 pactionis
1368 796 1759 880 praeteritae.
1790 794 2092 860 Schmalz.
2113 796 2195 859 ib.
2216 816 2274 859 n.
2297 797 2402 859 35.
2422 815 2493 860 ex
2512 796 2830 863 Reiffenst.

368 922 426 965 n.
464 903 569 965 23.

457 1002 673 1082 Quoad
720 1003 949 1066 realem
997 1002 1326 1066 simoniam
1372 1001 1582 1086 gravis
1629 1002 1934 1085 reperitur
1982 1001 2144 1084 apud
2193 1002 2407 1067 Theoi.
2452 1007 2515 1069 et
2562 1001 2830 1069 Canoni-

362 1109 495 1172 stas
541 1106 729 1191 paulo
785 1105 1164 1188 antiquiores
1227 1106 1665 1182 controversia,
1717 1126 1793 1170 an
1850 1105 2103 1170 dicenda
2159 1107 2243 1171 sit
2298 1107 2492 1172 realis
2539 1109 2824 1185 simonia,

363 1211 611 1294 quando
647 1210 950 1273 alterutra
982 1228 1124 1292 pars
1156 1209 1405 1272 tantum
1436 1208 1839 1272 traditionem
1861 1208 2026 1273 fecit.
2061 1208 2224 1272 Nam
2248 1209 2397 1275 dum
2428 1211 2822 1291 conveniunt,

362 1333 485 1377 non
533 1331 695 1376 essse
742 1310 1061 1374 dicendam
1108 1310 1357 1386 realem,
1407 1310 1652 1392 quando
1708 1311 1875 1374 facta
1938 1311 2022 1375 sit
2077 1312 2281 1375 solum
2335 1312 2592 1376 traditio
2641 1314 2826 1396 pretii

362 1415 515 1497 (vid.
566 1413 813 1490 SuareZ,
863 1434 996 1496 cap.
1031 1414 1137 1476 41.
1179 1412 1253 1476 de
1292 1410 1525 1477 Simon.
1576 1434 1633 1477 n.
1679 1414 1790 1496 6.),
1841 1415 2120 1478 attamen
2167 1415 2375 1498 plures
2424 1417 2823 1494 contendunt,

362 1517 595 1581 rea-lem
625 1516 944 1581 dicendam
991 1534 1120 1580 esse
1167 1515 1412 1597 quando
1450 1515 1684 1579 tradita
1717 1517 1802 1580 sit
1838 1536 1934 1580 res
1973 1516 2339 1600 spiritualis,
2373 1517 2521 1581 licet
2550 1520 2825 1583 nondum

360 1621 529 1684 facta
562 1620 647 1683 sit
675 1618 932 1684 traditio
965 1617 1175 1702 pretii;
1213 1617 1709 1699 quandoquidem
1745 1619 2047 1703 sacrilega
2078 1619 2168 1683 rei
2214 1619 2559 1701 spiritualis
2591 1624 2827 1685 contre-

359 1722 558 1787 ctatio
590 1721 718 1785 iam
747 1720 915 1785 facta
946 1721 1049 1785 sit.
1084 1721 1384 1784 Rationes
1418 1720 1613 1783 videri
1651 1722 1914 1803 possunt
1947 1721 2109 1803 apud
2153 1719 2379 1785 Suarez
2411 1721 2455 1784 1.
2483 1742 2533 1786 9.
2560 1742 2620 1785 11.
2651 1723 2821 1799 7.-9.,

362 1826 475 1906 qui
508 1823 961 1900 animadvertit,
996 1841 1173 1907 posse
1222 1822 1469 1904 quidem
1512 1841 1583 1886 ex
1615 1842 1737 1884 una
1771 1824 1946 1906 parte
1978 1823 2137 1886 hanc
2168 1824 2652 1888 controversiam
2688 1844 2827 1889 con-

360 1926 645 2002 siderari,
682 1926 857 2008 quasi
903 1925 1108 1990 solum
1147 1925 1230 1988 sit
1262 1924 1335 1988 de
1373 1924 1650 1988 nomine:
1693 1927 1761 1988 at
1795 1925 1977 1988 aliter
2023 1944 2118 1989 res
2167 1928 2281 2003 est,
2315 1926 2368 1989 si
2414 1926 2825 2009 respiciantur

354 2048 597 2114 poenae
619 2029 751 2111 ipso
773 2028 907 2092 iure
931 2027 1202 2091 inflictae
1228 2026 1520 2091 adversus
1547 2027 1906 2103 simoniam3
1935 2029 2085 2091 tunc
2109 2028 2270 2092 enim
2302 2028 2586 2109 quaestio
2612 2028 2822 2093 evadit

353 2134 431 2198 de
464 2153 530 2198 re
566 2134 779 2218 gravi:
819 2133 967 2197 ibid.
999 2153 1060 2197 n.
1093 2135 1194 2196 10.

445 2237 535 2300 At
570 2236 732 2301 ratio
767 2235 1162 2301 dissensionis
1186 2235 1431 2299 videtur
1460 2235 1735 2318 profecta
1773 2235 2004 2318 partim
2036 2255 2106 2299 ex
2144 2234 2514 2316 quibusdam
2547 2235 2817 2301 textibus

355 2339 514 2403 iuris
540 2336 836 2403 Canonici
859 2339 968 2421 qui
991 2357 1218 2421 poenas
1243 2337 1530 2402 videntur
1553 2338 1831 2422 infligere
1857 2338 2048 2401 etiam
2074 2337 2193 2401 soli
2215 2338 2608 2420 promissioni
2633 2339 2818 2423 pretii

350 2442 701 2516 simoniaci,
735 2460 891 2524 quos
923 2442 1131 2505 textus
1162 2441 1367 2504 innuit
1399 2439 1778 2524 Schmalzgr.
1814 2440 1920 2504 lib.
1950 2441 2008 2504 5.
2037 2441 2138 2503 tit.
2174 2440 2236 2503 3.
2271 2460 2331 2503 11.
2368 2440 2553 2503 247.:
2588 2441 2820 2524 partim

348 2564 429 2611 ex
462 2544 744 2623 simonia,
779 2562 968 2627 quam
1016 2543 1277 2610 dicimus
1324 2542 1733 2624 confidentiae
1782 2561 1888 2607 3911
1926 2540 2465 2623 cmzfidentialem;
2499 2560 2657 2624 quae
2689 2544 2820 2626 qui-

344 2650 493 2714 dem
532 2649 610 2713 ad
645 2647 1174 2713 conventionalem
1202 2648 1465 2711 mixtam
1494 2648 1772 2712 revocari
1809 2649 2014 2730 potest
2045 2649 2108 2711 et
2138 2647 2300 2710 solet
2330 2646 2455 2727 (uti
2477 2642 2691 2711 ‘videre
2724 2650 2821 2712 est

343 2752 518 2835 apud
563 2752 952 2835 Auctorem),
1003 2752 1066 2815 et
1112 2751 1355 2815 aliunde
1403 2769 1524 2815 non
1572 2751 1668 2814 est
1714 2750 2031 2813 eximenda
2079 2769 2115 2813 a
2161 2748 2393 2833 poenis,
2429 2769 2571 2814 cum
2610 2751 2818 2815 tamen

342 2874 584 2938 poenae
616 2855 821 2919 solum
860 2854 1157 2918 simoniae
1194 2854 1347 2916 reali
1377 2853 1510 2916 iure
1552 2851 1936 2937 infligantur.

446 2956 673 3021 Melius
705 2956 902 3040 igitur
939 2956 1136 3040 egisse
1166 2955 1262 3019 1111
1293 2954 1531 3020 dicendi
1569 2957 1732 3028 sunt,
1769 2954 1875 3036 qui
1908 2953 2234 3018 seiunctim
2268 2954 2340 3019 de
2371 2956 2488 3021 hoc
2519 2955 2818 3020 simoniae

339 3079 573 3147 genere
619 3058 984 3141 disceptant.
1035 3056 1194 3136 Quid
1242 3076 1385 3122 vero
1433 3056 1757 3121 dicendum
1807 3056 1890 3120 sit
1936 3055 2010 3121 de
2062 3057 2186 3122 11113
2235 3059 2524 3135 textibus,
2557 3058 2815 3124 inferius

339 3163 609 3239 dicetur,
647 3160 753 3224 ubi
800 3159 874 3224 de
920 3159 1131 3243 poenis
1179 3159 1476 3223 simoniae
1526 3161 1767 3243 agetur.

437 3261 620 3336 449.
654 3263 757 3327 De
795 3261 1241 3343 confidente'ali.
1276 3263 1647 3327 Brevissime
1695 3283 1834 3326 eam
1879 3263 2085 3326 innuit
2121 3263 2377 3339 Auctor,
2411 3263 2636 3342 (1199113,
2672 3283 2809 3328 eam

335 3370 578 3446 adesse,
627 3393 662 3427 «
695 3387 836 3431 cum
883 3366 1023 3449 quis
1072 3365 1248 3430 alteri
1300 3365 1408 3429 dat
1453 3365 1838 3442 beneficium,
1888 3369 1964 3430 ut
2009 3367 2167 3431 fflud
2214 3367 2333 3430 sibi
2378 3367 2480 3430 vel
2510 3368 2692 3431 alteri
2722 3388 2811 3433 re-

331 3474 569 3557 signet,
607 3471 706 3535 vel
737 3490 879 3534 cum
914 3488 1091 3534 onere
1124 3467 1307 3531 dandi
1340 3468 1574 3531 certam
1605 3470 1849 3550 partem
1881 3468 2201 3532 fructuum
2237 3494 2298 3532 ».
2333 3468 2420 3531 At
2466 3468 2649 3533 nimis
2680 3470 2810 3534 bre-

330 3577 503 3640 viter
550 3576 615 3639 et
661 3574 883 3638 ieiune.

429 3676 694 3741 Definiri
741 3676 952 3757 itaque
999 3675 1204 3758 potest
1250 3671 1699 3738 confidentialis
1748 3672 2032 3747 simonia,
2074 3691 2197 3752 qua
2229 3672 2367 3754 quis
2402 3670 2589 3735 alicui
2636 3672 2809 3737 bene-

330 3781 553 3846 ficium
602 3777 1086 3842 ecclesiasticum
1134 3794 1521 3858 quocumque
1552 3773 1735 3838 modo
1779 3794 1836 3837 V.
1871 3793 1964 3857 gr.
2000 3772 2301 3857 eligendO,
2335 3774 2802 3855 praesentandO,

329 3880 730 3953 conferendo,
755 3880 854 3943 vel
877 3879 941 3942 in
972 3878 1103 3942 eius
1134 3879 1409 3942 favorem
1449 3875 1817 3959 resignando
1853 3877 1964 3939 aut
1995 3875 2368 3959 postulando
2403 3877 2515 3939 aut
2552 3876 2613 3939 in
2647 3897 2807 3942 com-

328 3984 633 4051 mendam
679 3982 879 4045 dando
928 3983 1040 4045 aut
1084 3980 1530 4045 instituendo...
1581 3980 1894 4063 procurat,
1945 3998 2085 4042 cum
2134 3997 2415 4061 expresso
2464 3979 2564 4043 vel
2610 3980 2803 4045 tacito

327 4090 543 4173 pact0,
595 4086 671 4149 ut
715 4084 790 4160 13,
840 4083 938 4147 9111
983 4082 1046 4146 id
1091 4083 1402 4166 procurat,
1448 4085 1589 4165 post
1637 4081 1888 4163 aliquod
1937 4084 2183 4165 tempus
2230 4079 2594 4146 beneficium
2640 4082 2802 4145 idem

326 4191 436 4256 vel
465 4189 589 4272 ipsi
622 4186 981 4272 procuranti
1012 4185 1109 4249 vel
1142 4185 1321 4249 alteri
1355 4184 1643 4269 resignet,
1689 4186 1802 4249 aut
1839 4184 2194 4268 pensionem
2229 4185 2326 4249 vel
2358 4184 2596 4247 fructus
2629 4203 2700 4247 ex
2731 4203 2802 4248 eo

324 4294 633 4380 praestet.

424 4397 658 4463 Exinde
709 4396 903 4479 patet,
943 4393 1107 4476 quod
1138 4392 1401 4457 materia
1432 4391 1617 4454 huius
1665 4391 1962 4456 simoniae
1995 4393 2141 4455 simt
2188 4391 2322 4455 sola
2369 4388 2665 4468 beneficia
2713 4410 2801 4453 ec-

328 4502 703 4568 clesiastica.
740 4496 1039 4577 Quocirca
1071 4497 1124 4560 si
1156 4493 1458 4561 eiusmodi
1503 4493 1840 4576 resignatio
1877 4495 1985 4556 aut
2032 4491 2383 4575 procuratio
2417 4510 2558 4555 cum
2588 4511 2799 4573 supra-

495 4646 787 4689 Bumuu.
814 4662 869 4673 -
897 4638 1064 4683 Horat.
1093 4638 1242 4679 'Domo
1270 4636 1340 4680 11.
1822 4672 1840 4697 ·
2580 4631 2635 4672 22
