3497 5147
670 345 744 401 88
1049 361 1262 403 maor.
1302 360 1357 400 v.
1399 358 1560 400 sacr.
1599 358 1640 398 1.
1678 357 1765 397 mc
1801 354 2174 397 maneamus
2212 356 2401 398 rrum.
2440 355 2640 398 capua·
2675 357 2770 400 111.
3022 343 3132 420 [58]

674 457 1002 523 incurrisse
1026 474 1313 520 censuras
1338 456 1430 519 illi
1463 453 1706 519 crimini
1737 472 2022 518 annexas.
2041 454 2130 517 At
2149 452 2328 538 Lugo
2353 450 2454 516 De
2480 452 2643 516 Fide
2666 453 2709 517 l.
2734 473 2787 518 c.
2812 474 2874 518 n.
2900 455 2962 519 8.
2987 474 3132 521 cum

672 557 939 624 Sanchez
986 556 1206 622 Decal.
1255 557 1361 620 lib.
1404 559 1465 621 2.
1499 577 1550 621 6.
1587 558 1646 620 9.
1697 556 1891 639 exigit
1931 555 2232 631 alterum;
2281 555 2430 637 quia
2475 556 2540 620 in
2585 556 2780 622 citata
2832 558 3132 624 constitu-

670 661 858 738 tione,
895 659 970 724 ad
1010 660 1454 744 obligationem
1486 658 1725 723 vitandi
1762 658 2380 735 excommunicatum,
2421 660 2655 741 requiri
2679 659 2926 725 videtur
2963 661 3131 743 quod

669 782 926 827 censura
958 762 1093 844 ipsa
1123 761 1312 826 fuerit
1337 781 1373 825 a
1395 761 1595 826 iudice
1627 760 2046 845 promulgata.
2073 758 2365 826 Concedit
2399 762 2627 839 tamen,
2661 762 2846 844 quod,
2873 762 2928 828 si
2949 763 3134 828 iudex

669 864 938 928 declaret
968 863 1282 928 hominem
1327 882 1459 928 esse
1504 862 1886 928 haereticum
1917 864 1980 927 et
2020 862 2348 928 incurrisse
2384 882 2674 929 censuras
2720 863 2884 930 latas
2915 868 3134 930 contra

669 964 1031 1040 haereticos,
1064 964 1129 1028 id
1161 964 1315 1029 satis
1361 965 1448 1029 sit
1492 967 1566 1030 ut
1610 965 1666 1029 is
1712 965 2036 1030 censeatur
2066 964 2377 1043 vitanduS,
2412 965 2530 1029 etsi
2576 966 3131 1032 excommunicatio

668 1085 790 1131 non
837 1066 1212 1131 nominetur.

759 1166 881 1239 58.
918 1169 1138 1251 Itaque
1175 1168 1655 1234 communicatio
1686 1168 1751 1233 in
1788 1188 1854 1233 re
1890 1169 2150 1252 profana
2187 1171 2251 1235 et
2281 1169 2450 1233 civili
2483 1188 2625 1233 cnm
2659 1170 2971 1235 haeretico
3009 1190 3132 1237 non

669 1270 1039 1336 nominatim
1087 1271 1454 1336 denunciato
1501 1271 1675 1335 licita
1723 1272 1837 1335 est.
1873 1272 1943 1334 In
1975 1290 2041 1335 re
2073 1289 2217 1336 vero
2251 1290 2426 1336 sacra
2458 1270 2967 1356 distinguendum
3015 1275 3130 1338 est.

669 1377 851 1457 Nam,
892 1378 967 1442 ut
996 1377 1089 1443 ait
1125 1377 1302 1461 Lugo
1336 1377 1482 1442 ibid.
1517 1398 1577 1441 n.
1616 1377 1741 1454 10„
1783 1379 2022 1442 certum
2053 1377 2303 1442 estnon
2351 1395 2528 1460 posse
2575 1395 2687 1441 nos
2735 1396 2879 1442 cum
2925 1377 3134 1442 haere·

670 1481 810 1546 ticis
841 1480 1294 1545 communicare
1325 1480 1388 1543 in
1426 1479 1651 1544 ritibus
1683 1479 1948 1562 propriis
1981 1480 2181 1545 sectae
2212 1478 2588 1555 haereticae;
2622 1479 2770 1561 quia
2809 1479 2928 1544 hoc
2972 1481 3135 1545 esset

668 1585 885 1648 contra
920 1584 1318 1665 praeceptum
1364 1581 1766 1647 confessionis
1812 1581 1956 1645 fidei
2001 1582 2066 1645 et
2110 1580 2452 1646 contineret
2499 1580 2872 1664 implicitam
2909 1581 3136 1664 profes-

668 1686 902 1750 sionem
935 1685 1181 1749 erroris.
1216 1682 1328 1749 Sed
1366 1684 1418 1748 si
1452 1685 1680 1767 agatur
1712 1683 1786 1747 de
1818 1682 2251 1748 communione
2282 1683 2346 1747 in
2376 1682 2607 1748 nostris
2654 1684 2846 1748 sacris
2892 1683 3134 1748 nullam

670 1786 892 1853 erroris
923 1787 1275 1852 continente
1312 1785 1754 1869 professionem
1787 1805 1845 1849 v.
1879 1806 1940 1870 g.
1974 1805 2117 1850 cum
2153 1784 2463 1850 haeretico
2496 1784 2755 1849 missam
2793 1785 3005 1850 audire
3037 1786 3135 1850 vel

670 1908 741 1954 eo
780 1890 1099 1972 praesente
1144 1888 1449 1952 celebrare
1495 1889 1594 1953 vel
1638 1888 1759 1971 ipsi
1805 1888 1937 1952 ritu
1981 1887 2288 1953 catholico
2342 1887 2679 1952 celebranti
2727 1888 2940 1954 adesse
2984 1892 3133 1966 etc.,

671 1990 1013 2055 auctoritas
1059 1990 1336 2053 omnium
1383 1990 1708 2054 doctorum
1757 1989 2032 2053 affirmat
2076 1988 2139 2052 id
2184 1989 2366 2052 licere
2410 1990 2476 2054 et
2518 1992 2768 2055 constat
2814 2010 2887 2055 ex
2934 1991 3134 2055 citata

669 2091 1134 2168 constitutione,
1174 2110 1354 2172 quae,
1387 2092 1562 2155 nulla
1606 2091 1776 2156 facta
1806 2090 2221 2167 distinctione,
2255 2091 2569 2174 permittit
2606 2112 2749 2156 cum
2780 2111 3134 2158 excommu-

669 2193 890 2258 nicatis
923 2211 1045 2257 non
1070 2192 1455 2256 denunciatis
1483 2207 1728 2257 omnem
1752 2192 2269 2269 communionem,
2295 2210 2454 2274 quae
2481 2193 2631 2257 olim
2660 2194 2976 2277 prohibita
2999 2196 3138 2259 erat

667 2296 797 2359 sive
831 2294 909 2359 ob
940 2313 1262 2358 censuram
1297 2295 1425 2358 sive
1459 2294 1537 2359 ob
1573 2293 1896 2376 quodlibet
1933 2295 2105 2359 aliud
2142 2294 2450 2360 Ecclesiae
2482 2297 2899 2380 praeceptum.

754 2399 977 2480 Itaque
1008 2398 1478 2483 distinguantur
1500 2398 1643 2476 duo,
1673 2400 1737 2461 1⁰
1769 2395 2265 2464 communicatio
2299 2419 2441 2464 cum
2467 2400 2794 2465 haereticis
2825 2403 2942 2466 aut
2980 2400 3134 2466 schi—

666 2500 944 2566 smaticis
992 2501 1057 2565 in
1105 2500 1294 2565 sacris
1341 2519 1451 2565 seu
1496 2500 1744 2573 divinis,
1794 2500 1900 2565 sed
1944 2501 2194 2580 nostriS,
2244 2503 2305 2566 h.
2357 2521 2410 2568 e.
2449 2502 2514 2566 in
2560 2503 2737 2567 cultu
2782 2503 3129 2568 catholico:

666 2601 736 2669 2⁰
761 2603 1246 2668 communicatio
1278 2621 1421 2668 cum
1451 2601 1670 2680 iisdem
1702 2603 1768 2667 in
1797 2603 1968 2668 culto
1994 2623 2227 2681 eorum,
2266 2605 2329 2669 in
2362 2605 2553 2669 sacris
2587 2605 2822 2670 scilicet
2857 2625 3019 2687 quae
3053 2606 3134 2670 ab

665 2707 816 2790 ipsis
849 2707 923 2769 ut
954 2704 1189 2770 talibus
1222 2706 1626 2788 peraguntur.
1662 2704 1799 2770 Hoc
1831 2706 2099 2770 alterum
2121 2707 2255 2771 iure
2281 2706 2490 2771 divino
2523 2708 2622 2772 est
2659 2707 2951 2786 vetitum,
2977 2707 3136 2772 illud

665 2810 798 2873 iure
830 2807 1267 2885 ecclesiastico,
1308 2810 1380 2872 ut
1416 2806 1753 2872 identidem
1785 2827 1858 2872 ex
1886 2809 2066 2893 gravi
2097 2827 2286 2873 causa
2315 2809 2738 2892 permittatur.
2790 2809 2968 2890 Quod
2997 2811 3133 2874 iure

665 2909 872 2976 divino
920 2929 992 2974 ac
1036 2909 1310 2973 naturali
1357 2908 1739 2992 prohibetur,
1790 2909 1946 2974 illud
1993 2912 2088 2974 est
2135 2910 2302 2991 quod
2358 2911 2634 2975 continet
2695 2911 3132 2977 admissionem

665 3033 774 3078 seu
804 3013 1317 3096 protestationem
1349 3011 1491 3075 falsi
1520 3011 1747 3090 cultus,
1783 3012 1949 3094 quod
1981 3011 2342 3077 scandalum
2388 3013 2596 3097 gignit
2644 3014 2741 3078 vel
2785 3014 3132 3097 periculum

665 3116 1015 3200 proximum
1061 3114 1486 3196 perversionis.
1522 3111 1614 3177 Cf.
1650 3114 1876 3178 Bened.
1910 3113 2082 3177 XIV.
2122 3113 2224 3177 Dc
2260 3111 2414 3195 Syn.
2451 3114 2562 3178 VI.
2590 3116 2649 3178 5.
2687 3116 2746 3179 2.

755 3215 1147 3300 Quapropter
1177 3217 1230 3280 si
1260 3216 1542 3298 quaestio
1591 3215 1721 3292 fiat,
1760 3235 1838 3279 an
1886 3216 1962 3278 ab
2008 3215 2319 3280 haeretico
2369 3235 2491 3281 non
2538 3215 2909 3282 denunciato
2947 3217 3134 3283 liceat

663 3318 986 3383 catholicis
1033 3319 1420 3382 sacramenta
1467 3317 1803 3399 (catholico
1852 3316 2068 3397 utique
2115 3316 2246 3382 ritu
2294 3317 2761 3403 administrata)
2800 3317 3130 3402 suscipere,

664 3421 991 3504 respondet
1020 3420 1183 3484 idem
1214 3420 1392 3505 Lugo
1425 3421 1506 3484 ib.
1541 3441 1601 3484 n.
1642 3420 1767 3496 11„
1801 3437 2191 3483 communem
2225 3439 2355 3484 esse
2395 3422 2457 3484 et
2489 3440 2699 3486 veram
2731 3422 3130 3499 sententiam,

665 3523 866 3600 licere,
908 3523 1024 3588 nisi
1062 3523 1126 3587 id
1159 3522 1406 3587 aliunde
1438 3521 1731 3585 illicitum
1769 3519 1994 3583 evadat
2025 3521 2123 3584 vel
2156 3540 2346 3586 causa
2377 3522 2657 3587 scandali
2690 3524 2789 3587 vel
2823 3524 2900 3588 ob
2931 3524 3135 3608 impli-

666 3627 857 3691 citam
902 3626 1062 3691 forte
1108 3625 1506 3709 negationem
1570 3621 1713 3686 fidei
1762 3621 1860 3686 vel
1905 3622 2054 3704 quia
2100 3624 2332 3688 caritas
2397 3624 2659 3710 obligat,
2708 3627 2782 3690 ut
2829 3625 3132 3711 impedias

665 3730 984 3812 peccatum
1030 3727 1301 3791 ministri
1347 3725 1596 3808 indigne
1642 3723 2076 3802 ministrantis,
2128 3726 2182 3790 si
2231 3727 2561 3791 necessitas
2608 3746 2730 3792 non
2779 3730 3023 3813 urgeat.

755 3826 875 3900 59.
915 3828 1209 3910 Quaestio
1249 3828 1345 3892 est
1381 3825 1662 3908 specialis
1712 3826 1918 3907 quoad
1964 3828 2438 3893 matrimonium
2484 3848 2626 3894 cum
2673 3829 3003 3896 haereticis
3053 3832 3132 3896 ob

666 3933 1036 4017 peculiarem
1069 3928 1543 4002 difficultatem
1583 3944 1654 3990 eo
1685 3927 1853 4008 quod
1899 3947 2116 4012 nempe
2162 3929 2507 3996 catholicus
2545 3930 2823 3997 conferat
2870 3932 3132 3997 scienter

666 4034 1053 4101 sacramenta
1091 4030 1366 4113 indignO,
1402 4027 1568 4109 quod
1614 4028 1748 4094 iure
1794 4029 2002 4094 divino
2048 4050 2172 4096 non
2218 4031 2400 4096 licet:
2435 4036 2510 4098 ut
2554 4032 2778 4098 idcirco
2826 4053 2938 4098 nec
2981 4033 3139 4102 Pon-

665 4137 816 4202 tifex
847 4135 905 4200 id
943 4130 1268 4197 concedere
1300 4147 1478 4211 posse
1512 4129 1814 4196 videatur.

754 4231 1175 4301 Nihilominus
1205 4231 1379 4295 nulla
1410 4249 1516 4314 per
1547 4250 1611 4296 se
1643 4236 1737 4298 est
1769 4233 2106 4299 difficultas
2133 4234 2338 4318 quoad
2363 4236 2802 4302 admissionem
2833 4237 3133 4304 haeretici

667 4338 746 4403 ad
788 4332 1285 4401 communionem
1330 4332 1394 4396 in
1441 4333 1666 4408 sacris;
1717 4354 1861 4399 nam
1912 4336 2060 4401 haec
2125 4337 2427 4420 permissa
2480 4341 2574 4404 est
2634 4358 2776 4403 cum
2824 4339 3132 4406 toleratis.

664 4440 878 4520 Neque
916 4434 1124 4499 obstat
1170 4434 1335 4516 quod
1368 4436 1697 4501 concilium
1745 4455 1860 4502 sua
1890 4438 2002 4502 illa
2032 4440 2425 4506 concessione
2472 4440 2629 4505 nihil
2678 4440 2948 4507 voluerit
2995 4463 3136 4509 con·

664 4539 873 4605 cedere
919 4537 1497 4615 excommunicatis3
1546 4558 1691 4604 nam
1744 4559 2013 4623 aequum
2059 4543 2155 4608 est
2201 4543 2576 4620 existimare,
2628 4543 2794 4626 quod
2841 4563 3129 4613 concesso
