3497 5147
382 305 526 378 [784]
891 324 1060 372 QUAE:
1097 325 1340 367 omssro
1376 323 1587 373 Quom>
1626 319 1850 362 1116611111
1886 320 2348 364 mmmmmrma
2742 316 2870 372 577·

380 416 687 498 phonsum
721 421 1002 502 sequitur
1033 422 1210 507 Gury
1241 442 1302 486 n.
1331 421 1482 484 343.
1516 439 1575 502 q.
1611 419 1682 482 4⁰
1714 419 1824 500 qui
1855 420 2064 483 tamen
2098 419 2292 497 addit,
2327 422 2451 486 levi
2479 425 2721 490 ratione
2753 447 2849 491 ex-

378 521 582 584 cusari
616 522 695 586 ab
727 523 842 586 hac
881 524 1282 608 obligatione.

467 621 583 687 Sed
615 625 1050 692 rationabilius
1084 627 1309 692 Suarez
1341 628 1383 691 1.
1420 646 1502 690 6.;
1544 650 1579 682 «
1618 625 1690 688 In
1715 625 1813 689 his
1845 624 2090 689 casibus
2122 626 2406 691 existimo
2439 645 2563 693 non
2594 648 2845 712 peccare

375 726 567 790 etiam
599 728 957 805 venialite13
1007 731 1155 812 quia
1192 730 1302 793 1116
1349 728 1634 811 partialis
1673 726 1927 791 omissio
1965 729 2115 791 tunc
2147 747 2269 792 non
2294 730 2500 794 solum
2531 733 2626 796 est
2664 732 2837 811 levis,

373 829 478 892 sed
510 830 720 906 etiam,
757 833 830 896 ut
861 834 1286 916 supponimuS,
1321 834 1416 896 est
1452 830 1874 894 involuntaria
1907 831 1970 892 et
2001 831 2289 908 casualis,
2324 833 2423 897 vel
2459 833 2647 899 habet
2671 836 2841 900 suffi-

370 930 631 996 cientem
663 935 1140 1013 excusationem,
1168 954 1363 1016 neque
1388 933 1799 997 necessarium
1831 933 1936 996 est
1956 932 2034 994 ad
2062 933 2222 997 hanc
2252 934 2500 1018 culpam
2531 937 2839 1003 venialem

370 1034 799 1113 excusandam,
834 1036 1000 1118 quod
1038 1037 1142 1101 1116
1190 1037 1462 1100 defectus
1495 1033 1859 1117 suppleatur
1888 1033 1955 1097 in
1987 1034 2114 1098 alia
2141 1033 2359 1113 Missa,
2408 1038 2656 1104 etiamsi
2701 1039 2833 1105 fieri

369 1136 594 1217 possit3
635 1139 783 1219 quia
814 1142 1210 1222 praeceptum
1243 1138 1340 1204 est
1368 1138 1496 1202 iam
1529 1135 2030 1201 substantialiter
2061 1136 2391 1220 impletum
2430 1141 2494 1204 et
2517 1140 2622 1205 1116
2669 1141 2834 1206 defe-

367 1239 503 1303 ctus
533 1240 952 1305 involuntarie
984 1241 1291 1306 admissus
1323 1242 1419 1304 est
1447 1240 1676 1320 illeque
1711 1237 1936 1303 modus
1971 1238 2154 1302 illum
2185 1241 2512 1323 supplendi
2532 1245 2629 1308 est
2653 1243 2836 1310 valde

366 1340 760 1423 imperfectus
787 1344 849 1407 et
872 1361 992 1407 non
1018 1345 1291 1408 multum
1316 1342 1660 1407 conducens
1686 1341 1764 1405 ad
1783 1341 2013 1404 Missae
2033 1341 2466 1424 integritatem
2487 1367 2552 1408 ».
2578 1344 2662 1409 Et
2686 1364 2830 1411 mox

363 1442 509 1507 ibid.
548 1444 623 1509 de
669 1444 911 1510 defectu
943 1446 1333 1511 voluntario:
1376 1470 1411 1504 «
1452 1445 1798 1527 Postquam
1831 1463 1976 1510 vero
2006 1443 2112 1507 hic
2139 1443 2411 1510 defectus
2458 1449 2830 1514 commissus

362 1547 475 1622 est,
510 1566 633 1611 non
680 1550 775 1613 est
823 1549 1124 1632 obligatio
1171 1550 1351 1613 illum
1400 1546 1725 1630 supplendi
1763 1546 1828 1609 in
1866 1546 1994 1609 alia
2028 1546 2224 1610 Missa
2255 1549 2508 1628 propter
2552 1549 2828 1616 rationes

361 1647 706 1716 insinuatas
740 1652 804 1714 et
834 1652 982 1733 quia
1030 1670 1126 1716 res
1173 1651 1442 1718 morales
1488 1668 1611 1714 non
1659 1649 1806 1712 sunt
1856 1648 2006 1711 adeo
2055 1648 2331 1733 rigorose
2380 1650 2823 1733 expendendae,

360 1753 723 1832 praesertim
755 1754 1004 1835 quando
1036 1754 1298 1820 leviores
1330 1757 1479 1818 sunt
1508 1777 1571 1815 ».

466 1875 655 1927 XXlX.
678 1875 729 1928 7.
756 1878 861 1929 Non
890 1884 1073 1942 peccat,
1102 1882 1273 1930 sallem
1308 1875 1599 1938 mortaliter,
1631 1875 1712 1941 qui
1740 1890 1766 1927 a
1793 1878 1989 1928 (luobus
2013 1875 2368 1930 Sacerdotibus
2394 1878 2678 1932 successive
2703 1881 2828 1934 duas

358 1956 582 2012 dimidias
609 1960 780 2013 Missas
804 1962 954 2026 audit,
986 1969 1038 2014 61
1065 1964 1210 2016 babel
1232 1964 1408 2015 Navar.
1436 1977 1478 2013 6.
1501 1964 1588 2015 21.
1614 1961 1692 2022 Sa,
1716 1963 1820 2014 Sol.
1841 1960 2040 2025 Hem-iq.
2065 1960 2206 2013 Dian.
2240 1970 2271 2014 1.
2295 1965 2342 2013 «Ι.
2368 1968 2431 2015 tr.
2452 1965 2501 2015 3.
2525 1979 2565 2016 r.
2593 1966 2675 2016 18.
2701 1967 2825 2020 Bon.

355 2045 404 2094 d.
435 2044 481 2095 4.
508 2059 554 2109 q.
584 2047 669 2097 611.
699 2060 747 2111 p.
773 2048 853 2098 11.
882 2050 1023 2100 [luri.
1051 2054 1219 2101 666116
1260 2051 1401 2101 suar.
1432 2045 1553 2100 Con.
1582 2049 1721 2112 Fag.;
1753 2045 1864 2110 quia
1906 2045 2043 2098 audit
2068 2043 2306 2109 integram
2333 2046 2544 2100 Missam.
2572 2048 2648 2102 Ob
2675 2064 2820 2115 quam

352 2142 549 2181 causam
576 2136 650 2183 est
689 2132 957 2196 probabile,
981 2131 1149 2184 *nunc
1184 2131 1527 2198 improbabile,
1558 2134 1620 2184 ob
1660 2133 1933 2182 damnatam
1972 2132 2032 2182 ab
2061 2133 2302 2183 innocent.
2340 2133 2428 2185 ΧΙ.
2457 2147 2656 2199 propos.
2686 2136 2770 2188 53.
2791 2135 2820 2168 ²¹²

351 2214 444 2266 etsi
469 2214 613 2268 simul
639 2216 820 2278 audiat,
849 2225 901 2270 111
939 2221 1085 2270 1161161
1112 2220 1228 2270 Bon.
1259 2221 1288 2270 1.
1316 2232 1360 2269 6.
1388 2218 1525 2269 Hurl.
1554 2224 1601 2268 61
1628 2216 1768 2268 Dian.
1797 2222 1967 2269 666116
1994 2215 2164 2280 Regin.
2190 2215 2314 2269 Con.
2340 2215 2486 2270 Card.
2516 2221 2668 2284 Lago,
2697 2228 2809 2281 616.,

348 2312 555 2362 quorum
594 2299 833 2356 sententia
868 2301 1065 2357 videtur
1102 2300 1419 2368 probabilior.

436 2403 615 2478 784.
637 2408 854 2488 Quoad
879 2411 1144 2492 primam
1168 2409 1566 2476 resolutionis
1588 2408 2047 2475 conclusionem
2063 2409 2221 2489 (scil.
2249 2410 2417 2492 quod
2440 2429 2563 2476 non
2585 2415 2812 2493 peccet,

348 2510 568 2576 saltem
614 2511 987 2590 mortaliter,
1035 2513 1145 2595 qui
1191 2532 1227 2576 a
1274 2512 1514 2577 duobus
1561 2510 1984 2577 sacerdotibus
2040 2512 2379 2577 successive
2427 2511 2583 2579 duas
2629 2513 2813 2580 dimi-

346 2615 549 2679 diatas
596 2621 804 2699 partes
852 2617 1081 2682 Missae
1128 2617 1332 2699 audit)
1381 2618 1543 2680 recte
1592 2617 1818 2680 Suarez
1867 2617 1941 2680 de
1972 2614 2172 2681 Euch.
2208 2615 2363 2699 disp.
2401 2617 2506 2680 88.
2558 2619 2705 2682 sect.
2747 2622 2807 2684 2.

352 2744 385 2774 «
419 2718 681 2802 Propter
727 2719 876 2784 haec
925 2719 1028 2801 (cf.
1061 2740 1123 2783 n.
1159 2720 1314 2801 seq.)
1363 2718 1647 2800 suspecta
1694 2718 1849 2782 mihi
1898 2737 2134 2799 semper
2181 2718 2304 2783 fuit
2348 2719 2460 2783 illa
2507 2719 2810 2800 doctrina,

343 2839 530 2902 quam
578 2821 893 2885 nonnullis
942 2823 1131 2885 etiam
1197 2819 1507 2885 modernis
1553 2819 1887 2904 Theologis
1941 2821 2005 2883 et
2049 2821 2429 2902 Iurisperitis
2492 2821 2814 2906 displicere

340 2922 547 3000 video;
583 2924 732 3005 quia
764 2943 975 2989 revera
1008 2925 1105 2989 est
1125 2943 1349 3007 parum
1388 2925 1802 2987 consentanea
1833 2922 2164 2987 intentioni
2193 2924 2611 2991 Ecclesiastici
2642 2947 2813 3008 prae-

340 3027 501 3107 cepti
525 3028 589 3090 et
612 3027 899 3112 religioni
932 3047 1001 3091 66
1033 3027 1412 3091 reverentiae
1445 3025 1685 3090 debitae
1712 3026 1856 3089 huic
1881 3023 2211 3092 Sacrificio.
2240 3027 2322 3090 Et
2346 3027 2569 3093 saltem
2592 3049 2809 3095 censeo

340 3130 517 3193 valde
555 3130 857 3211 pertinere
890 3131 967 3194 ad
992 3129 1416 3195 substantiam
1438 3128 1625 3193 huius
1649 3128 1978 3211 praecepti,
2014 3132 2084 3193 ut
2109 3131 2246 3194 tota
2279 3129 2474 3195 Missa
2506 3131 2804 3211 fidelium,

339 3233 419 3296 ab
463 3233 776 3298 obla-tione
823 3233 953 3298 scil.
997 3251 1191 3314 usque
1229 3233 1305 3295 ad
1355 3232 1910 3313 consumptionem,
1944 3232 2234 3295 continue
2283 3234 2346 3295 et
2392 3252 2500 3313 per
2546 3233 2804 3299 modum

335 3336 518 3401 unius
567 3334 863 3401 Sacrificii
910 3336 1267 3400 audiatur...
1321 3333 1527 3416 quoad
1577 3333 1978 3397 accidentalia
2025 3352 2169 3397 vero
2219 3333 2462 3396 facilius
2513 3335 2801 3401 admitte-

334 3457 483 3513 rem,
533 3457 710 3521 posse
756 3439 1069 3521 praedicto
1118 3436 1304 3502 modo
1355 3436 1645 3519 suppleri,
1680 3436 1946 3499 maxime
1996 3435 2073 3498 ob
2105 3435 2384 3516 aliquam
2417 3436 2800 3517 probabilem

335 3560 587 3605 causam
635 3560 741 3606 seu
790 3541 1255 3605 necessitatem:
1304 3556 1451 3602 nam
1498 3538 1628 3601 sine
1659 3536 1769 3599 illa
1800 3556 1899 3600 res
1946 3541 2040 3600 est
2087 3536 2552 3616 reprehensione
2589 3538 2798 3621 digna.

334 3641 755 3709 Nihilominus
786 3647 1038 3727 propter
1078 3642 1519 3708 auctoritatem
1552 3639 1860 3702 dictorum
1893 3639 2241 3701 Auctorum
2272 3655 2394 3701 non
2426 3639 2635 3720 potest
2665 3659 2800 3719 pra-

333 3745 487 3810 ctice
518 3746 913 3811 condemnari
944 3746 1254 3810 contraria.
1287 3741 1592 3809 sententia
1625 3742 1685 3804 et
1716 3739 1853 3805 ideo
1887 3740 1994 3822 qui
2027 3758 2096 3803 ex
2128 3739 2238 3803 illa
2270 3739 2460 3803 fuerit
2484 3742 2795 3823 operatus,

333 3867 452 3913 non
491 3850 770 3931 peccabit
800 3849 1154 3915 mortaliter
1185 3873 1247 3912 ιι.

420 3952 493 4015 16
531 3952 756 4034 quibus
795 3952 970 4016 adest
1005 3951 1169 4016 ratio
1202 3947 1601 4015 resolutionis
1635 3948 1708 4010 A.
1744 3948 1809 4010 et
1853 3946 2006 4011 levis
2054 3945 2234 4028 culpa
2283 3945 2355 4009 de
2388 3964 2457 4011 eo
2498 3946 2678 4012 debet
2711 3948 2800 4010 in-

330 4052 550 4137 telligi,
586 4054 694 4135 qui
731 4052 793 4116 id
832 4051 1023 4116 saciat
1056 4052 1184 4116 sine
1217 4071 1426 4117 causa.

414 4154 737 4239 Sapienter
761 4173 809 4219 s.
837 4154 1021 4236 Alph.
1050 4154 1399 4218 doctrinam
1425 4154 1497 4217 A.
1525 4154 1642 4217 hoc
1667 4153 1849 4236 pacto
1875 4151 2110 4233 recipit,
2140 4152 2191 4215 si
2226 4152 2302 4216 ab
2328 4171 2450 4217 uno
2476 4153 2794 4217 sacerdote

328 4257 622 4321 audiatur
651 4276 847 4339 usque
886 4255 964 4319 ad
1001 4256 1525 4319 consecrationem
1552 4255 1876 4329 exclusive,
1913 4254 1989 4317 ab
2030 4252 2225 4317 altero
2261 4273 2296 4317 a
2335 4255 2793 4320 consecratione

326 4358 402 4422 ad
434 4359 648 4435 finem;
689 4377 862 4422 secus
902 4356 1066 4421 enim
1112 4376 1234 4420 non
1274 4357 1599 4421 interesset
1646 4355 1977 4421 Sacrificio.
2013 4356 2190 4435 Quod
2238 4357 2564 4423 confirmat
2611 4358 2790 4445 Lugo

324 4461 397 4526 de
422 4456 625 4529 Euch.
652 4460 808 4545 disp.
837 4463 940 4526 22.
968 4481 1026 4525 6.
1056 4460 1140 4537 8.,
1171 4458 1315 4522 licet
1347 4458 1748 4541 probabilem,
1781 4460 1857 4523 ob
1884 4459 2286 4523 extrinsecam
2321 4461 2783 4539 auctoritatem,

321 4564 489 4630 dicat
522 4562 893 4647 oppositam.

484 4668 771 4710 Bauium.
793 4688 845 4698 —
865 4665 1031 4708 Mor-al.
1063 4665 1199 4709 Tom.
1230 4663 1297 4705 11.
2571 4668 2626 4710 θ’(
