3497 5147
702 352 808 406 696
1023 365 1236 406 'runem
1264 366 1343 406 vr.
1373 363 1534 405 snor.
1562 364 1617 403 v.
1644 363 1729 401 33·
1754 360 1982 411 Qum‘ro
2008 360 2224 402 1311133.
2255 359 2584 411 ottonom.
2610 358 2744 400 off.
2775 359 2840 399 11.
3024 345 3175 422 [938]

706 463 836 546 prie
867 463 941 527 de
965 463 1080 527 1133
1110 483 1175 527 re
1208 462 1452 538 habere,
1486 459 1593 524 sed
1625 459 1832 524 solum
1860 458 2206 543 generatim
2239 457 2454 522 docere
2487 456 2569 530 id,
2602 456 2769 538 quod
2802 475 3012 521 omnes
3042 476 3178 540 pro-

704 565 975 638 fitemur,
1009 563 1425 629 defensionem
1456 562 1671 626 debere
1704 580 1835 625 esse
1882 581 2021 623 cum
2065 558 2483 624 nwderamine
2523 557 2895 640 imeulpatae
2930 558 3173 624 tutelae.

794 667 1013 751 Pergit
1057 686 1106 732 3.
1140 664 1363 750 Alph.:
1421 689 1456 722 ι
1505 664 1651 728 (1313
1701 682 1870 728 mors
1917 681 2040 729 non
2087 662 2444 748 procederet
2473 660 2702 726 directe
2740 680 2813 726 ex
2845 661 3174 727 omissione

703 769 914 848 duelli,
948 769 1054 835 sed
1101 788 1173 834 ex
1220 768 1455 832 iniusta
1503 765 1811 831 sententia
1859 766 2078 830 iudicis
2110 790 2171 830 ».

791 870 909 935 Sed
942 871 1092 936 haec
1116 872 1213 935 est
1244 870 1565 936 subtilitas
1597 867 2213 935 Salmanticensium:
2255 869 2435 952 quasi
2466 868 2701 933 scilicet
2734 868 3172 934 tantummodo

699 974 955 1059 possim·
985 973 1256 1039 occidere
1282 990 1729 1057 aggressorem,
1767 970 2014 1054 quando
2049 991 2120 1035 ex
2145 989 2266 1036 non
2301 971 2601 1037 occisione
2633 969 2863 1035 directe
2885 970 3174 1054 procedat

699 1093 870 1139 mors
904 1076 1017 1139 aut
1047 1074 1347 1139 damnum
1377 1076 1615 1138 meum!
1651 1072 1887 1156 Nempe
1920 1073 2069 1137 dum
2103 1072 2310 1138 occido
2359 1074 2457 1138 vel
2503 1072 2567 1137 in
2614 1072 2820 1138 duello
2859 1073 2956 1137 vel
2996 1075 3170 1137 extra

702 1178 1002 1255 duellum,
1037 1177 1255 1241 tollere
1303 1175 1446 1240 volo
1493 1195 1743 1239 causam
1794 1196 2006 1238 veram
2050 1195 2224 1240 meae
2269 1176 2527 1241 mortis:
2576 1195 2799 1260 parum
2832 1177 3044 1240 autem
3080 1196 3169 1240 re·

704 1280 826 1345 fert
872 1281 1086 1344 utrum
1132 1280 1284 1343 haec
1329 1297 1518 1343 causa
1563 1278 1832 1343 mediate
1881 1278 1994 1341 aut
2039 1277 2415 1355 immediate,
2449 1298 2556 1362 per
2600 1297 2665 1343 se
2711 1278 2812 1342 vel
2843 1296 2950 1363 per
2983 1277 3172 1343 alium

703 1385 973 1447 mortem
1018 1381 1175 1446 mihi
1220 1381 1474 1458 inferat3
1508 1379 1844 1445 dummodo
1884 1400 2101 1445 verum
2135 1399 2204 1443 ac
2236 1381 2475 1445 certum
2507 1379 2609 1457 sit,
2650 1381 2917 1446 mortem
2949 1379 3026 1443 ab
3062 1379 3170 1444 illo

703 1484 861 1549 mihi
907 1502 1039 1549 esse
1085 1484 1253 1548 certo
1300 1485 1588 1567 paratam
1636 1484 1700 1547 et
1744 1502 1843 1546 me
1876 1502 1983 1567 per
2017 1483 2381 1548 occisionem
2430 1483 2670 1547 auferre
2717 1501 2992 1555 causam,
3043 1483 3170 1547 sive

703 1586 1025 1671 physicam
1071 1587 1199 1651 sive
1246 1586 1568 1659 moralem,
1609 1588 1676 1651 at
1707 1604 1962 1649 causam
1992 1605 2198 1648 veram
2231 1585 2453 1650 mortis
2477 1603 2669 1649 meae.

793 1688 1033 1754 Omitto
1081 1688 1238 1753 alias
1283 1688 1576 1763 rationeS,
1611 1706 1767 1770 quas
1816 1685 2041 1751 Suarez
2088 1686 2162 1751 de
2214 1685 2410 1752 Carit.
2438 1687 2592 1770 disp.
2647 1688 2749 1751 13.
2784 1688 2931 1752 sect.
2967 1688 3168 1752 ultim.

703 1811 761 1854 n.
799 1791 948 1854 5.-7.
984 1791 1317 1873 postquam
1364 1790 1649 1873 protulit,
1699 1790 1838 1853 vult
1887 1790 2265 1865 concludere,
2302 1788 2675 1853 sententiam
2723 1787 2993 1853 83331133
3026 1791 3171 1853 utut

690 1892 1043 1973 probabilis
1090 1913 1221 1957 esse
1268 1894 1571 1971 videatur,
1630 1912 1754 1958 non
1800 1896 2008 1957 tamen
2059 1892 2508 1957 admittendam
2555 1893 2618 1956 in
2664 1892 2838 1976 praxi
2889 1892 2966 1957 ob
3014 1893 3171 1977 peri-

701 1996 935 2059 culum.

789 2097 1006 2160 Placet
1042 2096 1176 2162 11313
1221 2097 1600 2174 subnectere,
1650 2117 1810 2180 quae
1859 2098 2046 2163 habet
2091 2098 2271 2183 Lugo
2304 2097 2459 2181 disp.
2498 2099 2600 2162 lo.
2641 2118 2700 2162 n.
2740 2098 2886 2162 184.
2936 2100 3000 2163 13
3035 2099 3167 2163 fin.:

708 2224 743 2257 «
783 2198 1136 2265 Advertunt
1182 2200 1393 2264 tamen
1454 2200 1756 2284 praedicti
1826 2200 2126 2276 doctoreS‚
2177 2200 2254 2264 ad
2301 2202 2417 2265 hoc
2465 2201 2647 2285 exigi,
2703 2201 2868 2283 quod
2932 2203 3172 2267 constet

703 2304 912 2382 aperte
960 2304 1023 2366 et
1070 2302 1320 2367 omnino
1368 2304 1557 2380 certO,
1625 2304 1897 2367 actorem
1949 2304 2197 2367 omnino
2246 2303 2474 2368 iniuste
2530 2305 2593 2367 et
2640 2324 2748 2387 per
2792 2305 3168 2369 calumniam

702 2404 1025 2487 procedere
1075 2406 1263 2488 atque
1311 2406 1502 2469 etiam
1550 2404 1715 2487 quod
1765 2405 2053 2469 innocens
2100 2405 2249 2469 haec
2296 2405 2454 2470 bona
2504 2406 3059 2497 irrecuperabiliter
3105 2408 3170 2472 et

701 2509 870 2571 certo
912 2508 1255 2573 amissurus
1303 2508 1421 2572 sit:
1472 2504 1637 2590 quae
1679 2506 1930 2590 quidem
1978 2508 2124 2590 quia
2171 2509 2235 2572 in
2281 2508 2596 2594 republica
2635 2508 2787 2575 bene
2824 2509 3164 2593 composita

696 2611 800 2704 ¹vix
848 2631 1124 2694 unquam
1174 2613 1558 2689 concurrent,
1606 2611 1744 2676 ideo
1792 2612 1855 2675 in
1903 2612 2079 2695 praxi
2109 2631 2290 2676 casus
2318 2613 2674 2678 rarissimus
2707 2633 2837 2678 esse
2874 2614 3165 2696 potest».

698 2712 870 2794 Quae
916 2715 1096 2799 Lugo
1144 2714 1297 2778 dicit
1342 2714 1415 2779 de
1464 2714 1652 2779 thesi:
1698 2740 1730 2772 «
1771 2735 1850 2779 an
1896 2715 2083 2779 liceat
2128 2715 2398 2780 occidere
2431 2716 2732 2780 iniustum
2781 2717 3167 2801 litigatorem

698 2817 807 2898 qui
855 2817 1203 2896 calumniis,
1268 2816 1444 2882 falsis
1492 2817 1760 2882 testibus
1809 2818 2067 2882 conetur
2113 2818 2176 2882 in
2226 2817 2454 2883 iudicio
2505 2821 2566 2884 te
2622 2820 2804 2884 rebus
2860 2820 2986 2885 tuis
3035 2839 3169 2904 spo-

697 2918 869 2986 liare.
910 2921 1155 3002 quando
1192 2921 1375 2985 aliter
1408 2920 1847 3004 spoliationem
1880 2939 2004 2985 11311
2052 2922 2228 3002 potes
2262 2921 2532 3005 effugere
2555 2945 2591 2981 »
2632 2922 2745 3004 (a).

786 3016 961 3092 938.
998 3020 1175 3102 Quod
1217 3023 1445 3088 attinet
1478 3023 1691 3086 autem
1719 3022 1796 3085 ad
1829 3023 2270 3087 auctoritatem
2303 3023 2461 3102 DD.,
2497 3023 2618 3107 ipsi
2649 3022 3163 3090 Salmanticenses

697 3144 806 3207 pro
847 3125 1225 3189 affirmativa
1276 3125 1560 3209 opinione
1599 3124 1640 3187 l.
1676 3144 1726 3187 c.
1763 3144 1822 3186 n.
1861 3124 2008 3187 168.
2060 3125 2337 3209 allegant
2380 3126 2717 3210 Lyranum,
2753 3127 3019 3204 Bannez‚
3053 3127 3165 3192 Ca-

694 3227 993 3300 ietanum,
1034 3227 1244 3300 Torre‚
1285 3226 1468 3303 Azor,
1520 3224 1890 3309 RodrigueZ,
1942 3225 2293 3291 Navarrum
2344 3230 2407 3292 et
2453 3228 2820 3304 Navarram,
2871 3228 3161 3308 Sanchez,

696 3328 1046 3413 Fagundez,
1082 3328 1432 3404 Dicastillo,
1468 3328 1800 3391 Trullench
1832 3331 1893 3390 et
1925 3329 2200 3393 Barbosa
2231 3354 2245 3405 ς
2297 3331 2522 3412 quibus
2560 3351 2700 3395 cum
2735 3333 2876 3396 aliis
2907 3334 3164 3398 accessit

696 3431 873 3516 Lugo
923 3433 986 3495 et
1032 3430 1301 3494 Sanchez
1354 3429 1591 3494 Moral.
1628 3430 1734 3493 lib.
1772 3432 1831 3493 2.
1875 3450 2007 3514 cap.
2044 3432 2148 3495 39.
2184 3453 2241 3496 n.
2288 3433 2344 3496 7.
2388 3432 2561 3497 addit
2591 3433 2885 3501 Valentia
2932 3438 2994 3501 et
3031 3435 3161 3500 Ma·

696 3535 866 3598 nuel:
904 3533 1056 3598 adde
1089 3532 1392 3597 Molinam
1425 3534 1589 3617 apud
1622 3531 1848 3597 Suarez
1882 3534 1956 3596 (Ie
2012 3534 2209 3598 Gru-it.
2246 3535 2390 3599 diss,
2432 3537 2532 3599 13.
2569 3556 2685 3602 sec.
2720 3538 2836 3602 ult.
2873 3559 2931 3603 n.
2962 3541 3020 3603 5.
3041 3539 3160 3604 Pro

696 3639 961 3722 negante
1010 3637 1242 3711 autem,
1282 3655 1470 3717 quam
1519 3637 1750 3712 tenent,
1785 3654 1906 3701 non
1955 3637 2182 3701 habent
2231 3639 2351 3703 nisi
2396 3638 2749 3717 Tostatum‚
2815 3641 3157 3718 Salonium,

694 3739 1135 3824 Arragonium,
1176 3737 1421 3814 Suarez,
1456 3738 1682 3824 Ognez,
1718 3740 1824 3821 qui
1858 3740 2012 3804 duos
2062 3741 2217 3805 alios
2252 3741 2484 3826 allegat
2518 3745 2580 3807 et
2612 3743 2708 3807 his
2738 3741 2900 3821 falso
2925 3745 3163 3808 addunt

696 3838 978 3904 Lessium
1025 3839 1099 3903 de
1147 3839 1329 3933 Iuste
1356 3841 1462 3905 lib.
1502 3844 1563 3906 2.
1597 3861 1728 3924 cap.
1789 3843 1848 3904 9.
1899 3862 1957 3906 n.
2009 3843 2136 3918 47„
2173 3842 2350 3919 salso,
2400 3843 2676 3926 inquam,
2710 3845 2858 3926 quia
2906 3865 2978 3911 eo
3025 3846 3159 3912 loco

694 3941 850 4004 nihil
898 3942 1065 4021 dicit,
1107 3942 1225 4005 nisi
1274 3962 1396 4007 non
1444 3963 1573 4007 3333
1622 3944 1681 4006 13
1733 3944 1907 4026 praxi
1941 3944 2391 4010 admittendam
2441 3946 2790 4030 opinionem
2824 3948 3001 4030 (utut
3033 3968 3160 4034 spe-

691 4044 964 4109 culative
995 4043 1333 4128 probabilis
1382 4044 1714 4126 videatur),
1750 4044 1915 4126 quod
1961 4045 2147 4111 liceat
2196 4047 2465 4113 occidere
2512 4048 3047 4128 calumniatorem,
3082 4051 3159 4117 ob

690 4147 1081 4212 incommoda
1134 4146 1272 4210 inde
1327 4146 1620 4210 timenda.
1679 4145 1850 4225 Quae
1897 4147 2051 4210 nihil
2097 4150 2217 4215 huc
2257 4151 2510 4226 faciunt,
2568 4151 2671 4215 sed
2725 4153 3036 4236 pertinent
3082 4153 3156 4217 ad

688 4252 1136 4332 quaestionem,
1171 4269 1360 4330 quam
1392 4267 1527 4331 sup.
1561 4269 1618 4312 3.
1650 4250 1798 4314 887.
1829 4252 2172 4336 tetigimus,
2209 4255 2279 4319 de
2313 4256 2538 4320 tuenda
2573 4277 2790 4339 nempe
2812 4256 2984 4336 fama
3017 4278 3158 4322 cum

691 4352 991 4432 occisione
1022 4350 1406 4415 infamaturi.

796 4589 865 4638 (3)
892 4587 967 4630 Cf.
998 4587 1282 4630 doctrinam
1311 4587 1535 4632 eiusdem
1566 4589 1705 4644 Lugo
1735 4592 1980 4636 traditam
2014 4607 2064 4638 11.
2093 4595 2188 4638 1393.
2221 4594 2278 4638 Ε.
