3497 5147
692 356 802 412 790
1013 368 1223 410 mmor.
1251 370 1329 410 vr.
1357 368 1518 410 sacr.
1546 367 1652 408 vn.
1677 367 1764 406 nm
1788 365 2026 408 convo
2050 365 2269 407 raam.
2295 363 2623 406 nmnmor.
2649 364 2794 408 nun.
2819 365 2862 405 1.
2973 351 3152 426 [1065]

693 487 832 533 nem
879 467 953 531 de
999 466 1208 548 aliquo
1256 465 1517 530 nefando
1564 465 1837 541 crimine,
1871 482 2061 546 quam
2107 463 2409 528 iudicium
2440 481 2556 528 seu
2602 461 2990 527 definitivam
3023 482 3155 527 sen-

692 569 955 634 tentiam
993 569 1066 632 de
1099 569 1223 633 alio
1254 568 1459 632 minus
1489 567 1669 652 gravi
1714 565 1974 630 mortali
2001 566 2280 649 peccat03
2314 565 2682 631 recentiores
2706 564 3041 649 Theologi,
3074 567 3154 630 ut

696 673 787 737 ait
829 672 1009 756 Lugo
1042 671 1196 753 disp.
1237 672 1338 734 14.
1378 691 1438 734 n.
1476 670 1577 733 14.
1627 671 1691 733 et
1740 668 1865 745 18.,
1913 667 2328 740 consentiunt,
2369 666 2728 750 opinionem
2783 685 3037 749 quoque
3083 686 3157 732 ac

693 774 1105 857 suspicionem
1136 772 1210 836 de
1240 772 1408 836 malo
1441 771 1699 836 alterius
1731 789 1910 854 posse
1934 788 2063 835 esse
2087 771 2410 854 peccatum
2426 788 2618 853 grave
2641 769 2829 852 idque
2853 771 3157 851 tanquam

699 880 1079 965 probabilius
1112 880 1284 944 tenet
1307 899 1354 943 s.
1396 879 1581 961 Alph.
1616 897 1676 941 n.
1712 877 1867 942 964.

785 981 944 1046 Cum
987 1001 1084 1045 res
1123 983 1332 1045 tamen
1370 982 1537 1044 certa
1570 999 1692 1045 non
1724 980 1809 1043 sit
1840 980 1905 1043 et
1935 979 2286 1061 frequenter
2314 979 2723 1044 confessarius
2750 998 2932 1064 aegre
2961 978 3025 1042 in
3063 998 3159 1043 ac-

694 1085 1013 1150 cusatione
1058 1085 1282 1147 horum
1326 1084 1722 1165 peccatorum
1768 1081 2107 1146 discernere
2138 1083 2370 1159 valeat,
2413 1101 2492 1146 an
2525 1100 2737 1147 omnes
2775 1082 3158 1147 conditiones

698 1187 1009 1251 adfuerint
1055 1204 1163 1268 pro
1210 1187 1388 1270 gravi
1434 1185 1679 1249 malitia
1728 1185 1985 1268 peccati,
2046 1185 2262 1250 licebit
2301 1185 2359 1249 61
2405 1185 2718 1267 quiescere
2765 1185 2830 1250 in
2877 1186 3164 1269 probabi-

694 1289 876 1353 litate
906 1287 1128 1371 prioris
1161 1287 1500 1351 sententiae
1530 1287 1617 1370 (n.
1658 1288 1901 1371 1062),
1937 1306 2095 1370 quae
2126 1287 2501 1352 auctoritate
2541 1288 2820 1352 'rhomae
2852 1289 2917 1352 et
2947 1288 3165 1372 Augu—

699 1390 847 1455 stini
893 1390 1194 1455 munitur.

792 1488 996 1562 1065.
1032 1490 1211 1571 Quod
1255 1493 1496 1575 spectat
1543 1491 1619 1556 ad
1666 1491 2141 1568 dubitationem,
2190 1510 2332 1556 cum
2378 1490 2705 1574 utriusque
2751 1491 2950 1574 partis
3000 1491 3160 1555 affir-

698 1596 930 1660 mantis
976 1595 1076 1659 vel
1120 1595 1407 1679 negantis
1446 1596 1788 1677 suppetunt
1830 1593 2070 1658 motiva
2117 1593 2481 1676 probabilia,
2519 1611 2645 1657 non
2690 1593 2838 1658 licet
2882 1593 3159 1675 iudicare

699 1699 1012 1762 hominem
1058 1698 1323 1780 positive
1368 1716 1665 1781 pravum:
1700 1697 1865 1779 quod
1913 1697 2010 1760 est
2054 1715 2163 1778 per
2191 1714 2256 1759 se
2288 1695 2565 1760 evidens:
2598 1696 2704 1760 sed
2737 1695 3029 1761 debemus
3059 1697 3163 1761 vel

700 1800 981 1865 cohibere
1021 1817 1358 1877 assensum,
1394 1799 1492 1863 vel
1538 1799 1599 1863 in
1632 1798 1950 1863 meliorem
1998 1800 2237 1881 partem
2269 1817 2399 1861 rem
2421 1797 2838 1880 interpretari.
2871 1797 3052 1878 Quia,
3085 1799 3164 1863 ut

702 1902 794 1966 ait
826 1922 873 1965 6.
908 1901 1182 1965 Thomas
1213 1921 1271 1984 q.
1309 1902 1412 1965 60.
1449 1919 1504 1965 a.
1540 1901 1624 1978 4.,
1666 1925 1702 1958 «
1736 1900 1950 1965 nullus
1981 1900 2162 1965 debet
2193 1899 2386 1964 alium
2419 1902 2810 1965 contemnere
2840 1902 2939 1965 vel
2978 1920 3162 1966 nocu-

702 2005 983 2068 mentum
1029 2003 1457 2085 quodcumque
1502 2001 1724 2067 inferre
1773 2003 2003 2084 absque
2049 2005 2307 2087 cogente
2352 2021 2560 2081 causa,
2595 2003 2660 2066 et
2701 2001 2839 2067 ideo
2887 2002 2998 2068 ubi
3041 2022 3162 2068 non

704 2107 1004 2191 apparent
1046 2108 1378 2171 manifesta
1424 2107 1650 2171 indicia
1696 2107 1771 2170 de
1801 2106 2049 2171 malitia
2095 2107 2380 2184 alicuius,
2418 2106 2711 2172 debemus
2748 2126 2894 2173 eum
2939 2110 3016 2172 ut
3060 2108 3165 2172 bo·

702 2230 853 2274 num
900 2209 1142 2288 habere,
1177 2209 1240 2273 in
1273 2209 1590 2275 meliorem
1637 2210 1880 2291 partem
1926 2208 2386 2292 interpretando
2417 2207 2585 2290 quod
2615 2208 2876 2274 dubium
2911 2211 3008 2274 est
3054 2235 3117 2273 ι».

792 2310 969 2391 Quod
1016 2311 1103 2375 sic
1149 2312 1442 2387 declarat,
1477 2311 1798 2393 expediens
1829 2311 2262 2375 difficultatem
2297 2311 2374 2374 ad
2408 2313 2524 2375 2¹¹¹:
2568 2336 2603 2368 «
2633 2311 2824 2376 Aliud
2863 2313 2961 2377 est
3003 2312 3166 2378 iudi-

703 2433 840 2478 care
889 2414 962 2477 de
1008 2414 1190 2477 rebus
1224 2415 1287 2477 et
1335 2413 1502 2476 aliud
1551 2413 1624 2476 de
1670 2412 2044 2477 hominibus.
2086 2413 2157 2477 In
2203 2412 2433 2477 iudicio
2481 2413 2664 2490 enim,
2699 2433 2825 2496 quo
2859 2414 2933 2479 de
2978 2416 3164 2479 rebus

702 2516 1068 2592 iudicamus,
1100 2535 1223 2580 non
1257 2515 1600 2579 attenditur
1632 2515 1866 2580 bonum
1916 2518 2027 2580 aut
2072 2515 2310 2580 malum
2360 2533 2432 2579 ex
2477 2516 2654 2597 parte
2700 2515 2898 2599 ipsius
2935 2517 3040 2595 rei,
3086 2517 3168 2582 de

703 2640 827 2702 qua
864 2620 1209 2683 iudicamus
1241 2618 1341 2682 cui
1370 2617 1529 2681 nihil
1565 2619 1746 2681 nocet
1776 2618 2307 2700 qualitercumque
2340 2617 2685 2683 iudicemus
2733 2618 2807 2684 de
2854 2620 3009 2704 ipsa,
3057 2620 3159 2685 sed

706 2722 1052 2786 attenditur
1080 2720 1167 2784 ibi
1200 2721 1403 2784 solum
1426 2720 1658 2784 bonum
1680 2719 2078 2785 iudicantis...
2117 2720 2233 2785 Sed
2279 2720 2343 2783 in
2372 2719 2622 2799 iudicio,
2658 2740 2781 2803 quo
2820 2722 3166 2788 iudicamus

707 2826 779 2889 de
809 2825 1183 2901 hominibUS,
1216 2823 1539 2906 praecipue
1565 2823 1911 2887 attenditur
1940 2824 2172 2888 bonum
2211 2825 2274 2887 et
2318 2824 2557 2888 malum
2590 2843 2662 2888 ex
2694 2827 2871 2907 parte
2904 2826 3057 2904 eius,
3092 2826 3166 2890 de

708 2944 831 3007 quo
879 2925 1244 3002 iudicamuS,
1285 2925 1485 3007 quiin
1531 2926 1649 2990 hoc
1677 2925 1812 3006 ipso
1851 2924 2232 2990 honorabilis
2264 2925 2548 3002 habetur,
2575 2927 2745 3009 quod
2777 2927 2978 2992 bonus
3010 2928 3168 2993 iudi-

709 3030 888 3093 catur
934 3030 998 3092 et
1028 3028 1528 3111 contemptibilia
1563 3028 1618 3093 si
1640 3028 1955 3093 iudicatur
1982 3028 2208 3092 malus.
2243 3029 2326 3092 Et
2356 3028 2492 3093 ideo
2526 3029 2603 3092 ad
2649 3029 2767 3093 hoc
2797 3031 3010 3112 potius
3040 3034 3165 3095 ten-

709 3131 849 3195 dere
882 3131 1173 3195 debemus
1220 3130 1280 3194 in
1329 3131 1445 3195 tali
1491 3130 1740 3207 iudicio,
1790 3130 1956 3211 quod
2001 3130 2316 3194 hominem
2352 3130 2699 3196 iudicemus
2748 3132 2999 3209 bonum,
3047 3132 3166 3197 nisi

711 3232 1039 3297 manifesta
1068 3233 1231 3297 ratio
1278 3233 1340 3297 in
1387 3232 1771 3298 contrarium
1821 3233 2117 3313 appareat
2164 3256 2225 3294 ».
2269 3232 2369 3296 Ita
2417 3251 2466 3297 s.
2517 3232 2810 3311 Thomaa
2843 3235 2952 3317 qui
2999 3253 3172 3317 prae·

712 3337 879 3401 terea
910 3339 1138 3414 monet,
1173 3336 1473 3400 iudicium
1519 3333 1665 3412 tale,
1701 3334 1985 3414 quamvis
2016 3333 2246 3397 falsum
2293 3353 2426 3399 esse
2473 3335 2818 3421 contingat,
2867 3356 2992 3401 non
3038 3355 3170 3401 esse

713 3439 962 3522 aliquod
1008 3439 1246 3503 malum
1291 3437 1665 3514 intellectus,
1728 3436 1828 3499 vel
1875 3435 2080 3518 sperni
2125 3454 2336 3520 posse3
2400 3437 2547 3519 quia
2611 3438 2686 3502 ad
2733 3439 3171 3522 perfectionem

710 3542 1060 3606 intellectus
1091 3538 1427 3605 secundum
1452 3557 1516 3602 se
1542 3557 1660 3602 non
1694 3538 1962 3621 pertinet
1992 3557 2358 3623 cognoscere
2388 3539 2718 3605 veritatem
2751 3541 3170 3625 singularium

710 3643 1230 3729 contingentium,
1271 3641 1375 3705 sed
1413 3641 1616 3726 magis
1670 3641 1787 3705 hoc
1817 3641 2115 3705 iudicium
2156 3641 2425 3724 pertinet
2470 3641 2548 3705 ad
2595 3642 2830 3707 bonum
2877 3642 3172 3708 affectum

710 3750 920 3812 animi.
954 3747 1188 3813 Idcirco
1236 3745 1522 3810 videntur
1553 3745 1721 3829 leges
1758 3745 1996 3829 logicae
2045 3745 2108 3808 in
2154 3744 2501 3809 iudicandis
2559 3745 2920 3810 huiusmodi
2967 3746 3174 3811 homi-

711 3870 860 3914 num
892 3850 1072 3913 factis
1104 3847 1605 3933 contingentibus
1637 3847 2129 3912 subordinandae
2160 3865 2291 3911 esse
2320 3846 2449 3931 legi
2481 3847 2787 3912 caritatis.

799 3953 886 4017 At
922 3953 1245 4036 propterea
1294 3954 1432 4015 orta
1479 3953 1574 4014 est
1620 3949 1902 4033 quaestio
1949 3948 2110 4013 inter
2147 3950 2305 4026 DD.,
2339 3950 2651 4031 quomodo
2703 3949 3055 4032 accipienda
3088 3950 3180 4015 sit

712 4056 862 4120 haec
907 4054 1186 4119 doctrina
1233 4072 1281 4116 s.
1317 4052 1611 4116 Thomae.
1646 4050 1894 4117 Scilicet
1927 4070 2004 4114 an
2036 4070 2166 4115 rem
2198 4050 2449 4115 dubiam
2484 4052 2818 4117 debeamus
2851 4052 2917 4116 in
2962 4053 3178 4117 melio-

712 4179 841 4223 rem
887 4159 1127 4241 partem
1158 4155 1551 4236 interpretari
1573 4155 1840 4235 positive
1880 4154 1940 4215 h.
1980 4172 2031 4217 e.
2059 4153 2485 4218 existimantes
2519 4154 2834 4219 hominem
2869 4173 3003 4219 esse
3040 4174 3179 4238 pro-

712 4262 881 4336 bum,
917 4278 993 4323 an
1040 4258 1321 4340 neyative
1368 4258 1428 4320 h.
1464 4276 1514 4319 e.
1555 4275 1675 4319 non
1701 4254 2125 4319 existimantes
2157 4274 2287 4320 esse
2317 4255 2694 4339 improbum.
2746 4254 2838 4320 Of.
2888 4256 3174 4321 Lessium

714 4364 755 4427 1.
791 4384 840 4427 6.
875 4383 977 4426 1111.
1019 4360 1259 4424 32.-36.
1296 4362 1359 4423 et
1404 4359 1581 4442 Lugo
1623 4357 1778 4440 disp.
1820 4358 1925 4421 cit.
1975 4378 2035 4422 n.
2072 4359 2177 4422 21.
2231 4360 2338 4441 (1111
2387 4360 2707 4425 affirmant
2745 4361 2902 4425 satis
2948 4377 3080 4426 esse
3123 4361 3182 4426 si

713 4466 999 4549 negative
1033 4483 1153 4528 non
1185 4462 1607 4527 existimemus
1646 4461 2020 4543 improbum.
2077 4462 2265 4527 Ratio
2323 4463 2437 4540 est,
2496 4464 2643 4546 quia
2699 4482 2880 4529 nemo
2928 4466 3180 4530 tenetur

716 4567 792 4633 ad
841 4584 1177 4641 assensum,
1227 4582 1349 4644 quo
1398 4582 1461 4626 se
1510 4564 1762 4647 exponit
1808 4564 2079 4646 periculo
2128 4565 2392 4642 errandi,
2441 4566 2607 4648 quod
2646 4566 2910 4648 sapienti
2959 4568 3057 4631 est
3092 4566 3186 4630 vi-

716 4667 997 4732 tandum.
1033 4667 1067 4703 *
