3497 5147
363 303 507 379 [701]
603 319 754 368 an
790 320 885 362 srr
920 320 1322 363 marmano
1358 324 1436 363 m
1473 323 1614 372 oms
1650 324 1857 368 Possm·
1893 327 2275 370 nmrmsmn
2313 330 2380 370 m
2419 330 2592 372 vous
2719 319 2823 375 581

1404 494 1566 557 Due.
1601 494 1777 559 VIII.

645 629 814 710 Quid
839 631 928 693 sit
961 629 1341 713 dispensatio
1374 637 1436 695 et
1468 634 1611 713 quis
1630 634 1838 713 possit
1864 633 2226 714 dispensare
2262 637 2334 700 in
2361 637 2538 701 votis.

474 773 724 826 Lxxvn.
746 774 893 838 Resp.
926 774 971 826 l.
996 771 1305 839 Dispensatio
1330 781 1404 826 est
1431 777 1651 828 absoluta
1691 775 2006 841 obligationis
2042 776 2147 831 voti
2171 778 2480 843 condonatio,
2508 778 2703 834 nomine
2728 779 2819 834 Dei

365 860 505 911 tacta.
541 859 615 910 Ad
656 860 795 919 banc,
824 864 876 909 ut
916 860 1092 921 valeat,
1121 857 1251 911 iusta
1290 872 1436 912 causa
1477 859 1762 925 requiritur,
1787 859 1951 926 qualis
1988 875 2036 915 v,
2061 877 2132 927 gr.
2159 868 2234 916 est
2263 865 2311 916 l.
2338 865 2517 917 bouum
2556 864 2820 929 Ecclesiae,

366 948 441 997 vel
480 957 735 996 commune
773 942 915 1010 Reip.
943 945 992 997 9..
1033 943 1262 998 notabilis
1298 943 1561 998 difficultas
1599 944 1647 998 in
1685 946 2036 1000 observatione
2075 947 2193 1001 voli.
2235 950 2283 1001 3.
2321 948 2625 1016 imper-lectio
2663 958 2819 1014 actua„

365 1031 442 1081 vel
483 1027 658 1082 levitas
697 1042 752 1080 ac
792 1027 1013 1091 facilitas
1040 1043 1100 1081 ex
1139 1043 1229 1095 qua
1271 1028 1512 1095 processit
1551 1038 1737 1084 votum.
1778 1033 1922 1084 Suur.
1950 1033 1983 1086 l.
2011 1047 2054 1086 c.
2082 1047 2124 1086 c.
2156 1034 2238 1085 ⁴7.
2264 1033 2371 1087 Fill.
2398 1050 2443 1088 n.
2487 1037 2607 1088 260.
2647 1039 2822 1090 Sancb.

366 1114 396 1164 Ι.
426 1112 473 1164 4.
501 1126 542 1164 c.
573 1112 655 1164 45.
684 1111 812 1164 Vide
852 1115 971 1166 Bon.
1000 1128 1048 1181 p.
1075 1114 1126 1166 7.
1155 1129 1201 1166 n.
1231 1113 1316 1167 24.
1344 1116 1513 1179 Laym.
1542 1129 1585 1167 c.
1613 1117 1664 1170 8.
1690 1130 1735 1168 n.
1765 1117 1814 1169 5.

453 1231 608 1305 701.
646 1235 1024 1300 Huiusmodi
1054 1236 1429 1319 dispensatio
1462 1257 1585 1303 non
1615 1237 1690 1302 fit
1727 1258 1764 1302 a
1795 1238 2153 1322 legislatore
2183 1239 2344 1304 circa
2375 1259 2554 1305 suam
2599 1241 2821 1326 legem,

368 1337 519 1402 adeo
558 1341 632 1401 ut
679 1338 887 1402 valida
933 1339 1053 1403 dici
1099 1339 1338 1416 debeat,
1376 1340 1522 1404 licet
1554 1341 1686 1405 sine
1716 1359 1904 1405 causa
1935 1341 2082 1418 fiat;
2117 1342 2224 1407 sed
2255 1343 2328 1407 fit
2358 1362 2600 1426 semper
2629 1345 2826 1409 veluti

366 1444 444 1507 ab
478 1444 795 1522 inferiore,
830 1443 1075 1507 nomine
1113 1443 1246 1506 Dei.
1281 1441 1363 1505 Et
1394 1442 1618 1507 idcirco
1651 1461 1891 1525 semper
1921 1444 2260 1525 requiritur
2291 1464 2497 1510 causa.

452 1547 544 1611 De
582 1545 680 1610 his
727 1546 853 1611 iam
900 1565 1007 1629 per
1037 1565 1101 1610 se
1139 1547 1349 1610 actum
1387 1547 1483 1609 est
1511 1545 1576 1608 in
1607 1547 1686 1609 tr.
1720 1547 1795 1609 de
1827 1545 2123 1627 Leyibus.
2156 1547 2252 1611 Ad
2294 1549 2364 1611 1⁸
2392 1567 2646 1612 causam
2680 1548 2827 1613 boni

367 1647 684 1714 Ecclesiae
720 1648 819 1711 vel
849 1648 1241 1732 reipublicae,
1275 1649 1425 1712 bene
1463 1667 1511 1711 S.
1545 1647 1731 1731 Alph.
1765 1648 1872 1712 lib.
1908 1648 1968 1711 3.
2009 1668 2068 1712 n.
2106 1649 2254 1713 250.
2289 1649 2463 1713 addit
2500 1650 2690 1715 etiam
2721 1652 2825 1716 bo-

359 1770 510 1815 num
547 1750 820 1815 familiae
852 1751 950 1815 vel
981 1751 1279 1816 maiorem
1317 1750 1663 1834 profectum
1698 1750 2002 1815 voventis

452 1855 543 1918 De
582 1855 653 1916 2·
682 1873 870 1919 causa
902 1854 1032 1920 scil.
1074 1854 1442 1918 difficultate
1480 1854 1888 1918 exsecutionis
1920 1873 1968 1918 s.
2002 1854 2187 1937 Alph.
2221 1874 2293 1919 ex
2339 1857 2652 1921 communi
2684 1857 2819 1921 DD.

369 1978 431 2022 n.
468 1959 614 2021 252.
650 1959 799 2023 haec
828 1958 1044 2022 habet:
1086 1956 1330 2023 Sufficit
1366 1957 1578 2020 autem
1609 1975 1719 2039 pro
1761 1974 1949 2021 causa
1996 1956 2074 2020 ad
2112 1956 2588 2040 dispensandum
2632 1960 2698 2021 1⁰
2726 1977 2826 2043 pe-

365 2061 636 2126 riculum
672 2060 1177 2146 transgressionis
1225 2060 1302 2124 ob
1347 2058 1883 2141 indispositionem
1913 2058 2352 2142 particularem
2389 2061 2692 2138 voventiS,
2726 2062 2824 2126 vel

364 2163 445 2229 ob
477 2182 863 2228 communem
894 2162 1302 2247 fragilitatem
1333 2161 1677 2226 hominum.

540 2268 610 2329 2ο
650 2264 900 2330 Sufficit·
925 2266 1119 2331 etiam
1147 2283 1377 2348 magna
1424 2263 1760 2328 difficultas
1809 2263 1872 2327 in
1919 2265 2324 2342 exsecutione,
2359 2284 2481 2330 non
2526 2266 2732 2330 solum
2770 2266 2824 2330 si

358 2388 483 2433 non
517 2368 640 2433 fuit
685 2369 966 2452 praevisa
1004 2368 1179 2450 (quia
1216 2368 1365 2431 tunc
1397 2368 1605 2450 posset
1641 2385 1879 2431 cessare
1915 2386 2022 2450 per
2067 2386 2131 2432 se
2180 2368 2481 2453 obligatio
2530 2388 2604 2433 ex
2641 2368 2823 2434 dictis

357 2491 417 2536 n.
457 2472 657 2555 fied),
694 2471 798 2536 sed
830 2471 1022 2535 etiam
1069 2471 1122 2534 si
1168 2470 1451 2554 praevisa
1490 2469 1697 2547 fuerit,
1732 2471 1872 2533 tum
1903 2469 2052 2552 quia
2081 2471 2273 2535 etiam
2310 2473 2460 2536 tunc
2505 2472 2681 2537 adest
2726 2491 2824 2556 pe-

356 2575 626 2640 riculum
674 2572 1200 2658 transgressioniS,
1235 2573 1372 2636 tum
1418 2571 1566 2653 quia
1601 2590 1698 2635 res
1730 2571 1931 2637 multo
1965 2572 2277 2638 difficilior
2322 2576 2818 2659 apprehenditur,

359 2678 513 2742 dum
544 2677 741 2739 instat
772 2674 1101 2754 exsecutio,
1137 2694 1325 2757 quam
1357 2694 1499 2738 cum
1536 2693 1700 2737 mere
1748 2673 2125 2740 deliberatur
2162 2678 2224 2741 et
2270 2678 2388 2742 hoc
2433 2678 2681 2743 etiamsi
2711 2678 2823 2743 dif-

354 2780 608 2846 ficultas
646 2779 887 2844 oriatur
922 2798 995 2843 ex
1030 2777 1374 2864 fragilitate
1406 2778 1708 2842 voventis

537 2884 607 2945 3⁰
640 2881 885 2947 Sufficit
933 2882 1143 2957 etiam,
1186 2880 1241 2945 si
1287 2898 1516 2945 vovens
1548 2881 1803 2944 vexetur
1833 2880 2077 2966 magnis
2124 2883 2449 2966 scrupulis,
2484 2886 2649 2967 quod
2679 2905 2824 2951 con·
2906 2966 2912 2973 ι

356 2987 555 3071 tingit
600 2985 885 3062 maxime,
926 2985 1033 3049 ubi
1079 2983 1401 3048 multoties
1448 2982 1635 3046 dubia
1683 2981 1979 3061 incidant,
2027 3001 2349 3067 quousque
2396 2987 2529 3051 voti
2559 2987 2823 3051 materia

351 3107 490 3155 sese
538 3088 837 3172 porrigat.
878 3087 1023 3151 Ideo
1072 3084 1412 3168 requiritur
1452 3087 1526 3149 nt
1570 3084 1834 3149 materia
1881 3084 2014 3150 voti
2060 3086 2146 3150 sit
2189 3087 2356 3151 clara
2391 3087 2820 3152 determinata.

350 3191 536 3273 Quod
583 3192 821 3273 spectat
868 3190 945 3254 ad
992 3192 1075 3254 3¹¹¹
1124 3207 1397 3265 causam,
1437 3207 1594 3269 quae
1642 3189 1736 3252 est
1783 3187 2160 3269 imperfectio
2190 3193 2386 3265 actus,
2422 3190 2532 3255 ait.
2559 3210 2608 3255 S.
2634 3190 2819 3275 Alph.

348 3315 408 3359 n.
444 3296 644 3358 '253.:
705 3318 740 3351 «
797 3291 1060 3356 Etiamsi
1111 3292 1274 3356 absit
1322 3291 1663 3375 periculum
1713 3292 2221 3373 transgressionis
2268 3294 2332 3356 et
2391 3311 2620 3377 magna
2666 3294 2822 3358 diffi-

356 3398 569 3462 cultas
616 3396 679 3459 in
727 3395 1132 3470 exsecutione,
1198 3394 1431 3457 sufficit
1476 3413 1585 3476 pro
1634 3412 1842 3471 causa,
1905 3391 2069 3474 quod
2115 3395 2334 3456 votum
2381 3394 2676 3459 emissum
2739 3396 2824 3462 sit

350 3500 715 3575 immature,
766 3497 895 3561 scil.
930 3515 1070 3561 cum
1116 3496 1310 3559 nimia
1356 3495 1678 3573 facilitate,
1712 3497 1811 3559 vel
1849 3514 1920 3559 ex
1966 3494 2323 3577 imperfecta
2359 3495 2819 3576 deliberatione,

352 3603 456 3669 vel
506 3601 637 3666 sine
685 3600 952 3683 perfecta
999 3599 1308 3663 libertate.
1359 3597 1451 3662 Ob
1489 3599 1647 3661 hanc
1691 3598 1998 3664 rationem
2052 3599 2201 3663 vota
2254 3598 2645 3680 impuberum
2692 3600 2823 3665 sine

347 3705 475 3769 alia
529 3721 717 3767 causa
766 3703 1028 3784 possunt
1090 3701 1373 3765 absolute
1444 3698 1784 3781 dispensari
1839 3702 1968 3766 sine
2035 3701 2246 3784 aliqua
2282 3702 2818 3787 {commutatione

358 3806 537 3870 Idem
584 3802 908 3868 dicendum
956 3806 1070 3881 est,
1105 3803 1158 3867 si
1206 3806 1423 3867 votum
1462 3801 1758 3866 emissum
1790 3801 1875 3865 sit
1907 3805 1983 3868 ob
2013 3806 2254 3869 metum
2285 3803 2473 3869 levem
2503 3805 2822 3871 incussum

351 3909 432 3971 ab
482 3907 821 3972 extrinseco
870 3905 1049 3988 (dicit
1095 3904 1285 3969 levem
1305 3926 1326 3982 ,·
1358 3904 1505 3987 quia
1530 3904 1583 3968 si
1629 3904 1791 3967 esset
1819 3907 2054 3984 ,qv-avis,
2090 3911 2309 3973 votum
2344 3908 2503 3973 foret
2527 3909 2817 3994 nullum).

353 4011 551 4087 Idem,
587 4011 833 4093 quando
880 4012 1236 4095 imperfecta
1283 4010 1644 4076 deliberatio
1680 4012 1792 4074 aut
1823 4009 2076 4076 libertas
2114 4014 2178 4077 in
2218 4014 2492 4080 vovendo
2524 4017 2822 4097 processit

343 4134 417 4178 ex
470 4114 754 4192 tristitia,
783 4114 911 4178 sive
968 4113 1080 4191 ira,
1109 4115 1238 4178 sive
1260 4116 1436 4178 metu
1466 4113 1798 4177 intrinseco
1824 4112 2153 4198 naufragii,
2186 4118 2409 4182 mortis
2441 4118 2538 4182 vel
2563 4117 2818 4181 alterius

345 4217 540 4292 mali;
593 4217 939 4297 quia-tunc
984 4219 1134 4280 vota
1179 4217 1512 4280 immature
1559 4216 1693 4280 fieri
1739 4215 1941 4280 solent
1987 4215 2050 4279 et
2094 4215 2230 4282 ideo
2279 4223 2541 4300 possunt
2585 4219 2820 4303 dispen-

346 4318 482 4383 sari
532 4319 662 4382 sine
694 4317 1200 4383 commutatione.
1251 4316 1315 4381 Si
1348 4320 1559 4381 autem
1592 4319 1923 4396 constaret,
1964 4320 2113 4382 tunc
2143 4322 2456 4386 maturam
2495 4323 2684 4388 fuisse
2716 4322 2822 4387 de-

346 4420 809 4497 liberationem,
832 4418 1274 4502 dispensationi
1300 4418 1712 4485 admisceatur
1743 4421 1955 4502 aliqua
1973 4423 2382 4486 commutatio
2401 4449 2416 4499 3
2445 4426 2607 4490 sicut
2630 4426 2820 4490 etiam

343 4521 489 4586 fieri
540 4521 737 4599 debet,
773 4521 824 4585 si
857 4524 1058 4586 cessat
1103 4538 1291 4584 causa
1339 4521 1671 4599 impulsiva
1716 4522 1849 4586 voti
1897 4547 1932 4580 »
1985 4522 2347 4605 (impulsiva
2378 4530 2472 4590 est
2509 4545 2667 4609 quae
2716 4548 2822 4612 per

347 4643 416 4687 se
470 4640 595 4686 non
643 4623 921 4706 sufficit).
971 4623 1142 4687 Haec
1172 4640 1221 4686 s.
1255 4621 1627 4704 AlphonsuS.
