3497 5147
344 386 451 462 [71]
564 400 647 441 AN
685 398 1045 447 AanAnno
1080 397 1303 440 monn
1339 400 1642 442 nxmums
1678 400 1876 440 mmm
1914 401 2126 441 vunan
2164 401 2423 441 rimans:
2461 401 2591 442 mo.
2738 385 2809 442 47

343 498 641 581 disputet,
676 497 976 578 tanquam
999 496 1073 561 de
1097 495 1215 560 fide
1237 495 1530 560 dubitans
1555 499 1619 561 et
1642 497 1971 562 veritatem
2007 498 2150 562 fidei
2180 518 2291 581 pro
2323 499 2489 564 certo
2524 518 2645 563 non
2670 518 2810 582 sup-

344 619 594 684 ponenS,
622 598 728 663 sed
753 599 1137 683 argumentis
1162 599 1419 682 experiri
1444 598 1784 675 intendens,
1812 600 2028 681 procul
2044 600 2231 664 dubio
2265 604 2477 683 peccat
2507 604 2807 683 tanquam

340 702 570 766 dubius
602 702 666 765 in
698 699 816 764 fide
840 701 905 764 et
925 699 1190 765 infidelis
1222 726 1257 759 »
1282 700 1374 764 ait
1404 719 1452 765 s.
1479 701 1752 765 Thomas
1778 703 1838 764 2.
1882 703 1941 763 2.
1969 721 2027 782 q.
2059 703 2161 765 10.
2190 720 2245 765 a.
2271 703 2328 766 7.
2355 703 2440 767 At
2464 703 2805 786 disputatio

343 804 640 868 instituta
674 801 752 867 ad
784 802 1303 867 manifestandam
1342 806 1405 868 et
1437 803 1926 886 persuadendam
1950 805 2279 868 veritatem
2303 804 2444 870 fidei
2470 808 2564 870 est
2601 825 2706 888 per
2742 825 2806 871 se

344 907 522 970 actus
554 905 853 969 honestus
885 907 947 968 et
977 904 1206 981 licitae,
1249 903 1581 969 dummodo
1615 904 1858 969 debitae
1889 905 2394 969 circumstantiae
2424 925 2546 971 non
2584 907 2804 972 desint.

342 1008 508 1072 Nam
537 1009 602 1071 et
633 1005 985 1089 Stephanus
1017 1025 1161 1071 cum
1197 1007 1482 1090 pluribus
1515 1006 1817 1072 Iudaismi
1855 1007 2103 1072 asseclis
2136 1006 2496 1090 disputabat
2528 1008 2664 1072 Act.
2693 1009 2802 1073 VI.

342 1114 404 1175 9.
468 1111 569 1174 10.
625 1110 862 1174 Paulus
902 1127 1148 1192 quoque
1194 1129 1333 1173 cum
1382 1110 1743 1175 Hellenistis
1797 1110 1936 1175 Act.
1987 1110 2097 1173 IX.
2155 1111 2260 1174 29.
2318 1113 2505 1193 atque
2562 1112 2807 1177 Iudaeis

340 1212 489 1279 ibid.
525 1213 629 1276 24.
665 1213 848 1289 Item,
885 1213 1136 1277 auctore
1182 1213 1396 1278 eodem
1450 1213 1755 1295 Apostolo
1812 1212 1889 1276 ad
1935 1212 2061 1277 Tit.
2098 1214 2145 1276 Ι.
2198 1214 2258 1277 9.
2308 1212 2648 1297 Episcopus
2681 1234 2807 1279 am-

342 1315 526 1399 plecti
550 1314 732 1380 debet
762 1314 1005 1380 fidelem
1034 1334 1397 1393 sermonem,
1431 1318 1504 1377 ut
1517 1318 1745 1395 potens
1776 1316 1865 1379 sit
1891 1314 2217 1379 eoehortari
2245 1316 2316 1379 in
2340 1315 2624 1381 doctrina
2648 1338 2808 1382 sana

341 1423 403 1482 et
444 1438 564 1495 eoa,
613 1419 726 1499 qui
770 1416 1228 1492 contradicunt,
1267 1437 1551 1500 arquere,
1593 1418 1759 1501 quod
1790 1419 2087 1483 ultimum
2126 1420 2356 1501 absque
2389 1418 2808 1501 disputatione

343 1521 443 1584 vix
475 1520 607 1585 fieri
638 1522 866 1604 potest.
901 1520 983 1583 Et
1016 1520 1237 1585 Petrus
1276 1521 1333 1584 1.
1368 1521 1547 1603 epist.
1582 1521 1698 1584 111.
1740 1522 1841 1584 15.
1878 1521 2018 1585 vult
2048 1521 2256 1586 fideles
2291 1524 2542 1604 paratos
2569 1541 2698 1585 esse
2733 1521 2808 1586 ad

342 1622 833 1688 satisfactionem
871 1619 1022 1698 πρὸς
1066 1619 1411 1700 ἀπολογίαν
1442 1624 1613 1686 omni
1626 1625 1916 1703 poscenti
1950 1642 2053 1688 eos
2085 1625 2392 1687 rationem
2423 1622 2497 1686 de
2529 1643 2621 1696 ea,
2655 1644 2811 1705 quae

346 1726 416 1788 in
462 1725 618 1805 iliszls
670 1728 781 1797 est,
829 1744 976 1804 spe.-
1037 1723 1306 1788 defensio
1358 1728 1587 1803 autem,
1637 1743 1797 1807 quae
1850 1726 1924 1789 fit
1971 1725 2137 1808 apud
2182 1745 2305 1803 eoa,
2350 1726 2458 1808 qui
2506 1726 2810 1790 rationem

348 1828 435 1892 rei
482 1829 835 1911 exposcunt,
869 1827 998 1891 iam
1028 1828 1124 1891 est
1161 1826 1509 1909 disputatio
1540 1827 1866 1910 quaedam.

442 1930 523 1993 Et
568 1949 714 1994 sane
741 1929 1078 1993 vindicatio
1113 1929 1177 1992 et
1231 1930 1550 2011 persuasio
1587 1930 1835 2013 publica
1873 1931 2178 2009 veritatiS,
2213 1931 2553 1997 confutatis
2602 1933 2813 1997 adver-

347 2034 530 2100 sariis
562 2037 624 2099 et
671 2054 871 2099 errore
904 2033 1257 2118 profligatO,
1294 2036 1389 2097 est
1422 2035 1597 2098 actus
1644 2035 2118 2099 honestissimus
2152 2035 2281 2099 sive
2314 2055 2384 2099 ex
2411 2036 2649 2102 obiecto
2685 2036 2814 2101 sive

344 2157 415 2201 ex
462 2137 601 2200 fine.
665 2134 783 2200 Sed
829 2134 1130 2218 quasdam
1179 2134 1390 2200 adesse
1439 2138 1684 2219 oporte-t
1730 2137 2250 2203 circumstantias.
2314 2138 2632 2217 Quaedam
2679 2139 2813 2222 ipso

342 2242 608 2304 naturae
656 2239 789 2303 iure
836 2239 1189 2323 exiguntur.
1242 2239 1440 2303 Debet
1483 2238 1719 2303 scilicet
1763 2239 1960 2303 fidelis
2008 2240 2361 2323 disputator
2423 2261 2553 2306 esse
2591 2242 2815 2321 firmus

344 2344 415 2405 in
463 2340 607 2423 sicle,
650 2360 726 2405 119
773 2341 1047 2425 periculo
1086 2359 1149 2405 se
1188 2342 1441 2406 obiiciat
1476 2341 1877 2426 naufragium
1923 2342 1986 2404 in
2035 2341 2151 2405 fide
2182 2340 2446 2407 faciendi
2479 2346 2542 2407 et
2579 2343 2812 2421 docitur,

345 2444 730 2509 sufficienter
767 2444 1015 2520 saltem,
1064 2443 1279 2508 habita
1324 2444 1566 2508 ratione
1598 2443 2094 2508 adversariorum
2143 2444 2206 2507 et
2239 2443 2616 2508 auditorum.
2652 2446 2815 2509 Tum

342 2567 587 2614 necesse
625 2548 721 2613 est
752 2548 826 2611 ut
856 2545 1102 2626 fructus
1138 2566 1208 2612 ex
1241 2547 1661 2631 disputatione
1692 2547 1912 2611 merito
1950 2549 2234 2627 speretur
2264 2545 2488 2612 saltem
2517 2547 2692 2627 apud
2709 2568 2818 2612 au-

345 2652 595 2728 ditores,
628 2654 703 2716 ut
734 2651 962 2716 idcirco
994 2651 1338 2734 disputa-tio
1385 2650 1725 2716 redundare
1773 2652 1972 2734 possit
2016 2652 2080 2716 in
2127 2652 2423 2716 honorem
2470 2651 2815 2736 Religionis

345 2756 412 2818 et
443 2755 742 2820 veritatis.
779 2753 967 2819 Secus
1003 2754 1165 2819 enim
1205 2754 1367 2818 actio
1394 2755 1617 2818 saltem
1649 2754 1767 2817 erit
1791 2753 2052 2830 inutilia,
2097 2752 2201 2817 sed
2240 2754 2431 2817 etiarn
2461 2753 2816 2836 frequenter

346 2856 717 2940 periculosa:
769 2855 844 2920 cf.
879 2876 929 2920 S.
982 2856 1202 2921 Thom.
1237 2856 1280 2920 l.
1315 2874 1366 2919 c.
1409 2854 1633 2920 Suarez
1673 2855 1748 2919 de
1781 2855 1942 2919 Fide
1990 2856 2144 2938 disp.
2195 2856 2301 2919 20.
2338 2859 2485 2920 sect.
2525 2858 2581 2920 1.
2634 2857 2811 2942 Lugo

343 2959 418 3022 cle
467 2958 627 3022 Fide
666 2958 820 3042 disp.
864 2960 968 3022 22.
1003 2961 1150 3022 sect.
1188 2960 1247 3021 5.

432 3062 577 3126 Iure
604 3063 814 3126 autem
841 3061 1108 3144 positivo
1142 3059 1414 3125 conditio
1447 3061 1823 3144 postulatur,
1858 3079 1934 3124 119
1966 3060 2321 3143 disputator
2357 3062 2440 3126 sit
2472 3061 2698 3125 laicus:
2727 3061 2815 3126 sic

344 3165 402 3248 g.
443 3166 500 3227 1.
541 3183 594 3228 c.
632 3165 690 3227 2.
725 3163 800 3227 de
837 3162 1197 3227 Haereticis
1225 3164 1290 3227 in
1324 3163 1383 3227 6.
1433 3188 1467 3220 «
1499 3164 1856 3228 Inhibemus
1893 3182 2140 3246 quoque
2176 3184 2252 3229 ne
2298 3166 2589 3247 cuiquam
2620 3166 2814 3231 laicae

342 3284 643 3350 personae
696 3265 881 3330 liceat
939 3265 1183 3349 publice
1238 3266 1336 3329 vel
1391 3266 1685 3348 privatim
1718 3266 1792 3330 de
1829 3265 1948 3330 fide
1980 3266 2286 3330 catholica
2319 3266 2654 3349 disputare.
2691 3266 2812 3346 Qui

345 3388 489 3433 vero
522 3369 743 3432 contra
773 3367 1007 3444 fecerit,
1036 3368 1687 3433 excommunicationis
1719 3370 1941 3451 laqueo
1975 3369 2306 3434 innodetur
2343 3395 2403 3432 ».

432 3472 660 3552 Itaque
706 3469 961 3547 clericis,
1002 3489 1144 3534 cum
1175 3470 1418 3536 debitae
1457 3471 1959 3536 circumstantiae
1995 3491 2116 3536 non
2153 3471 2395 3547 desunt,
2431 3472 2695 3553 utraque
2727 3471 2814 3536 di-

346 3573 649 3657 sputatio,
678 3574 814 3635 tum
847 3573 1115 3656 publica,
1157 3575 1294 3638 tum
1318 3575 1584 3657 privata,
1619 3575 1917 3657 permissa
1944 3577 2038 3639 est
2070 3574 2203 3638 iure
2227 3575 2490 3637 naturae
2514 3576 2578 3637 et
2608 3574 2816 3638 Eccle-

343 3677 631 3748 siastico;
680 3676 965 3756 utraque,
1017 3675 1132 3740 sub
1180 3694 1375 3759 poena
1423 3676 2075 3742 excommunicationis
2122 3675 2404 3740 ferendae
2451 3676 2811 3755 sententiae,

347 3781 537 3844 vetita
587 3782 683 3843 est
728 3779 905 3843 laicis
953 3779 1085 3845 iure
1134 3780 1586 3860 Ecclesiastico,
1637 3781 1714 3847 ob
1763 3783 2030 3865 plurima
2077 3782 2490 3857 incommoda,
2525 3801 2683 3865 quae
2730 3782 2817 3848 fa·

346 3881 461 3946 cile
509 3882 837 3947 orirentur.
889 3881 1105 3965 Neque
1152 3883 1517 3949 adversatur
1560 3886 1710 3948 haec
1739 3886 1838 3950 lex
1870 3885 2068 3949 verbis
2101 3885 2274 3950 Petri
2321 3905 2456 3970 sup.
2509 3887 2615 3950 cit.
2668 3906 2813 3951 nam

352 3985 416 4047 1⁰
453 3984 704 4048 reddere
736 4003 845 4067 per
883 4004 945 4050 se
992 3983 1384 4050 Christianus
1432 3990 1637 4069 potest
1668 3989 1976 4053 rationem
2009 4006 2158 4052 suae
2191 3989 2322 4072 spei
2361 3991 2423 4053 et
2468 3988 2631 4066 fidei,
2666 3989 2814 4070 quin

348 4105 561 4170 reapse
609 4086 919 4169 disputet:
962 4087 1033 4151 2ο
1068 4105 1138 4153 ea
1188 4089 1576 4171 praeparatio
1626 4091 1817 4154 animi
1865 4109 1986 4155 non
2036 4091 2307 4155 excludit
2352 4091 2624 4155 debitam
2672 4090 2818 4155 sub·

350 4189 802 4254 ordinationem
849 4189 1167 4274 legitimae
1216 4191 1599 4269 auctoritati,
1636 4194 1707 4256 ut
1738 4194 1968 4275 absque
2002 4195 2133 4258 eius
2164 4213 2464 4258 consensu
2497 4193 2575 4257 ad
2606 4196 2817 4258 actum

348 4310 468 4355 non
502 4291 731 4355 veniat.
768 4289 940 4371 Quae
964 4293 1173 4357 tamen
1202 4293 1300 4358 lex
1326 4294 1602 4379 obligare
1625 4296 1870 4372 desinit,
1898 4298 2185 4360 monente
2210 4295 2436 4360 Suarez
2461 4295 2503 4358 l.
2532 4314 2582 4359 c.
2625 4315 2678 4360 a.
2713 4296 2814 4360 11.

355 4419 389 4452 ‹
420 4394 474 4458 si
498 4394 833 4459 necessitas
884 4397 1135 4480 urgeat:
1169 4397 1315 4474 imo,
1352 4398 1557 4482 pergit
1588 4398 1735 4480 ipse,
1771 4399 1887 4463 hoc
1911 4397 2099 4462 multi
2124 4398 2461 4463 extendunt
2494 4399 2569 4462 ad
2603 4417 2816 4462 casum

345 4515 611 4580 magnae
660 4495 995 4574 utilitatis3
1031 4498 1177 4580 quia
1225 4498 1373 4563 haec
1422 4502 1516 4564 est
1562 4500 1865 4582 quaedam
1925 4500 2180 4565 moralis
2228 4500 2561 4564 necessitas
2611 4501 2674 4563 et
2720 4497 2818 4559 be-

348 4598 533 4682 nigna
583 4596 742 4682 legis
789 4599 1220 4682 interpretatio
1268 4602 1455 4680 favet,
1489 4622 1647 4683 quae
1693 4603 1938 4667 fundari
1971 4604 2177 4686 potest
2209 4605 2272 4668 in
2298 4602 2621 4685 principio,
2656 4595 2824 4680 quod
