<?xml version="1.0" encoding="UTF-8"?>
<!DOCTYPE html PUBLIC "-//W3C//DTD XHTML 1.0 Transitional//EN"
    "http://www.w3.org/TR/xhtml1/DTD/xhtml1-transitional.dtd">
<html xmlns="http://www.w3.org/1999/xhtml" xml:lang="en" lang="en">
 <head>
  <title>
</title>
<meta http-equiv="Content-Type" content="text/html;charset=utf-8" />
  <meta name='ocr-system' content='tesseract 3.04.00' />
  <meta name='ocr-capabilities' content='ocr_page ocr_carea ocr_par ocr_line ocrx_word'/>
</head>
<body>
  <div class='ocr_page' id='page_1' title='image "./opustheologicum00ballgoog/opustheologicum00ballgoog_0611.png"; bbox 0 0 3497 5147; ppageno 0'>
   <div class='ocr_carea' id='block_1_1' title="bbox 658 324 3122 404">
    <p class='ocr_par' dir='ltr' id='par_1_1' title="bbox 658 324 3122 404">
     <span class='ocr_line' id='line_1_1' title="bbox 658 324 3122 404; baseline 0.002 -23"><span class='ocrx_word' id='word_1_1' title='bbox 658 324 771 381; x_wconf 81' lang='lat'><strong>604</strong></span> <span class='ocrx_word' id='word_1_2' title='bbox 982 341 1196 383; x_wconf 60' lang='lat' dir='ltr'><strong>maor.</strong></span> <span class='ocrx_word' id='word_1_3' title='bbox 1218 344 1297 385; x_wconf 84' lang='lat' dir='ltr'><strong>vr.</strong></span> <span class='ocrx_word' id='word_1_4' title='bbox 1323 341 1485 386; x_wconf 70' lang='lat' dir='ltr'><strong>snc&#39;r.</strong></span> <span class='ocrx_word' id='word_1_5' title='bbox 1507 345 1587 387; x_wconf 70' lang='grc' dir='ltr'><strong>ιν.</strong></span> <span class='ocrx_word' id='word_1_6' title='bbox 1619 345 1703 384; x_wconf 78' lang='lat' dir='ltr'><strong>m:</strong></span> <span class='ocrx_word' id='word_1_7' title='bbox 1722 344 1967 392; x_wconf 59' lang='lat' dir='ltr'><strong>Quanto</strong></span> <span class='ocrx_word' id='word_1_8' title='bbox 1987 343 2205 388; x_wconf 62' lang='lat' dir='ltr'><strong>Panno·</strong></span> <span class='ocrx_word' id='word_1_9' title='bbox 2225 343 2554 386; x_wconf 67' lang='lat' dir='ltr'><strong>nmanoor.</strong></span> <span class='ocrx_word' id='word_1_10' title='bbox 2581 344 2722 385; x_wconf 78' lang='lat' dir='ltr'><strong>nun.</strong></span> <span class='ocrx_word' id='word_1_11' title='bbox 2755 346 2793 385; x_wconf 93' lang='lat'><strong>1.</strong></span> <span class='ocrx_word' id='word_1_12' title='bbox 2972 328 3122 404; x_wconf 74' lang='lat'>[821]</span> 
     </span>
    </p>
   </div>
   <div class='ocr_carea' id='block_1_2' title="bbox 662 438 3124 678">
    <p class='ocr_par' dir='ltr' id='par_1_2' title="bbox 662 438 3124 678">
     <span class='ocr_line' id='line_1_2' title="bbox 664 438 3121 505; baseline 0.001 -14"><span class='ocrx_word' id='word_1_13' title='bbox 664 442 824 491; x_wconf 79' lang='lat' dir='ltr'><strong>tamen</strong></span> <span class='ocrx_word' id='word_1_14' title='bbox 862 444 1025 503; x_wconf 75' lang='lat' dir='ltr'><strong>potest</strong></span> <span class='ocrx_word' id='word_1_15' title='bbox 1061 438 1348 492; x_wconf 82' lang='lat' dir='ltr'><strong>exheredari</strong></span> <span class='ocrx_word' id='word_1_16' title='bbox 1384 439 1595 493; x_wconf 80' lang='lat' dir='ltr'><strong>idcireo:</strong></span> <span class='ocrx_word' id='word_1_17' title='bbox 1632 443 1682 495; x_wconf 87' lang='grc'><strong>3.</strong></span> <span class='ocrx_word' id='word_1_18' title='bbox 1721 439 1765 493; x_wconf 87' lang='lat' dir='ltr'><strong>si</strong></span> <span class='ocrx_word' id='word_1_19' title='bbox 1801 439 1908 493; x_wconf 87' lang='lat' dir='ltr'><strong>sine</strong></span> <span class='ocrx_word' id='word_1_20' title='bbox 1940 439 2070 494; x_wconf 78' lang='lat' dir='ltr'><strong>iusta</strong></span> <span class='ocrx_word' id='word_1_21' title='bbox 2106 453 2253 494; x_wconf 81' lang='lat' dir='ltr'><strong>causa</strong></span> <span class='ocrx_word' id='word_1_22' title='bbox 2292 438 2414 492; x_wconf 79' lang='lat' dir='ltr'><strong>nolit</strong></span> <span class='ocrx_word' id='word_1_23' title='bbox 2451 453 2558 493; x_wconf 77' lang='lat' dir='ltr'><strong>eam</strong></span> <span class='ocrx_word' id='word_1_24' title='bbox 2596 440 2795 505; x_wconf 80' lang='lat' dir='ltr'><strong>ducere,</strong></span> <span class='ocrx_word' id='word_1_25' title='bbox 2831 453 2980 504; x_wconf 82' lang='lat' dir='ltr'><strong>quam</strong></span> <span class='ocrx_word' id='word_1_26' title='bbox 3016 441 3121 493; x_wconf 83' lang='lat' dir='ltr'><strong>vult</strong></span> 
     </span>
     <span class='ocr_line' id='line_1_3' title="bbox 662 521 3122 592; baseline 0.002 -20"><span class='ocrx_word' id='word_1_27' title='bbox 662 535 853 586; x_wconf 69' lang='lat' dir='ltr'><strong>parem,</strong></span> <span class='ocrx_word' id='word_1_28' title='bbox 878 521 1088 575; x_wconf 86' lang='lat' dir='ltr'><strong>maxime</strong></span> <span class='ocrx_word' id='word_1_29' title='bbox 1126 522 1168 575; x_wconf 86' lang='lat' dir='ltr'><strong>si</strong></span> <span class='ocrx_word' id='word_1_30' title='bbox 1202 523 1316 577; x_wconf 91' lang='lat' dir='ltr'><strong>inde</strong></span> <span class='ocrx_word' id='word_1_31' title='bbox 1354 524 1636 592; x_wconf 80' lang='lat' dir='ltr'><strong>sopirentur</strong></span> <span class='ocrx_word' id='word_1_32' title='bbox 1662 524 1774 578; x_wconf 87' lang='lat' dir='ltr'><strong>odia</strong></span> <span class='ocrx_word' id='word_1_33' title='bbox 1813 531 1899 577; x_wconf 79' lang='lat' dir='ltr'><strong>aut</strong></span> <span class='ocrx_word' id='word_1_34' title='bbox 1934 531 2191 591; x_wconf 79' lang='lat' dir='ltr'><strong>parentum</strong></span> <span class='ocrx_word' id='word_1_35' title='bbox 2228 522 2494 577; x_wconf 81' lang='lat' dir='ltr'><strong>necessitas</strong></span> <span class='ocrx_word' id='word_1_36' title='bbox 2531 523 2815 577; x_wconf 79' lang='lat' dir='ltr'><strong>levaretur:</strong></span> <span class='ocrx_word' id='word_1_37' title='bbox 2843 521 2935 576; x_wconf 85' lang='lat' dir='ltr'><strong>erit</strong></span> <span class='ocrx_word' id='word_1_38' title='bbox 2963 529 3122 576; x_wconf 77' lang='lat' dir='ltr'><strong>antem</strong></span> 
     </span>
     <span class='ocr_line' id='line_1_4' title="bbox 662 603 3124 678; baseline 0.001 -21"><span class='ocrx_word' id='word_1_39' title='bbox 662 603 789 658; x_wconf 83' lang='lat' dir='ltr'><strong>iusta</strong></span> <span class='ocrx_word' id='word_1_40' title='bbox 816 621 978 671; x_wconf 84' lang='lat' dir='ltr'><strong>cansa,</strong></span> <span class='ocrx_word' id='word_1_41' title='bbox 1006 621 1055 661; x_wconf 87' lang='lat' dir='ltr'><strong>v.</strong></span> <span class='ocrx_word' id='word_1_42' title='bbox 1082 623 1156 672; x_wconf 81' lang='lat' dir='ltr'><strong>gr.</strong></span> <span class='ocrx_word' id='word_1_43' title='bbox 1183 609 1226 662; x_wconf 88' lang='lat' dir='ltr'><strong>si</strong></span> <span class='ocrx_word' id='word_1_44' title='bbox 1252 609 1315 664; x_wconf 83' lang='lat' dir='ltr'><strong>sit</strong></span> <span class='ocrx_word' id='word_1_45' title='bbox 1350 608 1508 678; x_wconf 81' lang='lat' dir='ltr'>impar</span> <span class='ocrx_word' id='word_1_46' title='bbox 1549 610 1745 673; x_wconf 74' lang='lat' dir='ltr'><strong>familia,</strong></span> <span class='ocrx_word' id='word_1_47' title='bbox 1773 610 1814 662; x_wconf 89' lang='lat' dir='ltr'><strong>si</strong></span> <span class='ocrx_word' id='word_1_48' title='bbox 1840 609 2052 672; x_wconf 75' lang='lat' dir='ltr'><strong>infirma,</strong></span> <span class='ocrx_word' id='word_1_49' title='bbox 2078 608 2326 674; x_wconf 75' lang='lat' dir='ltr'><strong>deformiS,</strong></span> <span class='ocrx_word' id='word_1_50' title='bbox 2354 612 2483 661; x_wconf 68' lang='lat' dir='ltr'><strong>fatua</strong></span> <span class='ocrx_word' id='word_1_51' title='bbox 2516 611 2593 662; x_wconf 89' lang='lat' dir='ltr'><strong>vel</strong></span> <span class='ocrx_word' id='word_1_52' title='bbox 2627 607 2964 672; x_wconf 78' lang='lat' dir='ltr'><strong>immorigera:</strong></span> <span class='ocrx_word' id='word_1_53' title='bbox 2994 609 3044 660; x_wconf 99' lang='grc'><strong>4.</strong></span> <span class='ocrx_word' id='word_1_54' title='bbox 3065 608 3124 668; x_wconf 88' lang='lat' dir='ltr'><strong>si,</strong></span> 
     </span>
    </p>
   </div>
   <div class='ocr_carea' id='block_1_3' title="bbox 657 776 3123 1087">
    <p class='ocr_par' dir='ltr' id='par_1_3' title="bbox 657 776 3123 1087">
     <span class='ocr_line' id='line_1_5' title="bbox 663 776 3118 845; baseline 0.001 -17"><span class='ocrx_word' id='word_1_55' title='bbox 663 777 934 840; x_wconf 79' lang='lat' dir='ltr'><strong>prudenter</strong></span> <span class='ocrx_word' id='word_1_56' title='bbox 958 783 1252 833; x_wconf 75' lang='lat' dir='ltr'>contrahere</span> <span class='ocrx_word' id='word_1_57' title='bbox 1276 794 1386 835; x_wconf 86' lang='lat' dir='ltr'><strong>cum</strong></span> <span class='ocrx_word' id='word_1_58' title='bbox 1414 795 1468 834; x_wconf 89' lang='lat' dir='ltr'><strong>se</strong></span> <span class='ocrx_word' id='word_1_59' title='bbox 1495 780 1669 845; x_wconf 60' lang='lat' dir='ltr'><strong>dignm</strong></span> <span class='ocrx_word' id='word_1_60' title='bbox 1696 794 1808 833; x_wconf 82' lang='lat' dir='ltr'><strong>curn</strong></span> <span class='ocrx_word' id='word_1_61' title='bbox 1836 793 1966 833; x_wconf 74' lang='lat' dir='ltr'><strong>eirca</strong></span> <span class='ocrx_word' id='word_1_62' title='bbox 1995 777 2285 832; x_wconf 78' lang='lat' dir='ltr'><strong>electionem</strong></span> <span class='ocrx_word' id='word_1_63' title='bbox 2310 785 2468 832; x_wconf 71' lang='lat' dir='ltr'><strong>status</strong></span> <span class='ocrx_word' id='word_1_64' title='bbox 2492 777 2559 831; x_wconf 77' lang='lat' dir='ltr'><strong>sit</strong></span> <span class='ocrx_word' id='word_1_65' title='bbox 2583 776 2661 831; x_wconf 87' lang='lat' dir='ltr'><strong>sui</strong></span> <span class='ocrx_word' id='word_1_66' title='bbox 2684 776 2825 831; x_wconf 79' lang='lat' dir='ltr'><strong>iuris.</strong></span> <span class='ocrx_word' id='word_1_67' title='bbox 2853 780 2989 831; x_wconf 69' lang='lat' dir='ltr'><strong>Lens.</strong></span> <span class='ocrx_word' id='word_1_68' title='bbox 3016 780 3051 830; x_wconf 91' lang='grc' dir='ltr'><strong>Ι.</strong></span> <span class='ocrx_word' id='word_1_69' title='bbox 3071 780 3118 830; x_wconf 75' lang='lat'><strong>2.</strong></span> 
     </span>
     <span class='ocr_line' id='line_1_6' title="bbox 659 859 3122 930; baseline 0.002 -19"><span class='ocrx_word' id='word_1_70' title='bbox 659 872 703 911; x_wconf 88' lang='lat' dir='ltr'><strong>c.</strong></span> <span class='ocrx_word' id='word_1_71' title='bbox 734 859 816 913; x_wconf 82' lang='grc'><strong>40.</strong></span> <span class='ocrx_word' id='word_1_72' title='bbox 844 876 975 916; x_wconf 87' lang='lat' dir='ltr'><strong>num.</strong></span> <span class='ocrx_word' id='word_1_73' title='bbox 1004 863 1088 916; x_wconf 86' lang='grc'><strong>43.</strong></span> <span class='ocrx_word' id='word_1_74' title='bbox 1113 865 1289 918; x_wconf 84' lang='lat' dir='ltr'><strong>Sanch.</strong></span> <span class='ocrx_word' id='word_1_75' title='bbox 1316 866 1350 918; x_wconf 88' lang='grc' dir='ltr'><strong>Ι.</strong></span> <span class='ocrx_word' id='word_1_76' title='bbox 1379 866 1428 918; x_wconf 92' lang='grc'><strong>4.</strong></span> <span class='ocrx_word' id='word_1_77' title='bbox 1455 879 1498 918; x_wconf 82' lang='grc'><strong>9.</strong></span> <span class='ocrx_word' id='word_1_78' title='bbox 1528 866 1613 920; x_wconf 83' lang='grc'><strong>15.</strong></span> <span class='ocrx_word' id='word_1_79' title='bbox 1639 864 1750 919; x_wconf 81' lang='lat' dir='ltr'><strong>Fin.</strong></span> <span class='ocrx_word' id='word_1_80' title='bbox 1777 867 1810 918; x_wconf 88' lang='grc' dir='ltr'><strong>Ι.</strong></span> <span class='ocrx_word' id='word_1_81' title='bbox 1837 879 1880 918; x_wconf 88' lang='lat' dir='ltr'><strong>c.</strong></span> <span class='ocrx_word' id='word_1_82' title='bbox 1909 867 1985 917; x_wconf 77' lang='lat' dir='ltr'><strong>An</strong></span> <span class='ocrx_word' id='word_1_83' title='bbox 2024 870 2073 917; x_wconf 76' lang='grc'><strong>91</strong></span> <span class='ocrx_word' id='word_1_84' title='bbox 2108 864 2359 930; x_wconf 86' lang='lat' dir='ltr'><strong>quomodo</strong></span> <span class='ocrx_word' id='word_1_85' title='bbox 2396 868 2600 930; x_wconf 80' lang='lat' dir='ltr'><strong>peccent</strong></span> <span class='ocrx_word' id='word_1_86' title='bbox 2637 860 2782 917; x_wconf 82' lang='lat' dir='ltr'><strong>liberi</strong></span> <span class='ocrx_word' id='word_1_87' title='bbox 2808 864 3013 916; x_wconf 71' lang='lat' dir='ltr'><strong>iurando</strong></span> <span class='ocrx_word' id='word_1_88' title='bbox 3038 877 3122 929; x_wconf 80' lang='lat' dir='ltr'><strong>pn·</strong></span> 
     </span>
     <span class='ocr_line' id='line_1_7' title="bbox 657 944 3123 1015; baseline 0.002 -19"><span class='ocrx_word' id='word_1_89' title='bbox 657 944 895 1012; x_wconf 80' lang='lat' dir='ltr'><strong>rentibus,</strong></span> <span class='ocrx_word' id='word_1_90' title='bbox 925 946 1024 1000; x_wconf 86' lang='lat' dir='ltr'><strong>vid.</strong></span> <span class='ocrx_word' id='word_1_91' title='bbox 1053 947 1178 1001; x_wconf 74' lang='lat' dir='ltr'><strong>infra</strong></span> <span class='ocrx_word' id='word_1_92' title='bbox 1204 948 1270 1003; x_wconf 81' lang='lat' dir='ltr'><strong>dc</strong></span> <span class='ocrx_word' id='word_1_93' title='bbox 1288 949 1345 1001; x_wconf 88' lang='lat'><strong>7⁰</strong></span> <span class='ocrx_word' id='word_1_94' title='bbox 1384 951 1574 1004; x_wconf 77' lang='lat' dir='ltr'><strong>Praec.</strong></span> <span class='ocrx_word' id='word_1_95' title='bbox 1599 964 1640 1003; x_wconf 84' lang='lat' dir='ltr'><strong>c.</strong></span> <span class='ocrx_word' id='word_1_96' title='bbox 1668 952 1717 1002; x_wconf 87' lang='grc'><strong>1.</strong></span> <span class='ocrx_word' id='word_1_97' title='bbox 1742 951 1798 1003; x_wconf 86' lang='grc'><strong>(1.</strong></span> <span class='ocrx_word' id='word_1_98' title='bbox 1821 950 1868 1003; x_wconf 85' lang='grc'><strong>4.</strong></span> <span class='ocrx_word' id='word_1_99' title='bbox 1897 951 2031 1010; x_wconf 80' lang='lat' dir='ltr'><strong>item,</strong></span> <span class='ocrx_word' id='word_1_100' title='bbox 2058 963 2118 1001; x_wconf 85' lang='lat' dir='ltr'><strong>an</strong></span> <span class='ocrx_word' id='word_1_101' title='bbox 2158 946 2372 1001; x_wconf 83' lang='lat' dir='ltr'><strong>alienare</strong></span> <span class='ocrx_word' id='word_1_102' title='bbox 2409 946 2616 1015; x_wconf 75' lang='lat' dir='ltr'><strong>possint.</strong></span> <span class='ocrx_word' id='word_1_103' title='bbox 2640 949 2703 1000; x_wconf 88' lang='lat' dir='ltr'><strong>V.</strong></span> <span class='ocrx_word' id='word_1_104' title='bbox 2728 947 2855 1000; x_wconf 71' lang='lat' dir='ltr'><strong>infra</strong></span> <span class='ocrx_word' id='word_1_105' title='bbox 2879 947 2945 1001; x_wconf 83' lang='lat' dir='ltr'><strong>de</strong></span> <span class='ocrx_word' id='word_1_106' title='bbox 2989 947 3123 1003; x_wconf 78' lang='lat' dir='ltr'><strong>Con·</strong></span> 
     </span>
     <span class='ocr_line' id='line_1_8' title="bbox 660 1031 1493 1087; baseline 0.007 -6"><span class='ocrx_word' id='word_1_107' title='bbox 660 1031 818 1084; x_wconf 80' lang='lat' dir='ltr'><strong>tract.</strong></span> <span class='ocrx_word' id='word_1_108' title='bbox 844 1047 886 1082; x_wconf 80' lang='lat' dir='ltr'><strong>c.</strong></span> <span class='ocrx_word' id='word_1_109' title='bbox 914 1033 961 1086; x_wconf 88' lang='lat'><strong>3.</strong></span> <span class='ocrx_word' id='word_1_110' title='bbox 989 1034 1037 1086; x_wconf 88' lang='lat' dir='ltr'><strong>d.</strong></span> <span class='ocrx_word' id='word_1_111' title='bbox 1066 1035 1116 1086; x_wconf 81' lang='lat'><strong>2.</strong></span> <span class='ocrx_word' id='word_1_112' title='bbox 1140 1039 1190 1086; x_wconf 73' lang='lat' dir='ltr'><strong>et</strong></span> <span class='ocrx_word' id='word_1_113' title='bbox 1215 1048 1257 1086; x_wconf 89' lang='lat' dir='ltr'><strong>c.</strong></span> <span class='ocrx_word' id='word_1_114' title='bbox 1283 1034 1331 1086; x_wconf 82' lang='grc'><strong>4.</strong></span> <span class='ocrx_word' id='word_1_115' title='bbox 1360 1035 1408 1087; x_wconf 84' lang='lat' dir='ltr'><strong>d.</strong></span> <span class='ocrx_word' id='word_1_116' title='bbox 1446 1036 1493 1087; x_wconf 77' lang='grc'><strong>1.</strong></span> 
     </span>
    </p>
   </div>
   <div class='ocr_carea' id='block_1_4' title="bbox 640 1156 3124 4628">
    <p class='ocr_par' dir='ltr' id='par_1_4' title="bbox 658 1156 3119 1454">
     <span class='ocr_line' id='line_1_9' title="bbox 750 1156 3119 1247; baseline 0 -18"><span class='ocrx_word' id='word_1_117' title='bbox 750 1156 930 1232; x_wconf 80' lang='grc'><strong>820.</strong></span> <span class='ocrx_word' id='word_1_118' title='bbox 964 1161 1208 1246; x_wconf 86' lang='lat' dir='ltr'><strong>Capita,</strong></span> <span class='ocrx_word' id='word_1_119' title='bbox 1241 1183 1401 1247; x_wconf 85' lang='lat' dir='ltr'><strong>quae</strong></span> <span class='ocrx_word' id='word_1_120' title='bbox 1430 1165 1507 1231; x_wconf 82' lang='lat' dir='ltr'><strong>A.</strong></span> <span class='ocrx_word' id='word_1_121' title='bbox 1542 1167 1883 1244; x_wconf 73' lang='lat' dir='ltr'><strong>enumerat,</strong></span> <span class='ocrx_word' id='word_1_122' title='bbox 1918 1165 2017 1229; x_wconf 86' lang='lat' dir='ltr'><strong>vel</strong></span> <span class='ocrx_word' id='word_1_123' title='bbox 2046 1164 2216 1228; x_wconf 86' lang='lat' dir='ltr'><strong>clara</strong></span> <span class='ocrx_word' id='word_1_124' title='bbox 2247 1182 2354 1246; x_wconf 89' lang='lat' dir='ltr'><strong>per</strong></span> <span class='ocrx_word' id='word_1_125' title='bbox 2384 1182 2449 1228; x_wconf 87' lang='lat' dir='ltr'><strong>se</strong></span> <span class='ocrx_word' id='word_1_126' title='bbox 2496 1164 2663 1239; x_wconf 86' lang='lat' dir='ltr'><strong>sunt,</strong></span> <span class='ocrx_word' id='word_1_127' title='bbox 2698 1163 2796 1226; x_wconf 87' lang='lat' dir='ltr'><strong>vel</strong></span> <span class='ocrx_word' id='word_1_128' title='bbox 2820 1163 3119 1230; x_wconf 84' lang='lat' dir='ltr'><strong>maiorem</strong></span> 
     </span>
     <span class='ocr_line' id='line_1_10' title="bbox 661 1262 3118 1344; baseline 0.002 -19"><span class='ocrx_word' id='word_1_129' title='bbox 661 1262 862 1326; x_wconf 87' lang='lat' dir='ltr'><strong>lucem</strong></span> <span class='ocrx_word' id='word_1_130' title='bbox 908 1264 1242 1344; x_wconf 85' lang='lat' dir='ltr'><strong>habebunt,</strong></span> <span class='ocrx_word' id='word_1_131' title='bbox 1290 1267 1402 1331; x_wconf 91' lang='lat' dir='ltr'><strong>ubi</strong></span> <span class='ocrx_word' id='word_1_132' title='bbox 1443 1268 1509 1331; x_wconf 91' lang='lat' dir='ltr'><strong>in</strong></span> <span class='ocrx_word' id='word_1_133' title='bbox 1556 1267 1695 1332; x_wconf 87' lang='lat' dir='ltr'><strong>aliis</strong></span> <span class='ocrx_word' id='word_1_134' title='bbox 1741 1266 2118 1332; x_wconf 87' lang='lat' dir='ltr'><strong>tractatibus</strong></span> <span class='ocrx_word' id='word_1_135' title='bbox 2171 1265 2244 1330; x_wconf 89' lang='lat' dir='ltr'><strong>de</strong></span> <span class='ocrx_word' id='word_1_136' title='bbox 2306 1265 2525 1332; x_wconf 83' lang='lat' dir='ltr'><strong>iisdem</strong></span> <span class='ocrx_word' id='word_1_137' title='bbox 2592 1265 2872 1332; x_wconf 75' lang='lat' dir='ltr'><strong>materiis</strong></span> <span class='ocrx_word' id='word_1_138' title='bbox 2920 1284 3118 1331; x_wconf 85' lang='lat' dir='ltr'><strong>sermo</strong></span> 
     </span>
     <span class='ocr_line' id='line_1_11' title="bbox 658 1363 2327 1454; baseline 0.004 -27"><span class='ocrx_word' id='word_1_139' title='bbox 658 1363 905 1444; x_wconf 77' lang='lat' dir='ltr'><strong>redibit,</strong></span> <span class='ocrx_word' id='word_1_140' title='bbox 938 1385 990 1431; x_wconf 92' lang='lat' dir='ltr'><strong>e.</strong></span> <span class='ocrx_word' id='word_1_141' title='bbox 1029 1388 1093 1452; x_wconf 88' lang='lat' dir='ltr'><strong>g.</strong></span> <span class='ocrx_word' id='word_1_142' title='bbox 1126 1368 1201 1434; x_wconf 92' lang='lat' dir='ltr'><strong>de</strong></span> <span class='ocrx_word' id='word_1_143' title='bbox 1237 1369 1412 1435; x_wconf 89' lang='lat' dir='ltr'><strong>statu</strong></span> <span class='ocrx_word' id='word_1_144' title='bbox 1440 1370 1756 1454; x_wconf 88' lang='lat' dir='ltr'><strong>religioso,</strong></span> <span class='ocrx_word' id='word_1_145' title='bbox 1796 1369 1869 1433; x_wconf 90' lang='lat' dir='ltr'><strong>de</strong></span> <span class='ocrx_word' id='word_1_146' title='bbox 1905 1366 2327 1434; x_wconf 86' lang='lat' dir='ltr'><strong>matrimonio.</strong></span> 
     </span>
    </p>

    <p class='ocr_par' dir='ltr' id='par_1_5' title="bbox 649 1466 3124 3910">
     <span class='ocr_line' id='line_1_12' title="bbox 751 1466 3121 1555; baseline 0.001 -23"><span class='ocrx_word' id='word_1_147' title='bbox 751 1466 786 1504; x_wconf 81' lang='lat'><strong>&#39;¹‘</strong></span> <span class='ocrx_word' id='word_1_148' title='bbox 810 1466 989 1545; x_wconf 82' lang='lat' dir='ltr'><strong>Quod</strong></span> <span class='ocrx_word' id='word_1_149' title='bbox 1014 1471 1228 1534; x_wconf 88' lang='lat' dir='ltr'><strong>autem</strong></span> <span class='ocrx_word' id='word_1_150' title='bbox 1248 1470 1593 1555; x_wconf 81' lang='lat' dir='ltr'><strong>generatim</strong></span> <span class='ocrx_word' id='word_1_151' title='bbox 1619 1471 1696 1534; x_wconf 91' lang='lat' dir='ltr'><strong>ad</strong></span> <span class='ocrx_word' id='word_1_152' title='bbox 1722 1470 2135 1535; x_wconf 85' lang='lat' dir='ltr'><strong>obedientiam</strong></span> <span class='ocrx_word' id='word_1_153' title='bbox 2159 1471 2416 1552; x_wconf 87' lang='lat' dir='ltr'><strong>spectat,</strong></span> <span class='ocrx_word' id='word_1_154' title='bbox 2436 1468 2700 1538; x_wconf 87' lang='lat' dir='ltr'><strong>tenenda</strong></span> <span class='ocrx_word' id='word_1_155' title='bbox 2723 1470 2818 1533; x_wconf 89' lang='lat' dir='ltr'><strong>est</strong></span> <span class='ocrx_word' id='word_1_156' title='bbox 2840 1469 3121 1535; x_wconf 85' lang='lat' dir='ltr'><strong>doctrina</strong></span> 
     </span>
     <span class='ocr_line' id='line_1_13' title="bbox 660 1569 3118 1657; baseline 0.001 -24"><span class='ocrx_word' id='word_1_157' title='bbox 660 1588 709 1633; x_wconf 82' lang='lat' dir='ltr'><strong>S.</strong></span> <span class='ocrx_word' id='word_1_158' title='bbox 745 1569 1021 1637; x_wconf 88' lang='lat' dir='ltr'><strong>Thomae</strong></span> <span class='ocrx_word' id='word_1_159' title='bbox 1054 1574 1114 1636; x_wconf 85' lang='lat'><strong>2.</strong></span> <span class='ocrx_word' id='word_1_160' title='bbox 1143 1574 1204 1637; x_wconf 92' lang='grc'><strong>2.</strong></span> <span class='ocrx_word' id='word_1_161' title='bbox 1230 1592 1289 1655; x_wconf 91' lang='lat' dir='ltr'><strong>q.</strong></span> <span class='ocrx_word' id='word_1_162' title='bbox 1329 1573 1475 1637; x_wconf 87' lang='lat'><strong>104.</strong></span> <span class='ocrx_word' id='word_1_163' title='bbox 1510 1592 1547 1637; x_wconf 89' lang='lat' dir='ltr'><strong>a</strong></span> <span class='ocrx_word' id='word_1_164' title='bbox 1573 1574 1633 1637; x_wconf 93' lang='grc'><strong>2.</strong></span> <span class='ocrx_word' id='word_1_165' title='bbox 1669 1572 1747 1637; x_wconf 86' lang='lat' dir='ltr'><strong>ad</strong></span> <span class='ocrx_word' id='word_1_166' title='bbox 1776 1572 1860 1636; x_wconf 82' lang='lat'>1¹¹¹</span> <span class='ocrx_word' id='word_1_167' title='bbox 1887 1571 2328 1657; x_wconf 84' lang='lat' dir='ltr'><strong>distinguentis</strong></span> <span class='ocrx_word' id='word_1_168' title='bbox 2352 1571 2661 1653; x_wconf 84' lang='lat' dir='ltr'><strong>duplicem</strong></span> <span class='ocrx_word' id='word_1_169' title='bbox 2686 1571 3118 1648; x_wconf 85' lang='lat' dir='ltr'><strong>obedientiam,</strong></span> 
     </span>
     <span class='ocr_line' id='line_1_14' title="bbox 659 1673 3124 1756; baseline 0.001 -20"><span class='ocrx_word' id='word_1_170' title='bbox 659 1673 989 1751; x_wconf 69' lang='lat' dir='ltr'><strong>specialem</strong></span> <span class='ocrx_word' id='word_1_171' title='bbox 1032 1676 1096 1740; x_wconf 88' lang='lat' dir='ltr'><strong>et</strong></span> <span class='ocrx_word' id='word_1_172' title='bbox 1123 1674 1496 1756; x_wconf 76' lang='lat' dir='ltr'><strong>yeneralem.</strong></span> <span class='ocrx_word' id='word_1_173' title='bbox 1530 1675 1894 1740; x_wconf 89' lang='lat' dir='ltr'><strong>Obedientia</strong></span> <span class='ocrx_word' id='word_1_174' title='bbox 1931 1677 2028 1741; x_wconf 89' lang='lat' dir='ltr'><strong>est</strong></span> <span class='ocrx_word' id='word_1_175' title='bbox 2063 1675 2265 1740; x_wconf 89' lang='lat' dir='ltr'><strong>virtus</strong></span> <span class='ocrx_word' id='word_1_176' title='bbox 2301 1673 2604 1756; x_wconf 89' lang='lat' dir='ltr'><strong>specialis,</strong></span> <span class='ocrx_word' id='word_1_177' title='bbox 2645 1674 2952 1754; x_wconf 84' lang='lat' dir='ltr'><strong>quatenus</strong></span> <span class='ocrx_word' id='word_1_178' title='bbox 2986 1674 3124 1739; x_wconf 89' lang='lat' dir='ltr'><strong>obe-</strong></span> 
     </span>
     <span class='ocr_line' id='line_1_15' title="bbox 659 1774 3123 1861; baseline 0.001 -23"><span class='ocrx_word' id='word_1_179' title='bbox 659 1774 831 1840; x_wconf 89' lang='lat' dir='ltr'><strong>diens</strong></span> <span class='ocrx_word' id='word_1_180' title='bbox 862 1778 1132 1860; x_wconf 81' lang='lat' dir='ltr'><strong>respicit,</strong></span> <span class='ocrx_word' id='word_1_181' title='bbox 1168 1797 1274 1861; x_wconf 89' lang='lat' dir='ltr'><strong>per</strong></span> <span class='ocrx_word' id='word_1_182' title='bbox 1308 1779 1734 1853; x_wconf 77' lang='lat' dir='ltr'><strong>intentionem,</strong></span> <span class='ocrx_word' id='word_1_183' title='bbox 1784 1776 2110 1844; x_wconf 89' lang='lat' dir='ltr'><strong>formalem</strong></span> <span class='ocrx_word' id='word_1_184' title='bbox 2141 1776 2445 1841; x_wconf 88' lang='lat' dir='ltr'><strong>rationem</strong></span> <span class='ocrx_word' id='word_1_185' title='bbox 2481 1776 2811 1859; x_wconf 87' lang='lat' dir='ltr'><strong>praecepti,</strong></span> <span class='ocrx_word' id='word_1_186' title='bbox 2844 1776 2907 1840; x_wconf 92' lang='lat' dir='ltr'><strong>h.</strong></span> <span class='ocrx_word' id='word_1_187' title='bbox 2941 1795 2992 1840; x_wconf 91' lang='lat' dir='ltr'><strong>e.</strong></span> <span class='ocrx_word' id='word_1_188' title='bbox 3027 1777 3123 1841; x_wconf 89' lang='lat' dir='ltr'><strong>in-</strong></span> 
     </span>
     <span class='ocr_line' id='line_1_16' title="bbox 657 1877 3121 1964; baseline 0.001 -23"><span class='ocrx_word' id='word_1_189' title='bbox 657 1877 860 1942; x_wconf 85' lang='lat' dir='ltr'><strong>tendit</strong></span> <span class='ocrx_word' id='word_1_190' title='bbox 917 1878 1173 1962; x_wconf 91' lang='lat' dir='ltr'><strong>implere</strong></span> <span class='ocrx_word' id='word_1_191' title='bbox 1234 1883 1650 1964; x_wconf 88' lang='lat' dir='ltr'><strong>praeceptum,</strong></span> <span class='ocrx_word' id='word_1_192' title='bbox 1715 1880 1827 1962; x_wconf 87' lang='lat' dir='ltr'><strong>qui</strong></span> <span class='ocrx_word' id='word_1_193' title='bbox 1870 1899 2087 1963; x_wconf 90' lang='lat' dir='ltr'><strong>nempe</strong></span> <span class='ocrx_word' id='word_1_194' title='bbox 2144 1897 2420 1961; x_wconf 83' lang='lat' dir='ltr'><strong>expresse</strong></span> <span class='ocrx_word' id='word_1_195' title='bbox 2469 1878 2705 1960; x_wconf 87' lang='lat' dir='ltr'><strong>aliquid</strong></span> <span class='ocrx_word' id='word_1_196' title='bbox 2752 1878 2923 1956; x_wconf 87' lang='lat' dir='ltr'><strong>facit,</strong></span> <span class='ocrx_word' id='word_1_197' title='bbox 2972 1879 3121 1961; x_wconf 88' lang='lat' dir='ltr'><strong>quia</strong></span> 
     </span>
     <span class='ocr_line' id='line_1_17' title="bbox 658 1981 3122 2065; baseline 0.002 -22"><span class='ocrx_word' id='word_1_198' title='bbox 658 1983 1056 2064; x_wconf 87' lang='lat' dir='ltr'><strong>praeceptum</strong></span> <span class='ocrx_word' id='word_1_199' title='bbox 1102 1982 1215 2046; x_wconf 85' lang='lat' dir='ltr'><strong>est.</strong></span> <span class='ocrx_word' id='word_1_200' title='bbox 1266 1982 1508 2046; x_wconf 85' lang='lat' dir='ltr'><strong>Pariter</strong></span> <span class='ocrx_word' id='word_1_201' title='bbox 1536 1982 1954 2048; x_wconf 85' lang='lat' dir='ltr'><strong>inobedientia</strong></span> <span class='ocrx_word' id='word_1_202' title='bbox 2001 1981 2262 2065; x_wconf 85' lang='lat' dir='ltr'><strong>speciale</strong></span> <span class='ocrx_word' id='word_1_203' title='bbox 2295 1982 2617 2065; x_wconf 84' lang='lat' dir='ltr'><strong>peccatum</strong></span> <span class='ocrx_word' id='word_1_204' title='bbox 2649 1983 2763 2059; x_wconf 88' lang='lat' dir='ltr'><strong>est,</strong></span> <span class='ocrx_word' id='word_1_205' title='bbox 2811 1985 3122 2063; x_wconf 88' lang='lat' dir='ltr'><strong>quatenus</strong></span> 
     </span>
     <span class='ocr_line' id='line_1_18' title="bbox 657 2081 3122 2168; baseline 0.004 -23"><span class='ocrx_word' id='word_1_206' title='bbox 657 2081 799 2164; x_wconf 91' lang='lat' dir='ltr'><strong>quis</strong></span> <span class='ocrx_word' id='word_1_207' title='bbox 845 2083 1176 2148; x_wconf 80' lang='lat' dir='ltr'><strong>actualiter</strong></span> <span class='ocrx_word' id='word_1_208' title='bbox 1220 2085 1563 2149; x_wconf 85' lang='lat' dir='ltr'><strong>contemnit</strong></span> <span class='ocrx_word' id='word_1_209' title='bbox 1616 2087 2032 2168; x_wconf 81' lang='lat' dir='ltr'><strong>praeceptum,</strong></span> <span class='ocrx_word' id='word_1_210' title='bbox 2083 2084 2317 2149; x_wconf 83' lang='lat' dir='ltr'><strong>scilicet</strong></span> <span class='ocrx_word' id='word_1_211' title='bbox 2362 2084 2759 2167; x_wconf 83' lang='lat' dir='ltr'><strong>praeceptum</strong></span> <span class='ocrx_word' id='word_1_212' title='bbox 2804 2084 3004 2150; x_wconf 86' lang='lat' dir='ltr'><strong>violat</strong></span> <span class='ocrx_word' id='word_1_213' title='bbox 3050 2103 3122 2154; x_wconf 76' lang='lat' dir='ltr'><strong>ea</strong></span> 
     </span>
     <span class='ocr_line' id='line_1_19' title="bbox 657 2185 3120 2265; baseline 0.002 -18"><span class='ocrx_word' id='word_1_214' title='bbox 657 2185 1019 2263; x_wconf 90' lang='lat' dir='ltr'><strong>intentione,</strong></span> <span class='ocrx_word' id='word_1_215' title='bbox 1054 2186 1129 2250; x_wconf 93' lang='lat' dir='ltr'><strong>ut</strong></span> <span class='ocrx_word' id='word_1_216' title='bbox 1158 2186 1320 2252; x_wconf 91' lang='lat' dir='ltr'><strong>nolit</strong></span> <span class='ocrx_word' id='word_1_217' title='bbox 1351 2187 1613 2265; x_wconf 90' lang='lat' dir='ltr'><strong>obedire,</strong></span> <span class='ocrx_word' id='word_1_218' title='bbox 1662 2188 1931 2252; x_wconf 85' lang='lat' dir='ltr'><strong>subesse.</strong></span> <span class='ocrx_word' id='word_1_219' title='bbox 1981 2187 2153 2251; x_wconf 90' lang='lat' dir='ltr'><strong>Haec</strong></span> <span class='ocrx_word' id='word_1_220' title='bbox 2185 2188 2263 2251; x_wconf 89' lang='lat' dir='ltr'><strong>ab</strong></span> <span class='ocrx_word' id='word_1_221' title='bbox 2302 2186 2441 2254; x_wconf 89' lang='lat' dir='ltr'><strong>aliis</strong></span> <span class='ocrx_word' id='word_1_222' title='bbox 2474 2188 2736 2251; x_wconf 87' lang='lat' dir='ltr'><strong>vocatur</strong></span> <span class='ocrx_word' id='word_1_223' title='bbox 2774 2186 3120 2253; x_wconf 85' lang='lat' dir='ltr'><strong>obedientia</strong></span> 
     </span>
     <span class='ocr_line' id='line_1_20' title="bbox 658 2286 3117 2369; baseline 0.001 -18"><span class='ocrx_word' id='word_1_224' title='bbox 658 2287 757 2351; x_wconf 83' lang='lat' dir='ltr'><strong>vel</strong></span> <span class='ocrx_word' id='word_1_225' title='bbox 788 2287 1206 2353; x_wconf 85' lang='lat' dir='ltr'><strong>inobedientia</strong></span> <span class='ocrx_word' id='word_1_226' title='bbox 1235 2288 1540 2369; x_wconf 77' lang='lat' dir='ltr'><strong>formalis.</strong></span> <span class='ocrx_word' id='word_1_227' title='bbox 1590 2286 1683 2353; x_wconf 82' lang='lat' dir='ltr'><strong>Cf.</strong></span> <span class='ocrx_word' id='word_1_228' title='bbox 1732 2289 2017 2354; x_wconf 90' lang='lat' dir='ltr'><strong>Lessium</strong></span> <span class='ocrx_word' id='word_1_229' title='bbox 2050 2288 2124 2353; x_wconf 82' lang='lat' dir='ltr'><strong>de</strong></span> <span class='ocrx_word' id='word_1_230' title='bbox 2161 2289 2424 2352; x_wconf 77' lang='lat' dir='ltr'><strong>Iustitia</strong></span> <span class='ocrx_word' id='word_1_231' title='bbox 2453 2289 2496 2353; x_wconf 93' lang='grc'><strong>1.</strong></span> <span class='ocrx_word' id='word_1_232' title='bbox 2534 2290 2594 2352; x_wconf 90' lang='grc'><strong>2.</strong></span> <span class='ocrx_word' id='word_1_233' title='bbox 2629 2310 2680 2353; x_wconf 84' lang='grc'><strong>9.</strong></span> <span class='ocrx_word' id='word_1_234' title='bbox 2714 2289 2821 2354; x_wconf 88' lang='grc'><strong>46.</strong></span> <span class='ocrx_word' id='word_1_235' title='bbox 2861 2288 3007 2354; x_wconf 85' lang='grc'>(11111.</span> <span class='ocrx_word' id='word_1_236' title='bbox 3054 2291 3117 2354; x_wconf 85' lang='grc'><strong>4.</strong></span> 
     </span>
     <span class='ocr_line' id='line_1_21' title="bbox 656 2389 3120 2476; baseline 0 -21"><span class='ocrx_word' id='word_1_237' title='bbox 656 2393 720 2455; x_wconf 86' lang='lat' dir='ltr'><strong>et</strong></span> <span class='ocrx_word' id='word_1_238' title='bbox 753 2389 812 2454; x_wconf 85' lang='grc'><strong>6.</strong></span> <span class='ocrx_word' id='word_1_239' title='bbox 841 2390 907 2456; x_wconf 88' lang='lat' dir='ltr'><strong>Si</strong></span> <span class='ocrx_word' id='word_1_240' title='bbox 930 2410 1094 2470; x_wconf 81' lang='lat' dir='ltr'><strong>vere,</strong></span> <span class='ocrx_word' id='word_1_241' title='bbox 1122 2391 1216 2456; x_wconf 90' lang='lat' dir='ltr'><strong>ait</strong></span> <span class='ocrx_word' id='word_1_242' title='bbox 1237 2410 1286 2456; x_wconf 90' lang='lat' dir='ltr'><strong>s.</strong></span> <span class='ocrx_word' id='word_1_243' title='bbox 1320 2392 1612 2470; x_wconf 85' lang='lat' dir='ltr'><strong>Thomas,</strong></span> <span class='ocrx_word' id='word_1_244' title='bbox 1649 2392 1998 2457; x_wconf 85' lang='lat' dir='ltr'><strong>obedientia</strong></span> <span class='ocrx_word' id='word_1_245' title='bbox 2027 2392 2202 2476; x_wconf 85' lang='lat' dir='ltr'><strong>large</strong></span> <span class='ocrx_word' id='word_1_246' title='bbox 2226 2391 2567 2473; x_wconf 86' lang='lat' dir='ltr'><strong>accipiatur</strong></span> <span class='ocrx_word' id='word_1_247' title='bbox 2597 2409 2708 2473; x_wconf 89' lang='lat' dir='ltr'><strong>pro</strong></span> <span class='ocrx_word' id='word_1_248' title='bbox 2734 2391 3120 2458; x_wconf 85' lang='lat' dir='ltr'><strong>exsecutione</strong></span> 
     </span>
     <span class='ocr_line' id='line_1_22' title="bbox 656 2492 3115 2578; baseline 0 -20"><span class='ocrx_word' id='word_1_249' title='bbox 656 2493 1122 2577; x_wconf 88' lang='lat' dir='ltr'><strong>cuiuscumque,</strong></span> <span class='ocrx_word' id='word_1_250' title='bbox 1177 2496 1343 2578; x_wconf 88' lang='lat' dir='ltr'><strong>quod</strong></span> <span class='ocrx_word' id='word_1_251' title='bbox 1389 2496 1597 2578; x_wconf 89' lang='lat' dir='ltr'><strong>potest</strong></span> <span class='ocrx_word' id='word_1_252' title='bbox 1641 2494 1858 2560; x_wconf 89' lang='lat' dir='ltr'><strong>cadere</strong></span> <span class='ocrx_word' id='word_1_253' title='bbox 1904 2494 2019 2559; x_wconf 86' lang='lat' dir='ltr'><strong>sub</strong></span> <span class='ocrx_word' id='word_1_254' title='bbox 2065 2495 2389 2578; x_wconf 85' lang='lat' dir='ltr'><strong>praecepto</strong></span> <span class='ocrx_word' id='word_1_255' title='bbox 2438 2495 2502 2558; x_wconf 89' lang='lat' dir='ltr'><strong>et</strong></span> <span class='ocrx_word' id='word_1_256' title='bbox 2545 2492 2960 2561; x_wconf 85' lang='lat' dir='ltr'><strong>inobedientia</strong></span> <span class='ocrx_word' id='word_1_257' title='bbox 3005 2512 3115 2577; x_wconf 89' lang='lat' dir='ltr'><strong>pro</strong></span> 
     </span>
     <span class='ocr_line' id='line_1_23' title="bbox 662 2596 3119 2681; baseline 0 -20"><span class='ocrx_word' id='word_1_258' title='bbox 662 2598 990 2663; x_wconf 89' lang='lat' dir='ltr'><strong>omissione</strong></span> <span class='ocrx_word' id='word_1_259' title='bbox 1022 2598 1317 2675; x_wconf 88' lang='lat' dir='ltr'><strong>eiusdem,</strong></span> <span class='ocrx_word' id='word_1_260' title='bbox 1351 2619 1429 2663; x_wconf 73' lang='lat' dir='ltr'><strong>ea:</strong></span> <span class='ocrx_word' id='word_1_261' title='bbox 1472 2618 1855 2679; x_wconf 79' lang='lat' dir='ltr'><strong>quacumque</strong></span> <span class='ocrx_word' id='word_1_262' title='bbox 1891 2597 2253 2672; x_wconf 77' lang='lat' dir='ltr'><strong>intentione,</strong></span> <span class='ocrx_word' id='word_1_263' title='bbox 2301 2597 2390 2662; x_wconf 87' lang='lat' dir='ltr'><strong>sic</strong></span> <span class='ocrx_word' id='word_1_264' title='bbox 2414 2596 2762 2663; x_wconf 86' lang='lat' dir='ltr'><strong>obedientia</strong></span> <span class='ocrx_word' id='word_1_265' title='bbox 2794 2598 2913 2663; x_wconf 87' lang='lat' dir='ltr'><strong>erit</strong></span> <span class='ocrx_word' id='word_1_266' title='bbox 2941 2615 3119 2681; x_wconf 82' lang='lat' dir='ltr'><strong>gene-</strong></span> 
     </span>
     <span class='ocr_line' id='line_1_24' title="bbox 656 2699 3119 2785; baseline 0.002 -22"><span class='ocrx_word' id='word_1_267' title='bbox 656 2700 806 2764; x_wconf 89' lang='lat' dir='ltr'><strong>ralis</strong></span> <span class='ocrx_word' id='word_1_268' title='bbox 838 2701 1060 2779; x_wconf 82' lang='lat' dir='ltr'><strong>virtus,</strong></span> <span class='ocrx_word' id='word_1_269' title='bbox 1095 2703 1159 2765; x_wconf 94' lang='lat' dir='ltr'><strong>et</strong></span> <span class='ocrx_word' id='word_1_270' title='bbox 1194 2700 1610 2766; x_wconf 87' lang='lat' dir='ltr'><strong>inobedientia</strong></span> <span class='ocrx_word' id='word_1_271' title='bbox 1654 2701 1940 2785; x_wconf 88' lang='lat' dir='ltr'><strong>generale</strong></span> <span class='ocrx_word' id='word_1_272' title='bbox 1988 2702 2328 2783; x_wconf 83' lang='lat' dir='ltr'><strong>peccatum.</strong></span> <span class='ocrx_word' id='word_1_273' title='bbox 2377 2699 2548 2764; x_wconf 86' lang='lat' dir='ltr'><strong>Haec</strong></span> <span class='ocrx_word' id='word_1_274' title='bbox 2579 2700 2658 2764; x_wconf 93' lang='lat' dir='ltr'><strong>ab</strong></span> <span class='ocrx_word' id='word_1_275' title='bbox 2706 2700 2846 2767; x_wconf 84' lang='lat' dir='ltr'><strong>aliis</strong></span> <span class='ocrx_word' id='word_1_276' title='bbox 2890 2700 3119 2767; x_wconf 84' lang='lat' dir='ltr'><strong>dieitur</strong></span> 
     </span>
     <span class='ocr_line' id='line_1_25' title="bbox 657 2801 3118 2885; baseline 0.001 -19"><span class='ocrx_word' id='word_1_277' title='bbox 657 2802 1005 2866; x_wconf 86' lang='lat' dir='ltr'><strong>obedientia</strong></span> <span class='ocrx_word' id='word_1_278' title='bbox 1044 2803 1143 2867; x_wconf 87' lang='lat' dir='ltr'><strong>vel</strong></span> <span class='ocrx_word' id='word_1_279' title='bbox 1172 2803 1588 2869; x_wconf 85' lang='lat' dir='ltr'><strong>inobedientia</strong></span> <span class='ocrx_word' id='word_1_280' title='bbox 1617 2802 1990 2877; x_wconf 54' lang='lat' dir='ltr'><strong>materiam,</strong></span> <span class='ocrx_word' id='word_1_281' title='bbox 2023 2821 2146 2884; x_wconf 90' lang='lat' dir='ltr'><strong>qua</strong></span> <span class='ocrx_word' id='word_1_282' title='bbox 2175 2820 2393 2885; x_wconf 88' lang='lat' dir='ltr'><strong>nempe</strong></span> <span class='ocrx_word' id='word_1_283' title='bbox 2425 2805 2710 2866; x_wconf 88' lang='lat' dir='ltr'><strong>servatur</strong></span> <span class='ocrx_word' id='word_1_284' title='bbox 2739 2801 2989 2883; x_wconf 84' lang='lat' dir='ltr'><strong>quidem</strong></span> <span class='ocrx_word' id='word_1_285' title='bbox 3019 2803 3118 2868; x_wconf 86' lang='lat' dir='ltr'><strong>vel</strong></span> 
     </span>
     <span class='ocr_line' id='line_1_26' title="bbox 658 2903 3116 2989; baseline 0.002 -23"><span class='ocrx_word' id='word_1_286' title='bbox 658 2903 934 2967; x_wconf 83' lang='lat' dir='ltr'><strong>violatur</strong></span> <span class='ocrx_word' id='word_1_287' title='bbox 957 2907 1373 2987; x_wconf 85' lang='lat' dir='ltr'><strong>praeceptum,</strong></span> <span class='ocrx_word' id='word_1_288' title='bbox 1399 2904 1504 2970; x_wconf 89' lang='lat' dir='ltr'><strong>sed</strong></span> <span class='ocrx_word' id='word_1_289' title='bbox 1529 2924 1651 2970; x_wconf 90' lang='lat' dir='ltr'><strong>non</strong></span> <span class='ocrx_word' id='word_1_290' title='bbox 1676 2908 1927 2989; x_wconf 85' lang='lat' dir='ltr'><strong>propter</strong></span> <span class='ocrx_word' id='word_1_291' title='bbox 1954 2904 2366 2969; x_wconf 88' lang='lat' dir='ltr'><strong>intentionem</strong></span> <span class='ocrx_word' id='word_1_292' title='bbox 2387 2903 2682 2986; x_wconf 86' lang='lat' dir='ltr'><strong>implendi</strong></span> <span class='ocrx_word' id='word_1_293' title='bbox 2714 2904 2812 2968; x_wconf 84' lang='lat' dir='ltr'><strong>vel</strong></span> <span class='ocrx_word' id='word_1_294' title='bbox 2843 2904 3116 2971; x_wconf 82' lang='lat' dir='ltr'><strong>violandi</strong></span> 
     </span>
     <span class='ocr_line' id='line_1_27' title="bbox 657 3006 3116 3093; baseline 0.002 -24"><span class='ocrx_word' id='word_1_295' title='bbox 657 3008 1073 3089; x_wconf 86' lang='lat' dir='ltr'><strong>praeceptum.</strong></span> <span class='ocrx_word' id='word_1_296' title='bbox 1111 3007 1380 3073; x_wconf 86' lang='lat' dir='ltr'><strong>Adverte</strong></span> <span class='ocrx_word' id='word_1_297' title='bbox 1405 3027 1547 3071; x_wconf 89' lang='lat' dir='ltr'><strong>cum</strong></span> <span class='ocrx_word' id='word_1_298' title='bbox 1578 3007 1791 3073; x_wconf 88' lang='lat' dir='ltr'><strong>Lessio</strong></span> <span class='ocrx_word' id='word_1_299' title='bbox 1824 3008 1866 3072; x_wconf 94' lang='grc'><strong>1.</strong></span> <span class='ocrx_word' id='word_1_300' title='bbox 1900 3027 1952 3072; x_wconf 86' lang='grc'><strong>9.</strong></span> <span class='ocrx_word' id='word_1_301' title='bbox 1985 3027 2046 3071; x_wconf 91' lang='lat' dir='ltr'><strong>n.</strong></span> <span class='ocrx_word' id='word_1_302' title='bbox 2086 3008 2192 3070; x_wconf 84' lang='lat'><strong>41.</strong></span> <span class='ocrx_word' id='word_1_303' title='bbox 2229 3008 2292 3071; x_wconf 92' lang='lat' dir='ltr'><strong>et</strong></span> <span class='ocrx_word' id='word_1_304' title='bbox 2327 3008 2433 3069; x_wconf 92' lang='grc'><strong>42.</strong></span> <span class='ocrx_word' id='word_1_305' title='bbox 2469 3006 2604 3071; x_wconf 85' lang='lat' dir='ltr'><strong>dari</strong></span> <span class='ocrx_word' id='word_1_306' title='bbox 2632 3006 2882 3088; x_wconf 88' lang='lat' dir='ltr'><strong>quidem</strong></span> <span class='ocrx_word' id='word_1_307' title='bbox 2913 3008 3116 3093; x_wconf 83' lang='lat' dir='ltr'><strong>legem</strong></span> 
     </span>
     <span class='ocr_line' id='line_1_28' title="bbox 656 3108 3111 3192; baseline 0.001 -17"><span class='ocrx_word' id='word_1_308' title='bbox 656 3127 814 3190; x_wconf 87' lang='lat' dir='ltr'><strong>quae</strong></span> <span class='ocrx_word' id='word_1_309' title='bbox 862 3111 1031 3175; x_wconf 80' lang='lat' dir='ltr'><strong>vetet</strong></span> <span class='ocrx_word' id='word_1_310' title='bbox 1076 3110 1557 3177; x_wconf 85' lang='lat' dir='ltr'><strong>inobedientiam</strong></span> <span class='ocrx_word' id='word_1_311' title='bbox 1604 3110 1949 3188; x_wconf 86' lang='lat' dir='ltr'><strong>formalem,</strong></span> <span class='ocrx_word' id='word_1_312' title='bbox 2005 3109 2206 3192; x_wconf 88' lang='lat' dir='ltr'><strong>legem</strong></span> <span class='ocrx_word' id='word_1_313' title='bbox 2262 3108 2566 3186; x_wconf 86' lang='lat' dir='ltr'><strong>videlicet,</strong></span> <span class='ocrx_word' id='word_1_314' title='bbox 2623 3127 2699 3177; x_wconf 86' lang='lat' dir='ltr'><strong>ne</strong></span> <span class='ocrx_word' id='word_1_315' title='bbox 2754 3112 3111 3178; x_wconf 88' lang='lat' dir='ltr'><strong>contemnas</strong></span> 
     </span>
     <span class='ocr_line' id='line_1_29' title="bbox 651 3210 3112 3296; baseline 0.003 -22"><span class='ocrx_word' id='word_1_316' title='bbox 651 3214 1048 3294; x_wconf 83' lang='lat' dir='ltr'><strong>praeceptum</strong></span> <span class='ocrx_word' id='word_1_317' title='bbox 1093 3213 1446 3296; x_wconf 90' lang='lat' dir='ltr'><strong>superioris,</strong></span> <span class='ocrx_word' id='word_1_318' title='bbox 1502 3232 1578 3276; x_wconf 91' lang='lat' dir='ltr'><strong>ne</strong></span> <span class='ocrx_word' id='word_1_319' title='bbox 1610 3213 1803 3276; x_wconf 83' lang='lat' dir='ltr'><strong>violes</strong></span> <span class='ocrx_word' id='word_1_320' title='bbox 1835 3230 1906 3275; x_wconf 82' lang='lat' dir='ltr'><strong>ex</strong></span> <span class='ocrx_word' id='word_1_321' title='bbox 1953 3212 2340 3294; x_wconf 83' lang='lat' dir='ltr'><strong>contemptu3</strong></span> <span class='ocrx_word' id='word_1_322' title='bbox 2374 3210 2492 3275; x_wconf 87' lang='lat' dir='ltr'><strong>hoc</strong></span> <span class='ocrx_word' id='word_1_323' title='bbox 2522 3210 2686 3274; x_wconf 91' lang='grc'>9111111</span> <span class='ocrx_word' id='word_1_324' title='bbox 2717 3212 2958 3278; x_wconf 90' lang='lat' dir='ltr'><strong>malum</strong></span> <span class='ocrx_word' id='word_1_325' title='bbox 2989 3218 3112 3280; x_wconf 85' lang='lat' dir='ltr'><strong>est:</strong></span> 
     </span>
     <span class='ocr_line' id='line_1_30' title="bbox 653 3311 3112 3399; baseline 0.001 -21"><span class='ocrx_word' id='word_1_326' title='bbox 653 3333 775 3379; x_wconf 90' lang='lat' dir='ltr'><strong>non</strong></span> <span class='ocrx_word' id='word_1_327' title='bbox 808 3314 944 3379; x_wconf 90' lang='lat' dir='ltr'><strong>dari</strong></span> <span class='ocrx_word' id='word_1_328' title='bbox 990 3316 1201 3380; x_wconf 87' lang='lat' dir='ltr'><strong>autem</strong></span> <span class='ocrx_word' id='word_1_329' title='bbox 1230 3316 1452 3399; x_wconf 87' lang='lat' dir='ltr'><strong>legem,</strong></span> <span class='ocrx_word' id='word_1_330' title='bbox 1500 3333 1661 3396; x_wconf 89' lang='lat' dir='ltr'><strong>quae</strong></span> <span class='ocrx_word' id='word_1_331' title='bbox 1706 3313 2048 3396; x_wconf 88' lang='lat' dir='ltr'><strong>praecipiat</strong></span> <span class='ocrx_word' id='word_1_332' title='bbox 2080 3312 2494 3378; x_wconf 90' lang='lat' dir='ltr'><strong>obedientiam</strong></span> <span class='ocrx_word' id='word_1_333' title='bbox 2531 3311 2875 3378; x_wconf 87' lang='lat' dir='ltr'><strong>formalem.</strong></span> <span class='ocrx_word' id='word_1_334' title='bbox 2925 3314 3112 3381; x_wconf 85' lang='lat' dir='ltr'><strong>Ratio</strong></span> 
     </span>
     <span class='ocr_line' id='line_1_31' title="bbox 651 3414 3113 3500; baseline 0.001 -19"><span class='ocrx_word' id='word_1_335' title='bbox 651 3418 781 3491; x_wconf 79' lang='lat' dir='ltr'><strong>est3</strong></span> <span class='ocrx_word' id='word_1_336' title='bbox 830 3417 976 3499; x_wconf 89' lang='lat' dir='ltr'><strong>quia</strong></span> <span class='ocrx_word' id='word_1_337' title='bbox 1021 3437 1363 3500; x_wconf 86' lang='lat' dir='ltr'><strong>nunquam,</strong></span> <span class='ocrx_word' id='word_1_338' title='bbox 1410 3418 1484 3481; x_wconf 89' lang='lat' dir='ltr'><strong>ut</strong></span> <span class='ocrx_word' id='word_1_339' title='bbox 1530 3416 1681 3481; x_wconf 91' lang='grc'>119119</span> <span class='ocrx_word' id='word_1_340' title='bbox 1729 3435 2010 3500; x_wconf 83' lang='lat' dir='ltr'><strong>agamus,</strong></span> <span class='ocrx_word' id='word_1_341' title='bbox 2062 3433 2303 3480; x_wconf 88' lang='lat' dir='ltr'><strong>necesse</strong></span> <span class='ocrx_word' id='word_1_342' title='bbox 2349 3415 2446 3479; x_wconf 89' lang='lat' dir='ltr'><strong>est</strong></span> <span class='ocrx_word' id='word_1_343' title='bbox 2489 3416 2563 3477; x_wconf 90' lang='lat' dir='ltr'><strong>ut</strong></span> <span class='ocrx_word' id='word_1_344' title='bbox 2609 3414 2910 3480; x_wconf 86' lang='lat' dir='ltr'><strong>faciamus</strong></span> <span class='ocrx_word' id='word_1_345' title='bbox 2956 3435 3113 3500; x_wconf 90' lang='lat' dir='ltr'><strong>opus</strong></span> 
     </span>
     <span class='ocr_line' id='line_1_32' title="bbox 650 3516 3108 3603; baseline 0 -18"><span class='ocrx_word' id='word_1_346' title='bbox 650 3539 721 3585; x_wconf 90' lang='lat' dir='ltr'><strong>eo</strong></span> <span class='ocrx_word' id='word_1_347' title='bbox 769 3520 935 3603; x_wconf 89' lang='lat' dir='ltr'><strong>quod</strong></span> <span class='ocrx_word' id='word_1_348' title='bbox 981 3523 1379 3603; x_wconf 85' lang='lat' dir='ltr'><strong>praeceptum</strong></span> <span class='ocrx_word' id='word_1_349' title='bbox 1425 3520 1539 3594; x_wconf 87' lang='lat' dir='ltr'><strong>est,</strong></span> <span class='ocrx_word' id='word_1_350' title='bbox 1589 3518 1695 3583; x_wconf 89' lang='lat' dir='ltr'><strong>sed</strong></span> <span class='ocrx_word' id='word_1_351' title='bbox 1741 3518 1973 3583; x_wconf 87' lang='lat' dir='ltr'><strong>sufficit</strong></span> <span class='ocrx_word' id='word_1_352' title='bbox 2021 3520 2094 3582; x_wconf 88' lang='lat' dir='ltr'><strong>ut</strong></span> <span class='ocrx_word' id='word_1_353' title='bbox 2138 3517 2294 3582; x_wconf 86' lang='lat' dir='ltr'><strong>illud</strong></span> <span class='ocrx_word' id='word_1_354' title='bbox 2340 3516 2643 3582; x_wconf 86' lang='lat' dir='ltr'><strong>faciamus</strong></span> <span class='ocrx_word' id='word_1_355' title='bbox 2688 3520 2941 3600; x_wconf 89' lang='lat' dir='ltr'><strong>propter</strong></span> <span class='ocrx_word' id='word_1_356' title='bbox 2978 3521 3108 3585; x_wconf 90' lang='lat' dir='ltr'><strong>eius</strong></span> 
     </span>
     <span class='ocr_line' id='line_1_33' title="bbox 649 3621 3111 3705; baseline 0.002 -19"><span class='ocrx_word' id='word_1_357' title='bbox 649 3622 1048 3689; x_wconf 86' lang='lat' dir='ltr'><strong>intrinsecam</strong></span> <span class='ocrx_word' id='word_1_358' title='bbox 1095 3624 1504 3701; x_wconf 87' lang='lat' dir='ltr'><strong>honestatem,</strong></span> <span class='ocrx_word' id='word_1_359' title='bbox 1554 3622 1807 3705; x_wconf 88' lang='lat' dir='ltr'><strong>propter</strong></span> <span class='ocrx_word' id='word_1_360' title='bbox 1837 3641 2028 3704; x_wconf 89' lang='lat' dir='ltr'><strong>quam</strong></span> <span class='ocrx_word' id='word_1_361' title='bbox 2073 3624 2137 3687; x_wconf 89' lang='lat' dir='ltr'><strong>et</strong></span> <span class='ocrx_word' id='word_1_362' title='bbox 2167 3622 2565 3704; x_wconf 89' lang='lat' dir='ltr'><strong>praeceptum</strong></span> <span class='ocrx_word' id='word_1_363' title='bbox 2596 3622 2710 3699; x_wconf 88' lang='lat' dir='ltr'><strong>est,</strong></span> <span class='ocrx_word' id='word_1_364' title='bbox 2745 3621 2844 3686; x_wconf 81' lang='lat' dir='ltr'><strong>vel</strong></span> <span class='ocrx_word' id='word_1_365' title='bbox 2875 3624 2949 3687; x_wconf 89' lang='lat' dir='ltr'><strong>ut</strong></span> <span class='ocrx_word' id='word_1_366' title='bbox 2979 3624 3111 3690; x_wconf 90' lang='lat' dir='ltr'><strong>Deo</strong></span> 
     </span>
     <span class='ocr_line' id='line_1_34' title="bbox 651 3722 3113 3810; baseline 0.002 -21"><span class='ocrx_word' id='word_1_367' title='bbox 651 3726 1023 3807; x_wconf 86' lang='lat' dir='ltr'><strong>placeamus.</strong></span> <span class='ocrx_word' id='word_1_368' title='bbox 1059 3726 1282 3790; x_wconf 91' lang='lat' dir='ltr'><strong>Omnia</strong></span> <span class='ocrx_word' id='word_1_369' title='bbox 1328 3744 1474 3791; x_wconf 85' lang='lat' dir='ltr'><strong>sane</strong></span> <span class='ocrx_word' id='word_1_370' title='bbox 1506 3726 1830 3808; x_wconf 88' lang='lat' dir='ltr'><strong>praecepta</strong></span> <span class='ocrx_word' id='word_1_371' title='bbox 1863 3726 2080 3790; x_wconf 90' lang='lat' dir='ltr'><strong>iubent</strong></span> <span class='ocrx_word' id='word_1_372' title='bbox 2112 3743 2268 3808; x_wconf 86' lang='lat' dir='ltr'><strong>opus</strong></span> <span class='ocrx_word' id='word_1_373' title='bbox 2303 3722 2436 3787; x_wconf 91' lang='lat' dir='ltr'><strong>fieri</strong></span> <span class='ocrx_word' id='word_1_374' title='bbox 2467 3722 2830 3806; x_wconf 82' lang='lat' dir='ltr'><strong>simpliciter</strong></span> <span class='ocrx_word' id='word_1_375' title='bbox 2861 3730 3113 3810; x_wconf 86' lang='lat' dir='ltr'><strong>propter</strong></span> 
     </span>
     <span class='ocr_line' id='line_1_35' title="bbox 649 3827 1284 3910; baseline 0.002 -20"><span class='ocrx_word' id='word_1_376' title='bbox 649 3827 845 3910; x_wconf 90' lang='lat' dir='ltr'><strong>ipsius</strong></span> <span class='ocrx_word' id='word_1_377' title='bbox 876 3828 1284 3892; x_wconf 87' lang='lat' dir='ltr'><strong>honestatem.</strong></span> 
     </span>
    </p>

    <p class='ocr_par' dir='ltr' id='par_1_6' title="bbox 646 3928 3110 4318">
     <span class='ocr_line' id='line_1_36' title="bbox 741 3928 3107 4013; baseline 0.002 -19"><span class='ocrx_word' id='word_1_378' title='bbox 741 3929 829 3994; x_wconf 88' lang='lat' dir='ltr'><strong>Ut</strong></span> <span class='ocrx_word' id='word_1_379' title='bbox 860 3948 1003 3994; x_wconf 84' lang='lat' dir='ltr'><strong>vero</strong></span> <span class='ocrx_word' id='word_1_380' title='bbox 1051 3930 1191 4011; x_wconf 88' lang='lat' dir='ltr'><strong>quis</strong></span> <span class='ocrx_word' id='word_1_381' title='bbox 1237 3933 1443 4013; x_wconf 80' lang='lat' dir='ltr'><strong>peccet</strong></span> <span class='ocrx_word' id='word_1_382' title='bbox 1474 3934 1692 3997; x_wconf 85' lang='lat' dir='ltr'><strong>contra</strong></span> <span class='ocrx_word' id='word_1_383' title='bbox 1730 3929 2162 4003; x_wconf 86' lang='lat' dir='ltr'><strong>obedientiam,</strong></span> <span class='ocrx_word' id='word_1_384' title='bbox 2197 3947 2320 4011; x_wconf 88' lang='lat' dir='ltr'><strong>qua</strong></span> <span class='ocrx_word' id='word_1_385' title='bbox 2353 3947 2501 4012; x_wconf 86' lang='lat' dir='ltr'><strong>erga</strong></span> <span class='ocrx_word' id='word_1_386' title='bbox 2532 3928 2804 3995; x_wconf 89' lang='lat' dir='ltr'><strong>alterum</strong></span> <span class='ocrx_word' id='word_1_387' title='bbox 2841 3932 3107 4009; x_wconf 81' lang='lat' dir='ltr'><strong>tenetur,</strong></span> 
     </span>
     <span class='ocr_line' id='line_1_37' title="bbox 650 4029 3106 4115; baseline 0 -17"><span class='ocrx_word' id='word_1_388' title='bbox 650 4051 771 4098; x_wconf 91' lang='lat' dir='ltr'><strong>non</strong></span> <span class='ocrx_word' id='word_1_389' title='bbox 804 4051 959 4115; x_wconf 88' lang='lat' dir='ltr'><strong>opus</strong></span> <span class='ocrx_word' id='word_1_390' title='bbox 991 4033 1087 4097; x_wconf 90' lang='lat' dir='ltr'><strong>est</strong></span> <span class='ocrx_word' id='word_1_391' title='bbox 1119 4034 1191 4097; x_wconf 90' lang='lat' dir='ltr'><strong>ut</strong></span> <span class='ocrx_word' id='word_1_392' title='bbox 1222 4034 1429 4114; x_wconf 87' lang='lat' dir='ltr'><strong>peccet</strong></span> <span class='ocrx_word' id='word_1_393' title='bbox 1459 4034 1782 4115; x_wconf 88' lang='lat' dir='ltr'><strong>peccatum</strong></span> <span class='ocrx_word' id='word_1_394' title='bbox 1819 4029 2270 4095; x_wconf 89' lang='lat' dir='ltr'><strong>inobedientiae</strong></span> <span class='ocrx_word' id='word_1_395' title='bbox 2316 4030 2617 4106; x_wconf 76' lang='lat' dir='ltr'><strong>formaUS,</strong></span> <span class='ocrx_word' id='word_1_396' title='bbox 2651 4031 2757 4095; x_wconf 89' lang='lat' dir='ltr'><strong>sed</strong></span> <span class='ocrx_word' id='word_1_397' title='bbox 2788 4033 2964 4111; x_wconf 88' lang='lat' dir='ltr'><strong>satis,</strong></span> <span class='ocrx_word' id='word_1_398' title='bbox 3013 4036 3106 4112; x_wconf 87' lang='lat' dir='ltr'><strong>ut,</strong></span> 
     </span>
     <span class='ocr_line' id='line_1_38' title="bbox 648 4132 3110 4219; baseline 0.002 -19"><span class='ocrx_word' id='word_1_399' title='bbox 648 4156 719 4200; x_wconf 84' lang='lat' dir='ltr'><strong>ex</strong></span> <span class='ocrx_word' id='word_1_400' title='bbox 749 4136 1029 4218; x_wconf 87' lang='lat' dir='ltr'><strong>qualibet</strong></span> <span class='ocrx_word' id='word_1_401' title='bbox 1071 4134 1433 4211; x_wconf 88' lang='lat' dir='ltr'><strong>intentione,</strong></span> <span class='ocrx_word' id='word_1_402' title='bbox 1481 4134 1671 4198; x_wconf 91' lang='lat' dir='ltr'><strong>libere</strong></span> <span class='ocrx_word' id='word_1_403' title='bbox 1719 4132 1915 4197; x_wconf 87' lang='lat' dir='ltr'><strong>violet</strong></span> <span class='ocrx_word' id='word_1_404' title='bbox 1958 4134 2382 4216; x_wconf 82' lang='lat' dir='ltr'><strong>praeceptum3</strong></span> <span class='ocrx_word' id='word_1_405' title='bbox 2423 4135 2513 4198; x_wconf 85' lang='lat' dir='ltr'><strong>sio</strong></span> <span class='ocrx_word' id='word_1_406' title='bbox 2557 4134 2723 4199; x_wconf 86' lang='lat' dir='ltr'><strong>enim</strong></span> <span class='ocrx_word' id='word_1_407' title='bbox 2759 4133 2910 4201; x_wconf 84' lang='lat' dir='ltr'><strong>facit</strong></span> <span class='ocrx_word' id='word_1_408' title='bbox 2942 4137 3110 4219; x_wconf 87' lang='lat' dir='ltr'><strong>quod</strong></span> 
     </span>
     <span class='ocr_line' id='line_1_39' title="bbox 646 4233 2364 4318; baseline -0.001 -17"><span class='ocrx_word' id='word_1_409' title='bbox 646 4256 767 4301; x_wconf 91' lang='lat' dir='ltr'><strong>non</strong></span> <span class='ocrx_word' id='word_1_410' title='bbox 807 4238 1053 4301; x_wconf 89' lang='lat' dir='ltr'><strong>deberet</strong></span> <span class='ocrx_word' id='word_1_411' title='bbox 1077 4237 1274 4301; x_wconf 86' lang='lat' dir='ltr'><strong>facere</strong></span> <span class='ocrx_word' id='word_1_412' title='bbox 1313 4254 1383 4299; x_wconf 82' lang='lat' dir='ltr'><strong>ex</strong></span> <span class='ocrx_word' id='word_1_413' title='bbox 1409 4234 1776 4311; x_wconf 89' lang='lat' dir='ltr'><strong>obedientia,</strong></span> <span class='ocrx_word' id='word_1_414' title='bbox 1803 4253 1927 4315; x_wconf 92' lang='lat' dir='ltr'><strong>qua</strong></span> <span class='ocrx_word' id='word_1_415' title='bbox 1960 4233 2295 4318; x_wconf 85' lang='lat' dir='ltr'><strong>obligatur.</strong></span> <span class='ocrx_word' id='word_1_416' title='bbox 2329 4236 2364 4274; x_wconf 72' lang='lat'><strong>&#39;⁸</strong></span> 
     </span>
    </p>

    <p class='ocr_par' dir='ltr' id='par_1_7' title="bbox 640 4332 3110 4628">
     <span class='ocr_line' id='line_1_40' title="bbox 737 4332 3109 4420; baseline 0.001 -15"><span class='ocrx_word' id='word_1_417' title='bbox 737 4332 892 4406; x_wconf 82' lang='lat'><strong>821.</strong></span> <span class='ocrx_word' id='word_1_418' title='bbox 933 4337 1361 4403; x_wconf 88' lang='lat' dir='ltr'><strong>Obedientiam</strong></span> <span class='ocrx_word' id='word_1_419' title='bbox 1396 4336 1513 4400; x_wconf 85' lang='lat' dir='ltr'><strong>filii</strong></span> <span class='ocrx_word' id='word_1_420' title='bbox 1549 4334 1908 4418; x_wconf 84' lang='lat' dir='ltr'><strong>parentibus</strong></span> <span class='ocrx_word' id='word_1_421' title='bbox 1945 4338 2258 4420; x_wconf 88' lang='lat' dir='ltr'><strong>praestare</strong></span> <span class='ocrx_word' id='word_1_422' title='bbox 2283 4336 2523 4416; x_wconf 87' lang='lat' dir='ltr'><strong>debent,</strong></span> <span class='ocrx_word' id='word_1_423' title='bbox 2563 4339 2714 4405; x_wconf 89' lang='lat' dir='ltr'><strong>dum</strong></span> <span class='ocrx_word' id='word_1_424' title='bbox 2751 4340 2867 4404; x_wconf 87' lang='lat' dir='ltr'><strong>sub</strong></span> <span class='ocrx_word' id='word_1_425' title='bbox 2890 4359 3109 4407; x_wconf 88' lang='lat' dir='ltr'><strong>eorum</strong></span> 
     </span>
     <span class='ocr_line' id='line_1_41' title="bbox 645 4437 3110 4520; baseline 0.005 -20"><span class='ocrx_word' id='word_1_426' title='bbox 645 4440 954 4519; x_wconf 86' lang='lat' dir='ltr'><strong>potestate</strong></span> <span class='ocrx_word' id='word_1_427' title='bbox 986 4441 1332 4505; x_wconf 84' lang='lat' dir='ltr'><strong>versantur.</strong></span> <span class='ocrx_word' id='word_1_428' title='bbox 1367 4437 1435 4502; x_wconf 90' lang='lat' dir='ltr'><strong>Id</strong></span> <span class='ocrx_word' id='word_1_429' title='bbox 1471 4456 1577 4520; x_wconf 90' lang='lat' dir='ltr'><strong>per</strong></span> <span class='ocrx_word' id='word_1_430' title='bbox 1608 4456 1672 4502; x_wconf 91' lang='lat' dir='ltr'><strong>se</strong></span> <span class='ocrx_word' id='word_1_431' title='bbox 1711 4439 1905 4520; x_wconf 88' lang='lat' dir='ltr'><strong>patet.</strong></span> <span class='ocrx_word' id='word_1_432' title='bbox 1941 4439 2078 4503; x_wconf 90' lang='lat' dir='ltr'><strong>Iam</strong></span> <span class='ocrx_word' id='word_1_433' title='bbox 2108 4458 2251 4503; x_wconf 85' lang='lat' dir='ltr'><strong>vero</strong></span> <span class='ocrx_word' id='word_1_434' title='bbox 2286 4443 2359 4505; x_wconf 90' lang='lat' dir='ltr'><strong>ut</strong></span> <span class='ocrx_word' id='word_1_435' title='bbox 2388 4441 2805 4507; x_wconf 90' lang='lat' dir='ltr'><strong>inobedientia</strong></span> <span class='ocrx_word' id='word_1_436' title='bbox 2835 4442 2952 4508; x_wconf 86' lang='lat' dir='ltr'><strong>filii</strong></span> <span class='ocrx_word' id='word_1_437' title='bbox 2974 4463 3110 4512; x_wconf 77' lang='lat' dir='ltr'><strong>oen-</strong></span> 
     </span>
     <span class='ocr_line' id='line_1_42' title="bbox 640 4538 3107 4628; baseline 0.005 -27"><span class='ocrx_word' id='word_1_438' title='bbox 640 4538 854 4602; x_wconf 89' lang='lat' dir='ltr'><strong>seatur</strong></span> <span class='ocrx_word' id='word_1_439' title='bbox 884 4539 1093 4621; x_wconf 86' lang='lat' dir='ltr'><strong>gravis</strong></span> <span class='ocrx_word' id='word_1_440' title='bbox 1141 4539 1343 4622; x_wconf 88' lang='lat' dir='ltr'><strong>culpa,</strong></span> <span class='ocrx_word' id='word_1_441' title='bbox 1384 4538 1646 4603; x_wconf 88' lang='lat' dir='ltr'><strong>materia</strong></span> <span class='ocrx_word' id='word_1_442' title='bbox 1693 4539 1964 4623; x_wconf 89' lang='lat' dir='ltr'><strong>primum</strong></span> <span class='ocrx_word' id='word_1_443' title='bbox 2012 4541 2194 4606; x_wconf 88' lang='lat' dir='ltr'><strong>debet</strong></span> <span class='ocrx_word' id='word_1_444' title='bbox 2237 4560 2367 4607; x_wconf 88' lang='lat' dir='ltr'><strong>esse</strong></span> <span class='ocrx_word' id='word_1_445' title='bbox 2415 4543 2626 4627; x_wconf 76' lang='lat' dir='ltr'><strong>gravis</strong></span> <span class='ocrx_word' id='word_1_446' title='bbox 2674 4546 2737 4609; x_wconf 89' lang='lat' dir='ltr'><strong>et</strong></span> <span class='ocrx_word' id='word_1_447' title='bbox 2786 4549 3107 4628; x_wconf 87' lang='lat' dir='ltr'><strong>praeterea</strong></span> 
     </span>
    </p>
   </div>
  </div>
 </body>
</html>
