3497 5147
702 388 811 444 762
882 404 1094 445 macr.
1118 406 1198 446 vr.
1220 403 1381 445 sacr.
1403 404 1484 444 vx.
1506 402 1591 442 nn
1611 398 1803 442 anx-ro
1831 399 1906 438 m·
1931 396 2093 438 nono
2111 395 2330 437 raam.
2349 395 2679 438 nnoALoor.
2704 397 2849 440 mm.
2881 400 2946 441 11.
2986 385 3171 461 [1017]

701 503 812 575 est,
840 503 999 566 teste
1030 500 1327 566 Caietano
1367 499 1537 577 ibid„
1573 499 1722 562 haec
1754 500 1882 561 est:
1925 495 2124 577 «quia
2148 492 2524 558 naturaliter
2545 494 2732 560 homo
2765 494 2946 560 debet
2977 516 3168 579 quan-

699 605 840 670 dam
888 605 1421 671 honorificentiam
1470 603 1828 688 parentibus
1889 603 1952 664 et
2006 619 2112 683 per
2171 617 2547 681 consequens
2597 600 2737 664 aliis
2791 606 3164 688 consangni-

698 708 847 780 neis,
888 709 995 790 qui
1034 727 1105 772 ex
1137 708 1353 772 iisdem
1381 706 1739 790 parentibus
1788 703 1860 768 de
1892 702 2238 786 propinquo
2274 702 2574 785 originem
2606 704 2931 769 trahunt...
2969 705 3163 770 Mani—

694 809 922 874 festum
970 813 1065 874 est
1109 812 1321 874 autem
1368 807 1533 891 quod
1562 809 1625 873 in
1665 807 1909 870 actibus
1947 805 2218 868 venereis
2249 805 2515 870 maxime
2547 807 2835 872 consistit
2858 809 3160 889 quaedam

694 912 1020 995 turpitudo
1068 910 1570 976 honorificentiae
1617 908 1948 981 contraria,
1983 906 2145 970 unde
2177 907 2250 970 de
2288 907 2386 970 his
2425 906 2705 973 homines
2752 911 3162 975 verecundan-

693 1015 817 1078 tur.
855 1013 935 1076 Et
980 1014 1116 1077 ideo
1154 1013 1563 1096 incongruum
1597 1012 1710 1088 est,
1746 1009 1912 1092 quod
1944 1008 2304 1072 commixtio
2338 1027 2594 1073 venerea
2626 1009 2739 1075 flat
2772 1011 2994 1076 talium
3029 1033 3160 1095 per-

692 1134 987 1180 sonarum
1022 1115 1097 1178 ad
1129 1115 1391 1178 invicem
1425 1137 1485 1177 ».

781 1217 1037 1280 Certum
1085 1220 1197 1292 est,
1232 1216 1668 1280 commixtione
1697 1215 2008 1295 frequenti
2033 1213 2635 1298 consanguineorum
2668 1215 2944 1280 sobolem
2974 1219 3161 1281 male-

692 1341 908 1386 sanam
943 1340 1012 1384 ac
1044 1321 1335 1385 vitiosam
1384 1320 1635 1385 tandem
1668 1319 1974 1402 procreari
2009 1321 2073 1382 et
2109 1319 2382 1400 deperire
2411 1318 2720 1400 familias3
2759 1340 2791 1384 e
2822 1323 3154 1396 contrariO,

690 1423 998 1507 copulatis
1044 1423 1412 1508 coniugibus
1460 1441 1529 1486 ex
1593 1420 1852 1486 diversis
1908 1423 1970 1485 et
2040 1421 2276 1486 dissitis
2345 1420 2618 1496 familiis,
2668 1422 2826 1486 vitia
2895 1426 3157 1488 naturae

688 1528 1018 1602 emendari,
1052 1528 1212 1591 vires
1263 1527 1498 1611 augeri,
1535 1525 1769 1590 formas
1802 1524 2029 1607 perfici,
2065 1542 2281 1588 sensus
2329 1542 2576 1605 quoque
2623 1525 2947 1607 ipsamque
2979 1527 3155 1590 intel-

687 1630 1014 1714 ligentiam
1059 1649 1181 1694 non
1229 1648 1451 1713 parum
1520 1627 1832 1711 proficere.
1891 1626 2068 1705 Quod
2120 1626 2490 1710 argumento
2555 1629 2669 1702 est,
2734 1629 3027 1692 naturam
3074 1630 3155 1692 ab

686 1733 1053 1797 incestuosis
1086 1732 1321 1816 nuptiis
1353 1731 1532 1794 valde
1576 1731 1902 1794 abhorrere
1937 1730 2124 1810 atque
2156 1728 2273 1792 hac
2303 1728 2546 1793 ratione
2577 1729 2932 1815 physiologi
2963 1731 3155 1813 potis-

687 1835 910 1899 simum
962 1838 1250 1910 utuntur,
1299 1853 1488 1916 quam
1534 1832 1816 1917 theologi
1878 1833 1942 1896 et
2004 1832 2467 1896 concionatores
2529 1833 2970 1915 parvipendere
3029 1853 3153 1899 non

686 1935 926 2000 debent.
966 1936 1221 2000 Veteres
1268 1935 1571 2019 Theologi
1620 1935 1761 1998 aliis
1807 1936 1956 1998 sunt
1992 1934 2090 1999 usi
2126 1934 2512 2018 argumentis
2543 1935 2906 2000 moralibus.

776 2038 935 2103 Tum
985 2058 1033 2101 s,
1083 2039 1317 2103 Doctor
1361 2041 1574 2102 monet
1626 2063 1662 2095 ⁴<
1709 2037 1875 2119 quod
1922 2056 2184 2121 persona
2244 2037 2446 2101 affinis
2504 2038 2909 2123 coniungitur
2962 2040 3151 2105 alicui

681 2145 936 2224 propter
966 2159 1292 2224 personam
1331 2140 1875 2224 consanguinitate
1906 2139 2300 2204 coniunctam
2340 2139 2404 2203 et
2433 2139 2591 2216 ideo,
2627 2140 2775 2221 quia
2812 2160 3007 2207 unum
3055 2147 3154 2208 ast

682 2246 933 2327 propter
967 2245 1255 2321 alterum,
1291 2243 1562 2308 eiusdem
1587 2242 1849 2307 rationis
1883 2242 2440 2306 inconvenientiam
2464 2240 2618 2306 facit
2638 2245 3152 2328 consanguinitas

681 2350 742 2412 et
781 2347 1056 2411 affinitas
1088 2373 1123 2405 »
1164 2346 1241 2410 ad
1277 2348 1381 2409 2¹¹².
2576 2360 2580 2364 ’

773 2446 961 2519 1017.
1003 2450 1326 2514 Postremo
1366 2449 1597 2534 gradus
1646 2449 1877 2512 statuit
1898 2449 1962 2511 in
1995 2446 2340 2510 indecentia
2373 2447 2730 2511 huiusmodi
2760 2450 3148 2515 commixtio·

677 2553 794 2629 nis,
835 2545 1322 2634 definiens'quid
1368 2552 1504 2635 lege
1551 2551 1832 2627 naturae,
1867 2549 2013 2633 quid
2043 2550 2182 2635 lege
2229 2548 2499 2633 positiva
2545 2550 2814 2616 vetitum
2859 2552 2961 2617 sit.
3003 2577 3040 2612 ‹
3071 2553 3144 2617 In

678 2654 1115 2719 commixtione
1161 2672 1565 2737 personarum
1612 2653 2084 2718 coniunctarum
2135 2652 2370 2734 aliquid
2420 2655 2532 2729 est,
2571 2654 2738 2735 quod
2783 2656 2881 2719 est
2933 2674 3144 2720 secun-

676 2756 826 2821 dum
874 2776 936 2821 se
973 2756 1257 2821 indecens
1304 2759 1367 2820 et
1412 2774 1764 2839 repugnans
1801 2755 2072 2819 naturali
2109 2755 2357 2833 rationi,
2392 2755 2555 2820 sicut
2586 2756 2752 2837 quod
2782 2758 3141 2822 commixtio

674 2857 790 2922 fiat
832 2858 997 2922 inter
1029 2861 1312 2941 parentes
1345 2860 1409 2923 et
1439 2858 1635 2934 filios:
1672 2876 1939 2941 quorum
1971 2860 2067 2922 est
2097 2876 2205 2940 per
2241 2877 2306 2922 se
2338 2857 2402 2921 et
2432 2858 2795 2923 immediata
2826 2862 3141 2944 cognatio.

675 2958 839 3023 Nam
862 2959 978 3023 filii
1014 2961 1388 3025 naturaliter
1419 2961 1716 3025 honorem
1751 2959 1972 3025 debent
2003 2960 2427 3043 parentibus..
2463 2960 2641 3025 Aliae
2667 2980 2811 3027 vero
2843 2981 3140 3046 personae

675 3081 833 3145 quae
879 3081 1001 3128 non
1042 3063 1506 3148 coniunguntur
1553 3062 1890 3127 secundum
1936 3081 2001 3126 se
2047 3063 2215 3145 ipsas
2268 3063 2374 3127 sed
2425 3080 2535 3145 per
2589 3062 2865 3129 ordinem
2914 3065 2992 3129 ad
3035 3084 3140 3149 pa-

673 3167 898 3243 rentes,
926 3184 1047 3230 non
1080 3167 1312 3231 habent
1343 3166 1434 3229 ita
1469 3185 1538 3231 ex
1578 3184 1641 3229 se
1686 3164 1840 3246 ipsis
1885 3164 2314 3229 indecentiam.
2350 3162 2470 3229 Sed
2516 3165 2799 3233 variatur
2829 3167 2990 3233 circa
3021 3168 3136 3234 hoc

671 3268 952 3332 decentia
997 3269 1096 3332 vel
1144 3267 1487 3332 indecentia
1526 3265 1860 3330 secundum
1907 3266 2415 3331 consuetudinem
2447 3268 2511 3330 et
2540 3267 2744 3351 legem
2796 3269 3137 3335 humanam

671 3372 770 3436 vel
817 3370 1120 3445 divinam3
1158 3371 1324 3452 quia,
1367 3371 1440 3434 ut
1486 3369 1722 3433 dictum
1771 3371 1867 3432 est
1913 3387 1969 3432 a.
2005 3369 2065 3433 2.
2101 3366 2205 3450 (cf.
2240 3390 2298 3433 n.
2338 3370 2492 3453 77.),
2527 3387 2676 3434 usus
2713 3389 3135 3449 venereorum,

670 3476 777 3558 qui
827 3475 1148 3539 ordinatur
1184 3473 1260 3537 ad
1291 3474 1524 3538 bonum
1572 3492 1916 3549 commune,
1967 3472 2244 3537 subiacet
2290 3473 2434 3557 legi.
2476 3472 2557 3536 Et
2595 3472 2751 3551 ideo,
2778 3474 2960 3553 sicut,
3012 3476 3136 3541 Au-

668 3580 961 3663 gustinus
998 3578 1150 3642 dicit
1194 3578 1268 3641 de
1316 3574 1447 3642 Civ.
1496 3576 1626 3643 ,Dei
1655 3575 1816 3652 XV„
1857 3577 1981 3652 16„
2031 3575 2388 3641 commixtio
2437 3595 2722 3642 sororum
2768 3579 2831 3642 et
2865 3576 3134 3645 fratrum

668 3687 904 3762 quanto
952 3681 1074 3745 fuit
1121 3680 1458 3763 antiquior,
1485 3680 1891 3762 compellente
1939 3680 2323 3755 necessitate,
2350 3681 2529 3744 tanto
2579 3681 2795 3761 postea
2823 3680 2994 3746 facta
3039 3687 3134 3747 est

668 3783 1082 3849 damnabilior
1113 3784 1412 3868 religione
1451 3781 1816 3866 prohibente
1848 3806 1910 3845 ».

758 3884 847 3948 Ex
910 3885 1188 3949 doctrina
1254 3884 1509 3968 proinde
1554 3904 1604 3949 s.
1653 3884 1950 3959 Thomae,
2018 3884 2069 3948 si
2131 3883 2325 3949 solius
2379 3883 2536 3969 legis
2598 3885 2906 3951 naturalis
2965 3887 3128 3952 ratio

668 3986 991 4065 habeatur,
1056 4007 1352 4071 personae
1413 3988 1716 4053 inhabiles
1781 3986 1857 4052 ad
1920 3987 2280 4072 coniugium
2328 3989 2475 4052 sunt
2531 3989 2780 4053 tantum
2844 3992 3127 4072 parentes

666 4093 730 4155 et
774 4090 930 4163 filii;
983 4109 1093 4173 pro
1144 4090 1363 4154 ceteris
1410 4090 1883 4154 coniunctorum
1930 4089 2474 4155 commixtionibus
2505 4089 2849 4155 intercedat
2885 4111 3127 4157 necesse

666 4196 760 4258 est
809 4194 1018 4274 aliqua
1078 4193 1174 4257 lex
1246 4192 1455 4256 divina
1502 4191 1599 4256 vel
1647 4191 1940 4255 humana.
1992 4191 2091 4255 Ita
2153 4192 2217 4255 et
2278 4188 2613 4256 Caietanus
2659 4192 3124 4276 interpretatur.

665 4314 850 4375 quem
896 4295 1052 4379 lege.

754 4396 986 4461 Verum
1002 4416 1052 4461 a.
1073 4397 1345 4462 Thomas
1369 4415 1493 4460 non
1515 4400 1707 4479 negat
1742 4414 1875 4460 esse
1898 4397 2246 4463 indecentes
2273 4417 2343 4462 ex
2368 4416 2432 4463 se
2465 4399 2621 4463 alias
2652 4398 3120 4465 coniunctorum

663 4498 1151 4575 commixtiones,
1178 4499 1285 4563 sed
1321 4502 1511 4583 negat
1535 4517 1663 4564 esse
1697 4518 1768 4564 ex
1800 4519 1865 4565 se
1897 4501 2048 4584 ipsis
2078 4501 2174 4566 ita
2195 4502 2562 4579 indecenteS,
2596 4502 2760 4567 sicut
2793 4504 3125 4584 parentum

669 4602 733 4663 et
778 4598 1070 4664 filiorum.
