3497 5147
309 324 448 400 [649]
915 340 1085 388 Quam
1120 341 1200 381 m·
1237 340 1481 388 QUANTA
1523 341 1615 382 srr
1652 342 1985 385 onmoxrro
2025 343 2169 385 vo‘r1
2662 334 2770 387 495

309 436 687 502 abstinentia
718 457 755 503 a
792 439 1079 504 carnibus
1125 441 1220 504 est
1253 440 1659 504 accessorium
1692 440 1758 505 in
1797 441 2025 506 ieiunio
2059 460 2166 524 per
2197 443 2416 506 votum
2462 442 2766 525 promisso

303 541 369 603 et
411 539 501 604 sic
546 540 747 605 fracto
795 539 1046 617 ieiunio,
1073 560 1196 606 non
1236 542 1505 625 amplius
1554 543 1814 628 obligat,
1855 544 2023 625 quia,
2058 542 2376 614 deficiente
2423 545 2765 627 principali,

302 640 510 706 deficit
558 644 969 708 accessorium
1006 668 1069 708 ».
1101 643 1252 709 Mox
1299 647 1510 710 autem
1547 645 1813 710 addunt:
1856 671 1890 704 «
1923 646 2149 729 Dispar
2195 649 2291 711 est
2336 647 2502 711 ratio
2535 646 2599 709 in
2632 647 2769 731 lege

300 744 737 824 ecclesiastica,
776 745 840 810 in
888 766 1012 829 qua
1059 746 1292 830 duplici
1338 748 1661 830 praecepto
1709 748 2086 831 praecipitur
2132 748 2434 813 ieiunium
2482 751 2545 813 et
2583 749 2769 813 absti-

297 847 513 911 nentia
552 867 589 912 a
621 849 906 914 carnibus
939 851 1002 914 et
1034 848 1124 915 sic
1153 851 1361 933 potest
1391 870 1586 914 unum
1634 851 1712 914 ab
1745 850 1869 915 alio
1908 851 2214 934 separari3
2251 851 2627 934 proindeque
2660 852 2767 934 qui

296 947 490 1032 fregit
519 949 843 1028 ieiunium,
863 953 1111 1016 tenetur
1136 951 1442 1017 abstinere
1468 973 1502 1017 a
1527 954 1834 1032 carnibuS,
1863 955 2009 1036 quia
2041 953 2239 1019 fracto
2265 972 2390 1019 uno
2418 955 2763 1037 praecepto,

295 1053 582 1117 remanet
628 1053 828 1118 aliud:
862 1055 1026 1137 quod
1073 1055 1137 1119 in
1184 1056 1493 1139 praesenti
1523 1055 1782 1150 (ieiunio
1829 1057 1960 1123 scil.
1995 1077 2101 1140 per
2139 1059 2359 1122 votum
2406 1059 2765 1141 promissio)

293 1172 422 1218 non
462 1155 688 1220 accidit
718 1180 781 1220 ».
808 1157 972 1230 Dixi,
1005 1158 1214 1221 minus
1250 1157 1418 1222 clare
1450 1159 1601 1223 haec
1632 1160 1720 1224 ibi
1748 1160 2029 1244 proponi.
2063 1160 2438 1226 Debuissent
2468 1161 2766 1225 nimirum

295 1275 445 1319 cum
476 1255 802 1342 Laymann
833 1260 899 1323 et
934 1257 1203 1324 Sanchez
1235 1259 1466 1324 dicere:
1507 1279 1630 1341 qua
1661 1260 1759 1325 die
1789 1262 2063 1326 Ecclesia
2110 1261 2409 1345 praecipit
2439 1261 2760 1336 ieiunium,

294 1358 492 1422 simul
541 1360 981 1425 abstinentiam
1029 1380 1065 1425 a
1111 1361 1398 1427 carnibus
1445 1362 1745 1445 praecipit
1791 1365 1928 1427 tum
1974 1363 2414 1439 ieiunantibuS,
2456 1365 2595 1427 tum
2641 1382 2764 1428 non

293 1460 750 1540 ieiunantibus3
785 1483 933 1548 ergo
980 1464 1035 1528 si
1080 1482 1152 1527 ea
1199 1463 1295 1527 die
1344 1464 1483 1545 quis
1530 1483 1640 1528 esu
1686 1465 1967 1529 carnium
2015 1465 2203 1550 fregit
2247 1464 2568 1542 ieiunium,
2617 1465 2765 1529 licet

291 1564 681 1647 impossibile
712 1565 798 1630 sit
840 1566 961 1649 ipsi
1004 1565 1306 1630 ieiunium
1353 1585 1616 1642 servare,
1651 1569 1865 1649 peccat
1909 1568 2139 1643 tamen,
2175 1567 2228 1631 si
2274 1567 2504 1631 iterum
2550 1586 2762 1632 carnes

290 1667 664 1745 manducet;
692 1669 838 1751 quia
868 1668 1142 1733 Ecclesia
1174 1668 1365 1733 etiam
1390 1687 1513 1733 non
1544 1668 1966 1733 ieiunantibus
1990 1668 2432 1733 abstinentiam
2464 1670 2765 1752 praecipit

293 1769 373 1832 ab
406 1789 519 1834 esu
565 1769 865 1835 carnium.
899 1771 1092 1836 Porro
1141 1771 1327 1836 nimis
1375 1769 1622 1833 difficile
1669 1774 1766 1834 est
1810 1771 1970 1835 hanc
2014 1771 2458 1836 resolutionem
2505 1773 2568 1835 et
2613 1772 2763 1837 haec

294 1890 480 1936 sensa
510 1892 752 1937 cernere
782 1873 847 1936 in
880 1893 928 1937 s.
962 1873 1268 1957 Alphonsi
1299 1875 1521 1951 verbis,
1556 1892 1715 1956 quae
1755 1892 1942 1956 supra
1974 1874 2122 1937 sunt
2152 1872 2479 1956 descripta.

389 1973 701 2057 Quidquid
737 1994 881 2040 vero
928 1977 1002 2040 de
1047 1977 1165 2041 hoc
1210 1977 1313 2055 sit,
1349 1997 1530 2061 aegre
1570 1975 1820 2041 omnino
1869 1975 2120 2040 admitti
2157 1996 2319 2041 nunc
2355 1979 2565 2059 posset
2594 1976 2763 2059 prior

292 2071 413 2141 1113
446 2096 495 2141 s.
533 2076 835 2160 Alphonsi
866 2079 1184 2156 resolutio,
1224 2097 1473 2161 nempe:
1516 2076 1591 2144 Si
1620 2098 1843 2142 vovens
1871 2078 2199 2155 ieiunium,
2230 2077 2494 2142 comedit
2517 2098 2757 2156 carnee,

282 2199 418 2244 non
454 2182 696 2243 tenetur
717 2180 805 2244 ad
830 2180 1158 2244 ieiunium.
1183 2180 1569 2246 Praestituto
1604 2183 1770 2247 enim
1793 2181 1903 2245 illo
1936 2180 2258 2264 principio,
2283 2180 2449 2263 quod
2475 2181 2758 2246 omnibus

284 2300 621 2346 commune
666 2281 779 2359 est,
827 2281 1069 2346 ieiunia
1112 2283 1316 2346 votiva
1362 2283 1509 2364 (nisi
1558 2284 1739 2349 aliter
1787 2303 2016 2349 vovens
2063 2282 2531 2366 promissionem
2580 2301 2759 2347 suam

282 2383 708 2467 restrinxerit)
738 2384 1052 2448 servanda
1081 2404 1148 2447 eo
1181 2404 1345 2448 more
1377 2405 1527 2458 esse,
1561 2405 1681 2466 quo
1712 2386 1956 2450 ieiunia
1974 2389 2313 2466 praecepta
2341 2383 2421 2448 ab
2453 2383 2758 2461 Ecclesia,

280 2487 568 2571 profecto
617 2489 951 2569 postquam
998 2486 1368 2552 Benedictus
1415 2487 1586 2551 XIV.
1637 2489 1715 2552 ab
1760 2488 1897 2571 ipso
1946 2507 1994 2552 s,
2044 2487 2363 2569 Alphonso
2426 2487 2756 2571 allegatuS,

278 2590 650 2667 declaravit,
691 2589 1010 2655 dividuam
1046 2609 1177 2655 esse
1225 2591 1440 2656 ieiunii
1484 2592 1816 2657 materiam
1864 2612 1973 2657 seu
2011 2591 2452 2668 substantiam,
2487 2591 2637 2656 adeo
2687 2592 2761 2655 ut

280 2692 360 2757 ad
396 2692 650 2757 unicam
682 2692 1124 2757 comestionem
1155 2694 1486 2758 teneantur
1517 2694 1612 2757 illi
1644 2713 1910 2777 quoque,
1944 2695 2054 2777 qui
2083 2698 2444 2776 utcumque,
2473 2694 2602 2758 sive
2634 2694 2759 2758 cul-

275 2799 432 2881 pate
463 2796 596 2863 sive
640 2797 953 2879 inculpate
998 2815 1212 2863 carnes
1251 2797 1781 2876 manducaverint,
1821 2799 2113 2863 sustineri
2152 2799 2279 2864 iam
2328 2799 2595 2881 amplius
2634 2817 2755 2863 non

275 2902 516 2984 potest,
566 2918 728 2977 eum,
768 2900 877 2980 qui
924 2898 1167 2964 voverit
1214 2898 1534 2975 ieiunium,
1574 2901 1629 2964 si
1674 2919 1888 2965 carnes
1934 2900 2290 2975 comederit,
2329 2901 2406 2966 ad
2453 2901 2756 2966 ieiunium

276 3002 462 3068 nullo
484 3001 672 3068 modo
698 3000 910 3066 teneri.
929 3000 1155 3066 Melius
1180 3003 1322 3084 post
1337 3002 1734 3085 Apostolicae
1759 3001 1932 3068 Sedis
1955 3003 2401 3070 declarationes
2426 3004 2753 3069 dicendum

276 3108 400 3183 est,
420 3103 727 3168 eiusmodi
750 3106 1098 3180 voventem,
1117 3102 1422 3185 siquidem
1446 3124 1519 3169 ea
1543 3104 1639 3169 die
1664 3104 1996 3170 finiebatur
2020 3105 2322 3190 obligatio
2349 3106 2503 3183 voti,
2529 3105 2755 3169 saltem

275 3207 361 3272 ad
401 3204 655 3271 unicam
701 3205 1142 3270 comestionem
1178 3205 1544 3271 servandam
1591 3207 1813 3285 teneri3
1848 3208 1902 3271 si
1949 3226 2093 3272 vero
2143 3207 2446 3291 obligatio
2493 3206 2588 3270 illi
2634 3206 2757 3271 diei

275 3327 410 3374 11011
443 3308 581 3371 erat
618 3307 803 3372 affixa
834 3309 898 3371 et
926 3307 1064 3372 ideo
1101 3326 1172 3372 ea
1203 3307 1299 3372 die
1331 3327 1453 3373 non
1484 3309 1836 3388 finiebatur,
1870 3310 2053 3374 illum
2085 3310 2163 3374 ad
2194 3310 2596 3375 ieiunandum
2630 3310 2754 3375 alia

281 3412 391 3477 die
423 3410 777 3495 obligatum
811 3430 1078 3476 manere.

392 3553 573 3606 XLlV.
615 3554 697 3606 49.
738 3551 833 3619 Qui
871 3551 1024 3613 vovit,
1051 3551 1093 3604 si
1133 3552 1269 3604 ludat
1305 3550 1507 3617 chartis,
1545 3553 1661 3603 dare
1700 3553 1867 3604 decem
1907 3549 2203 3617 imperiales,
2245 3554 2439 3602 tenetur
2478 3551 2745 3603 secundum

272 3643 501 3705 Sancncz
529 3640 645 3693 dare
670 3638 817 3692 toties
842 3639 1026 3699 decem,
1053 3636 1250 3703 quoties
1274 3635 1428 3702 ludit3
1455 3634 1567 3701 quia
1599 3650 1755 3701 poena
1782 3644 1860 3689 est
1882 3635 2011 3688 actui
2037 3633 2329 3689 accessoria.
2352 3633 2561 3688 Videtur
2587 3642 2747 3689 tamen

276 3740 462 3790 negare
490 3726 663 3790 Laym.
688 3725 721 3777 l.
745 3723 794 3777 4.
821 3730 877 3776 tr.
907 3723 954 3775 4.
981 3737 1026 3776 c.
1052 3724 1101 3776 5.
1132 3737 1178 3774 n.
1208 3722 1253 3776 4.
1286 3720 1416 3774 Vide
1447 3722 1603 3775 Trull.
1635 3719 1775 3774 Dian.
1807 3734 1855 3786 p.
1882 3722 1931 3774 5.
1958 3735 2002 3773 c.
2030 3721 2077 3772 9.
2108 3734 2146 3771 r.
2176 3721 2260 3773 60.

370 3837 552 3912 649.
582 3841 618 3879 *
643 3840 800 3924 Agit
830 3840 963 3904 heic
985 3838 1062 3904 A.
1084 3839 1159 3904 de
1188 3840 1338 3904 voto
1377 3839 1640 3922 poenali.
1676 3838 1914 3903 Votum
1947 3838 2201 3921 poenale
2232 3838 2463 3922 species
2494 3840 2591 3904 est
2620 3840 2754 3905 voti

281 3943 726 4011 conditionalis
772 3945 835 4007 et
882 3944 977 4007 est
1021 3942 1198 4019 illud,
1231 3943 1294 4006 in
1341 3961 1465 4024 quo
1513 3962 1609 4007 res
1654 3942 1771 4007 sub
1810 3941 2159 4007 conditione
2197 3943 2501 4026 promissa
2548 3945 2753 4009 solum

286 4048 642 4115 intenditur
670 4046 736 4111 in
781 4065 1044 4130 poenam
1088 4045 1261 4109 illius
1298 4047 1476 4110 actus
1521 4064 1629 4128 per
1674 4064 1859 4127 quem
1904 4044 2176 4111 conditio
2223 4046 2537 4129 impletur,
2579 4050 2654 4109 ut
2699 4047 2752 4111 si

284 4151 425 4234 quis
450 4151 681 4215 voveat
703 4148 851 4213 dare
874 4148 1346 4232 eleemosynam,
1367 4148 1421 4211 si
1443 4147 1684 4212 luserit.
1711 4147 1851 4212 Hoc
1870 4149 2091 4213 votum
2115 4148 2178 4212 id
2209 4148 2399 4212 habet
2421 4148 2749 4229 peculiare,

280 4252 450 4336 quod
488 4271 613 4317 non
650 4250 737 4315 sit
766 4270 839 4314 ex
872 4250 1101 4314 affectu
1132 4248 1209 4314 ad
1240 4269 1371 4313 rem
1403 4250 1518 4314 sub
1555 4249 1905 4314 conditione
1936 4250 2327 4333 promissam,
2365 4249 2491 4312 imo
2525 4267 2633 4330 per
2664 4267 2748 4323 se,

278 4372 348 4419 ex
397 4353 676 4437 quadam
723 4352 1042 4416 aversione
1089 4350 1167 4415 ad
1218 4351 1423 4427 illam3
1465 4352 1612 4433 quia
1661 4352 2004 4417 assumitur
2048 4353 2123 4415 ut
2153 4369 2378 4435 poena:
2414 4369 2597 4433 porro
2644 4351 2752 4415 du-

279 4458 422 4540 plici
468 4456 658 4522 modo
705 4454 840 4519 fieri
870 4456 1079 4537 potest
1124 4455 1240 4519 hoc
1272 4456 1510 4518 votum.
1544 4455 1777 4528 Prima,
1818 4453 2095 4520 vovendo
2127 4457 2483 4535 utrumque,
2518 4454 2754 4520 scilicet

284 4560 596 4626 abstinere
647 4578 684 4623 a
732 4557 1081 4623 conditione
1128 4559 1193 4622 et
1238 4575 1499 4640 poenam
1544 4556 1721 4635 ferre,
1770 4558 1826 4621 si
1873 4576 1944 4622 ea
1991 4557 2286 4639 ponatur:
2324 4558 2396 4619 ut
2443 4556 2497 4620 si
2529 4577 2754 4623 voveas
