3497 5147
310 357 444 432 [829]
987 369 1139 417 Qun>
1178 372 1256 410 m·
1292 369 1656 418 Quorupmx
1695 370 2091 413 SUPERS'rl'no
2666 361 2770 415 241

311 472 368 534 et
403 486 676 551 corpore.
706 468 790 531 Et
812 467 946 530 ideo
986 467 1279 549 quicquid
1303 468 1490 532 homo
1514 467 1723 544 faciat,
1760 469 1928 549 quod
1960 468 2229 551 pertinet
2260 468 2338 532 ad
2362 469 2478 533 Dei
2502 470 2772 553 gloriam

310 576 367 637 et
412 571 490 635 ad
535 572 654 634 hoc
701 569 868 651 quod
914 588 1087 633 mens
1133 570 1402 635 hominis
1448 571 1579 635 Deo
1630 570 2001 635 subiiciatur
2046 572 2110 636 et
2155 571 2346 635 etiam
2394 591 2619 655 corpus
2667 593 2773 655 per

307 673 689 739 moderatam
737 671 1252 736 refraenationem
1298 674 1956 755 concupiscentiarum,
2006 675 2342 738 secundum
2390 675 2508 738 Dei
2555 676 2618 738 et
2664 676 2774 739 Ec-

309 777 521 841 clesiae
558 774 1012 840 ordinationem
1061 777 1123 838 et
1169 775 1676 839 consuetudinem
1725 795 1960 854 eorum,
2012 776 2383 858 quibuscum
2429 778 2607 853 vivit,
2649 797 2770 842 non

309 881 395 943 est
438 877 824 961 superfluum
869 876 933 940 in
980 876 1190 940 divino
1238 878 1433 941 cultu.
1476 876 1541 941 Si
1590 880 1802 941 autem
1850 878 2086 960 aliquid
2119 878 2223 955 sit,
2257 877 2424 960 quod
2462 881 2770 960 quantum

310 984 396 1046 est
446 981 521 1045 de
567 999 652 1055 se,
702 998 825 1045 non
887 979 1157 1061 pertinet
1202 979 1280 1043 ad
1326 980 1441 1043 Dei
1504 980 1774 1064 gloriam
1835 1000 2031 1062 neque
2088 981 2162 1045 ad
2211 982 2328 1046 hoc
2375 982 2540 1062 quod
2594 1002 2769 1047 mens

310 1083 568 1152 hominis
597 1081 840 1146 feratur
867 1081 932 1145 in
963 1083 1165 1146 Deum
1198 1083 1310 1145 aut
1355 1083 1519 1163 quod
1557 1083 1760 1146 carnis
1796 1083 2187 1148 inordinatae
2234 1084 2768 1165 concupiscentiae

308 1186 723 1251 refraenentur
769 1186 882 1248 aut
927 1184 1119 1248 etiam
1151 1184 1236 1248 sit
1280 1186 1524 1266 praeter
1557 1185 1672 1248 Dei
1718 1189 1783 1248 et
1828 1186 2134 1250 Ecclesiae
2182 1185 2635 1250 ordinationem
2668 1187 2768 1251 vel

308 1290 514 1353 contra
560 1286 1068 1352 consuetudinem
1114 1305 1523 1364 communem,
1574 1306 1731 1368 quae
1779 1306 1895 1351 sec.
1945 1287 2438 1371 Augustinum...
2478 1308 2590 1370 pro
2629 1289 2767 1373 lege

306 1390 579 1455 habenda
608 1391 725 1466 est,
759 1390 967 1454 totum
998 1389 1114 1453 1166
1144 1389 1559 1471 reputandum
1591 1393 1686 1452 est
1719 1389 2101 1471 superfluum
2133 1391 2196 1453 et
2228 1391 2762 1472 superstitiosum;

308 1494 444 1574 quia
490 1494 555 1557 in
602 1491 1009 1557 exterioribus
1055 1492 1259 1556 solum
1305 1491 1647 1555 consistens
1694 1491 1773 1554 ad
1820 1491 2178 1555 interiorem
2211 1492 2327 1554 Dei
2369 1493 2610 1555 cultum
2641 1511 2764 1558 non

305 1596 571 1677 pertinet
602 1620 664 1658 ».

1175 1732 1283 1795 Ea:
1319 1732 1555 1813 ,quzbus
1603 1730 1891 1795 resolves:

411 1877 498 1929 lV.
522 1878 567 1928 1.
591 1874 996 1943 Superstitionem
1022 1878 1184 1929 cultus
1224 1874 1328 1928 lalsi
1366 1873 1643 1928 committit.
1680 1876 1721 1927 1.
1751 1872 1847 1941 Qui
1887 1875 1992 1926 Deo
2035 1887 2160 1926 nunc
2198 1874 2341 1926 offert
2367 1873 2550 1926 cultum
2580 1888 2666 1939 per
2692 1889 2767 1927 ce-

304 1959 548 2013 remonias
574 1959 749 2013 veteris
778 1960 913 2025 tegis,
936 1976 982 2011 v.
1002 1976 1075 2025 gr.
1096 1959 1529 2023 circumcisionem,
1556 1957 1936 2012 immolationem
1960 1957 2069 2022 agni
2095 1964 2215 2024 etc.;
2237 1955 2348 2023 quia
2373 1961 2464 2011 1166
2494 1958 2765 2022 significant

299 2042 552 2098 Christum
580 2046 733 2099 adhuc
766 2051 1024 2098 venturum
1063 2050 1112 2097 61
1150 2046 1361 2097 nondum
1404 2044 1615 2097 venisse.
1642 2046 1691 2096 2.
1719 2043 1911 2104 LaicuS,
1938 2040 2020 2109 qui
2056 2045 2213 2096 Deum
2251 2042 2385 2105 colit,
2413 2050 2638 2107 tanquam
2680 2060 2765 2111 pu·

296 2126 451 2181 blicus
481 2127 704 2181 Minister
728 2128 992 2191 Ecclesiae,
1016 2143 1063 2180 v.
1092 2144 1138 2191 g.
1159 2128 1496 2191 sacrificandO,
1519 2130 1839 2182 absolvendo.
1866 2128 2011 2194 Quod
2033 2140 2228 2193 semper
2254 2142 2364 2180 csse
2390 2131 2593 2181 mortale
2619 2131 2765 2183 docet

293 2216 432 2267 Suar.
458 2212 529 2267 de
553 2213 663 2267 Ret.
683 2216 714 2267 l.
741 2216 791 2266 2.
815 2213 881 2268 de
904 2213 1198 2283 Super-stit.
1225 2228 1268 2266 6.
1294 2216 1340 2267 2.
1364 2216 1412 2267 3.
1442 2216 1502 2280 13,
1528 2213 1611 2278 qui
1637 2228 1724 2266 sua
1752 2212 2044 2265 auctoritate
2071 2211 2304 2278 proponit
2328 2212 2491 2278 aliqua
2523 2213 2758 2277 facienda,

294 2306 518 2365 tanquam
560 2298 784 2353 ordinata
821 2302 883 2352 ab
909 2298 1126 2353 Ecclesia
1153 2301 1215 2351 ad
1248 2299 1337 2352 Dei
1364 2301 1563 2352 cultum.
1594 2299 1640 2351 4.
1669 2297 1765 2366 Qui
1794 2301 1937 2350 161363
1967 2296 2201 2362 reliquias
2229 2297 2460 2364 proponit
2501 2301 2577 2351 vel
2618 2297 2761 2351 mira·

291 2387 448 2438 culum
476 2387 661 2437 tactum
688 2399 797 2437 esse
822 2398 910 2450 per
930 2384 1140 2451 aliquam
1162 2383 1433 2448 imaginem,
1459 2386 1534 2436 vel
1558 2398 1611 2437 se
1633 2382 1865 2437 babuisse
1892 2387 1978 2435 1163
2000 2384 2076 2435 vel
2105 2382 2216 2435 illas
2241 2381 2573 2435 revelationes
2600 2383 2751 2447 lingit,

291 2466 393 2520 sive
419 2470 481 2521 ad
523 2466 800 2521 laciendum
831 2471 1036 2532 lucrum,
1069 2468 1173 2522 sive
1202 2470 1263 2520 ad
1300 2468 1610 2520 devotionem
1639 2468 1924 2531 aagendam.
1954 2468 2001 2519 5.
2031 2465 2143 2533 Qui,
2175 2474 2228 2518 ut
2269 2469 2500 2532 populum
2543 2474 2753 2529 moveat,

289 2552 423 2617 lingit
449 2553 747 2608 miraculum
766 2552 961 2620 aliquod
985 2555 1065 2608 vel
1091 2552 1340 2608 historiam
1367 2551 1569 2620 reperiri
1596 2552 1643 2606 in
1669 2552 1916 2617 Scriptura
1939 2554 2085 2605 Sacra
2109 2557 2200 2605 etc.
2221 2553 2282 2604 Et
2303 2554 2423 2605 11666
2456 2551 2757 2618 superstitiO,

288 2638 380 2691 etsi
407 2639 469 2692 sit
494 2655 561 2693 ex
591 2653 771 2702 genere
797 2654 889 2692 suo
917 2639 1153 2703 1116116113,
1175 2637 1285 2703 quia
1313 2638 1498 2704 primae
1519 2637 1714 2690 veritati
1739 2635 1967 2690 iniuriam
1991 2637 2178 2700 irrogat
2200 2644 2251 2689 61
2276 2635 2560 2700 religionem
2590 2639 2757 2690 tundat

285 2721 333 2775 in
353 2722 657 2776 mendaciis:
678 2737 826 2787 saepe
847 2730 1005 2776 tamen
1026 2730 1292 2776 excusatur
1310 2722 1581 2787 ignorantia
1613 2725 1689 2774 vet
1711 2721 2039 2787 simplicitate.
2059 2723 2192 2774 Less.
2217 2725 2246 2772 l.
2267 2725 2316 2773 2.
2336 2737 2380 2774 c.
2403 2723 2488 2774 43.
2510 2724 2686 2775 Sancti.
2711 2723 2758 2774 2.

282 2807 422 2862 Hor.
448 2827 494 2862 c.
524 2809 619 2861 37.
649 2809 769 2860 Nav.
796 2822 843 2860 6.
874 2811 951 2860 12.
982 2810 1150 2872 Laym.
1184 2811 1213 2859 l.
1241 2825 1283 2860 c.
1318 2811 1435 2860 Bon.
1471 2810 1520 2859 (1.
1548 2809 1596 2859 3.
1624 2824 1670 2871 q.
1702 2808 1752 2857 ὅ.
1783 2822 1829 2871 p.
1860 2810 1902 2859 1.

366 2936 493 3001 Res
543 2936 760 3000 clarae
804 2937 971 2999 sunt.

384 3058 447 3109 V.
476 3060 529 3109 2.
548 3054 859 3121 Superstitio
885 3058 1047 3108 cultus
1072 3053 1308 3121 superflui
1329 3061 1403 3108 est
1430 3068 1477 3104 v.
1499 3067 1572 3116 gr.
1602 3054 1643 3106 1.
1665 3051 1955 3105 Ceremonia
1983 3049 2212 3105 audiendi
2239 3049 2432 3105 Missam
2459 3058 2570 3104 ante
2597 3057 2758 3105 ortum

271 3140 388 3196 solis
406 3155 524 3195 cum
564 3147 710 3194 certo
747 3154 968 3201 numero,
994 3139 1108 3204 situ,
1135 3139 1307 3192 ordine
1343 3153 1616 3196 cereorum,
1641 3140 1719 3190 vel
1761 3136 2056 3198 Sacerdotis
2083 3137 2166 3202 qui
2194 3137 2385 3191 dicatur
2427 3140 2643 3200 loannes,
2677 3138 2754 3191 vel

272 3225 351 3291 qui
388 3231 581 3281 11611661
615 3232 854 3279 staturam
876 3224 1062 3281 Christi
1087 3232 1206 3290 etc.;
1234 3223 1345 3289 quia
1384 3223 1462 3276 liic
1500 3227 1665 3275 cultus
1702 3230 1778 3276 est
1816 3236 1876 3274 cx
1918 3236 1971 3275 36
2002 3221 2112 3288 ipso
2147 3221 2307 3275 inanis
2344 3229 2394 3275 et
2433 3224 2493 3275 ad
2531 3221 2753 3288 spiritum

266 3311 599 3365 excitandum
624 3308 829 3363 inutilis.
854 3313 904 3361 2.
926 3308 1143 3362 lciunarc
1170 3308 1249 3361 die
1272 3306 1544 3372 Dominico‚
1572 3322 1683 3360 cum
1710 3321 1804 3360 non
1832 3306 2020 3359 ieiunas
2044 3306 2154 3359 aliis
2181 3306 2371 3359 diebus
2403 3310 2519 3359 ltem
2540 3306 2588 3359 in
2611 3306 2754 3359 Missa

268 3405 438 3452 contra
461 3395 728 3450 rubricam
757 3396 922 3461 plures
949 3399 1158 3447 formare
1190 3409 1373 3459 6111663,
1405 3392 1583 3459 pluries
1609 3391 1774 3445 dicere
1799 3391 2051 3454 Alleluia,
2068 3390 2233 3444 dicere
2264 3391 2466 3444 Gloria
2482 3394 2559 3443 vcl
2582 3390 2756 3444 Credo

267 3488 437 3535 contra
476 3479 719 3534 rubricas
755 3479 971 3544 aliasque
1009 3478 1311 3531 ceremonias
1349 3479 1545 3529 demere
1587 3478 1663 3528 vel
1704 3477 1885 3528 addere
1923 3474 2037 3540 (etsi
2072 3477 2188 3527 116111
2225 3488 2286 3526 ex
2325 3472 2606 3536 devotione,
2635 3477 2755 3525 11666

268 3567 394 3620 enim
423 3566 735 3630 corrigenda
761 3569 885 3626 est);
910 3561 1023 3628 quia
1052 3569 1162 3616 sunt
1193 3569 1388 3628 praeter
1416 3560 1663 3614 Ecclesiae
1689 3559 2109 3613 consuetudinem.
2139 3561 2272 3611 Haec
2299 3564 2457 3611 tamen
2484 3566 2534 3610 et
2560 3556 2754 3618 similia,

268 3654 393 3706 bona
418 3651 715 3706 intentione
740 3652 881 3711 tacta,
912 3647 1120 3701 venialia
1148 3654 1333 3700 tantum
1361 3652 1475 3699 sunt
1501 3644 1763 3706 ordinarie,
1791 3650 1844 3696 ut
1869 3646 2012 3697 docet
2037 3645 2148 3697 Tol.
2175 3645 2312 3696 Less.
2342 3646 2374 3694 1.
2409 3657 2451 3694 6.
2476 3645 2523 3694 d.
2556 3645 2603 3693 1.
2633 3643 2757 3695 Nav.

265 3744 311 3790 61
338 3739 548 3802 ι6γ111.;
581 3733 705 3800 quia
741 3740 815 3787 est
854 3731 1056 3787 materia
1095 3731 1219 3786 levis
1246 3738 1295 3785 et
1320 3731 1449 3785 actio
1474 3745 1536 3784 ex
1563 3744 1617 3782 se
1645 3744 1740 3782 11611
1778 3730 1903 3781 111616
1943 3735 1992 3782 61
2022 3732 2172 3781 11111116
2215 3732 2421 3781 excusat
2446 3725 2753 3793 simplicitas.

265 3820 409 3888 Quod
438 3820 484 3874 si
513 3827 691 3873 tamen
718 3831 781 3870 ex
805 3831 859 3869 se
880 3819 1006 3870 mala
1034 3821 1180 3879 esset,
1202 3825 1255 3870 ut
1278 3816 1321 3869 si
1340 3830 1443 3869 rem
1473 3813 1699 3868 lurtivam
1719 3815 1913 3874 offeraS,
1935 3811 2095 3878 turpia
2117 3815 2269 3865 verba
2288 3810 2339 3864 in
2364 3813 2571 3878 Templo
2592 3826 2755 3877 canas,

262 3919 347 3958 616
391 3910 474 3959 vel
518 3917 721 3968 organo
750 3900 1028 3954 notabiliter
1056 3901 1286 3954 lascivam
1330 3904 1408 3954 vel
1446 3903 1506 3953 ad
1549 3896 1877 3965 impuritatem
1917 3905 2265 3964 provocantem
2306 3911 2477 3949 vocem
2519 3898 2651 3958 edas,
2685 3903 2761 3949 est

263 3990 557 4058 superstitio
601 3992 709 4041 rere
748 3986 983 4043 mortalis,
1011 3992 1064 4038 ut
1092 3988 1257 4051 Laym.
1287 3990 1317 4040 1.
1345 4001 1388 4038 c.
1418 3998 1477 4038 ex
1506 3999 1677 4038 comm.

346 4115 537 4189 329.
561 4114 676 4179 De
704 4114 934 4176 ieiunio
959 4112 1175 4176 diebus
1198 4112 1439 4193 fest-ivis
1464 4113 1667 4176 exstat
1691 4131 1742 4175 c.
1768 4109 2071 4176 Sacerdos
2095 4111 2334 4192 quaest.
2359 4110 2418 4172 7.
2445 4106 2629 4173 Caus.
2653 4108 2757 4171 26.

260 4220 361 4286 ubi
398 4220 636 4307 agitur
673 4216 745 4279 de
777 4214 1270 4299 poenitentibus:
1319 4240 1353 4272 «
1380 4215 1494 4279 Die
1528 4216 1738 4279 autem
1772 4215 2078 4279 dominico
2112 4233 2235 4277 non
2269 4213 2563 4276 ieiunent.
2597 4210 2763 4276 Nam

259 4327 365 4407 qui
396 4321 735 4390 dominico
770 4319 865 4383 die
902 4318 1179 4383 studiose
1211 4318 1468 4392 ieiunat,
1504 4337 1625 4382 non
1657 4319 1931 4382 creditur
1962 4335 2093 4382 esse
2126 4316 2472 4380 catholicus
2499 4337 2560 4377 »x
2600 4334 2760 4397 quae

260 4428 447 4493 verba
488 4423 765 4505 sumpta
797 4421 945 4485 sunt
976 4441 1047 4484 ex
1070 4441 1121 4484 6.
1156 4421 1257 4483 74.
1286 4418 1468 4484 Cone.
1498 4417 1797 4505 Carthag.
1824 4419 1934 4483 IV.
1970 4420 2033 4482 et
2065 4417 2299 4481 feriunt
2344 4418 2757 4492 manichanS,

260 4531 569 4615 negantes
624 4523 869 4588 Christi
918 4523 1448 4587 resurrectionem.
1500 4520 1725 4586 Subdit
1773 4543 1820 4584 s.
1847 4521 2034 4604 Alph.
2083 4519 2191 4583 lib.
2232 4521 2294 4583 3.
2335 4540 2397 4582 n.
2431 4521 2521 4581 4.:
2571 4543 2605 4577 «
2638 4518 2760 4596 Qui

420 4652 738 4694 nascamur.
758 4667 811 4677 —
833 4644 997 4686 Moral.
1030 4645 1164 4687 Tom.
1196 4644 1262 4686 11.
2545 4642 2594 4679 10
