3497 5147
372 348 553 417 [1125]
627 362 779 410 Qum
806 362 1203 410 emmanue
1231 364 1314 403 An
1341 364 1633 406 mmmmm
1662 364 2182 408 nccnnsms‘rrouu
2209 365 2380 407 σου».
2409 366 2577 406 vase.
2724 351 2829 406 841

462 457 686 523 Subdit
710 460 921 523 autem
955 457 1245 543 Ligorius
1266 464 1295 523 f
1316 484 1350 518 ‹<
1378 460 1557 541 Quod
1584 460 1875 525 ultanum
1898 462 2086 526 etiam
2115 464 2522 527 communiter
2543 461 2702 526 DD.
2728 462 2836 525 ad-

371 562 632 624 mittunt
660 586 722 624 ».
743 561 823 626 Et
848 561 987 625 inde
1012 561 1352 626 concludit:
1373 587 1407 620 «
1425 561 1815 647 Quapropter
1839 585 1980 629 cum
2006 567 2295 631 censeant
2318 562 2833 630 salmanticenses

371 663 543 746 (cum
574 664 794 728 multis
820 664 1008 748 aliis),
1049 663 1204 728 duas
1236 665 1450 729 uncias
1484 667 1547 730 in
1579 667 2023 732 refectiuncula
2054 686 2178 732 non
2211 667 2487 750 reputari
2519 685 2830 731 excessum

369 785 654 851 gravem;
694 769 1135 849 consequenter
1160 768 1365 832 tenere
1401 767 1642 845 debent,
1678 789 1821 833 eum
1855 790 1891 834 a
1916 770 2099 852 culpa
2136 769 2433 845 excusari,
2468 769 2575 851 qui
2609 768 2832 833 maiori

368 868 609 952 indiget
640 870 1022 935 nutrimento
1056 872 1120 934 et
1155 890 1263 953 per
1298 872 1453 935 duas
1486 874 1735 936 tantum
1771 873 1983 937 uncias
2015 873 2251 954 (mezza
2282 870 2670 956 pagnotella)
2695 889 2830 935 coe-

370 971 584 1034 nulam
623 972 861 1036 excedit
891 997 952 1036 ».

460 1072 684 1137 Sedulo
710 1076 922 1138 autem
948 1075 1411 1153 advertendum,
1432 1077 1597 1159 quod
1626 1077 1856 1141 ibidem
1882 1079 2065 1141 notat
2089 1096 2138 1141 s.
2165 1076 2522 1158 Alphonsus
2575 1099 2612 1133 «
2629 1073 2833 1154 Quan-

371 1174 540 1250 titas,
581 1175 806 1256 inquit,
848 1178 987 1241 octo
1038 1178 1359 1242 unciarum
1393 1179 1484 1243 ita
1530 1179 1711 1244 hodie
1759 1198 1879 1243 usu
1911 1181 2158 1263 recepta
2190 1180 2303 1253 est,
2354 1179 2429 1241 ut
2475 1176 2832 1241 indistincte

368 1278 771 1359 permittatur
818 1280 1010 1344 etiam
1042 1281 1139 1357 iis,
1189 1282 1298 1363 qui
1329 1301 1469 1345 cum
1504 1282 1629 1345 ista
1668 1281 1748 1345 ad
1779 1282 2139 1347 satietatem
2173 1280 2536 1346 reficiuntur
2561 1303 2623 1343 ».
2651 1277 2833 1342 Vide-

366 1378 513 1443 licet
543 1380 694 1444 haec
718 1401 1003 1447 mensura
1030 1384 1120 1447 ita
1154 1384 1415 1467 probata
1448 1387 1543 1448 est
1574 1384 2038 1461 consuetudine,
2074 1384 2272 1467 utqui
2291 1403 2362 1449 ea
2398 1383 2601 1447 utitur
2632 1382 2831 1466 possit

366 1481 613 1569 quidem
672 1504 921 1567 peccare
981 1486 1197 1550 contra
1252 1487 1748 1569 temperantiam,
1800 1488 1853 1551 si
1901 1488 2330 1552 necessitatem
2381 1486 2653 1562 excedat,
2702 1503 2827 1549 non

364 1585 571 1667 peccet
596 1586 803 1651 tamen
832 1590 1047 1652 contra
1074 1588 1393 1652 ieiunium.
1423 1589 1503 1652 Et
1534 1589 1650 1653 hoc
1683 1590 1961 1672 apprime
1984 1589 2372 1654 retinendum
2408 1588 2484 1652 ad
2525 1588 2829 1653 sedandos

364 1688 706 1769 scrupulos.

456 1786 638 1860 1125.
680 1791 856 1870 Quod
889 1793 1127 1858 Auctor
1156 1793 1326 1869 dicit,
1355 1794 1493 1877 plus
1535 1795 1817 1877 permitti
1840 1795 2220 1859 secularibus
2244 1814 2435 1876 quam
2467 1793 2821 1877 ReligiosiS,

363 1910 578 1956 verum
625 1893 762 1971 erit,
826 1895 879 1958 si
933 1895 1208 1980 religiosi
1270 1896 1363 1961 illi
1417 1895 1832 1980 peculiaribus
1887 1898 2004 1960 hac
2051 1897 2114 1960 in
2163 1916 2227 1959 re
2275 1898 2537 1960 utantur
2585 1894 2827 1960 Consti-

365 1995 735 2060 tutionibuS.

450 2098 542 2161 De
589 2098 937 2164 discrimine
984 2101 1144 2165 inter
1191 2102 1425 2166 nobiles
1473 2104 1536 2166 et
1575 2103 1862 2185 plebeios,
1911 2103 2114 2184 reipsa
2160 2100 2324 2165 ratio
2374 2119 2494 2164 non
2544 2101 2820 2183 apparet,

363 2201 481 2264 nisi
512 2202 772 2279 dicatur,
800 2203 1036 2268 nobiles
1061 2204 1265 2270 minus
1298 2206 1429 2289 pati
1463 2226 1640 2289 posse
1671 2206 1941 2270 inediam
1979 2208 2043 2270 et
2083 2207 2230 2269 tunc
2263 2205 2338 2269 ad
2378 2203 2821 2269 confessarium

361 2305 693 2385 pertinebit
732 2306 1045 2389 dispicere,
1097 2327 1173 2372 an
1221 2308 1543 2391 indigeant
1579 2327 1826 2372 excessu
1859 2308 1990 2385 illo,
2040 2307 2151 2389 qui
2180 2306 2403 2371 maiori
2436 2305 2820 2369 nutrimento

361 2406 783 2493 indigentibus
815 2410 1195 2494 indulgetur.

450 2513 791 2578 Discrimen
840 2533 983 2579 vero
1030 2515 1270 2580 ratione
1318 2515 1471 2580 caeli
1519 2514 1856 2600 frigidioris
1906 2514 2002 2579 vel
2048 2512 2360 2578 calidioris
2407 2511 2820 2577 communiter

360 2616 735 2693 admittitur,
771 2619 834 2681 et
865 2637 1015 2682 sana
1048 2620 1265 2703 regula
1290 2622 1384 2683 est
1418 2622 1490 2684 ut
1520 2621 1833 2702 spectetur
1871 2617 2096 2701 praxiS,
2131 2634 2289 2697 quae
2321 2616 2512 2679 etiam
2543 2615 2606 2679 in
2639 2615 2821 2679 timo-

361 2720 646 2782 ratorum
678 2739 749 2783 ac
780 2720 1025 2802 piorum
1063 2722 1503 2787 consuetudine
1536 2741 1785 2804 quoquo
1819 2722 1955 2786 loco
1997 2720 2186 2804 viget.

449 2822 518 2884 In
568 2822 783 2906 vigilia
813 2823 1186 2888 Nativitatis
1220 2825 1577 2890 Dominicae
1616 2824 1870 2905 quidam
1909 2822 2074 2906 apud
2105 2822 2430 2906 Ligorium
2476 2819 2818 2885 concedunt

356 2924 679 2988 caenulam
727 2925 916 3007 duplo
964 2926 1296 2990 maiorem:
1348 2929 1450 2991 alii
1492 2927 1775 2991 doctores
1811 2925 2077 3008 Hispani
2125 2927 2189 2990 et
2225 2924 2539 3000 Germani,
2574 2923 2647 2987 de
2694 2922 2819 2986 fru-

356 3027 578 3102 ctibuS,
608 3028 810 3092 herbis
836 3031 898 3092 et
930 3028 1245 3094 dulciariis
1284 3030 1657 3112 permittunt
1687 3029 2167 3112 quantumlibet,
2195 3028 2466 3093 dicentes
2497 3028 2656 3091 hanc
2687 3043 2818 3090 esse

356 3131 897 3206 consuetudinem;
947 3152 1136 3215 quam
1184 3134 1247 3197 in
1295 3133 1503 3196 Sicilia
1554 3133 1763 3196 adesse
1811 3132 2003 3214 negat
2047 3130 2384 3194 Mazzotta.
2436 3127 2553 3192 Sed
2601 3145 2816 3191 rursus

354 3231 488 3297 heic
520 3235 877 3300 dicendum:
918 3237 1299 3301 consuetudo
1339 3237 1521 3299 unius
1559 3236 1679 3299 loci
1727 3253 1848 3298 non
1896 3232 2156 3314 impedit
2202 3231 2509 3295 diversam
2559 3229 2815 3292 alterius

353 3333 475 3398 loci
506 3337 1030 3400 consuetudinem.
1068 3338 1232 3400 Illud
1279 3339 1467 3402 etiam
1502 3339 1744 3412 notant,
1779 3336 2026 3400 concedi
2070 3335 2230 3397 hanc
2269 3333 2566 3396 maiorem
2598 3349 2817 3394 coenu-

353 3435 502 3514 lam,
540 3439 687 3503 licet
717 3439 949 3502 incidat
983 3439 1043 3500 in
1077 3442 1345 3518 quatuor
1386 3444 1677 3517 tempora,
1711 3437 1959 3518 quando
1992 3435 2122 3499 scil.
2173 3434 2402 3497 festum
2441 3430 2498 3495 N
2504 3430 2814 3495 ativitatis

355 3535 569 3602 incidit
599 3541 662 3603 in
702 3540 851 3604 feria
891 3540 1175 3603 secunda.

355 3793 395 3841 3.
416 3790 458 3833 3.
481 3802 531 3832 n.
554 3792 611 3844 1..
633 3793 720 3846 qui
737 3792 965 3847 loquitur
981 3794 1043 3837 de
1062 3798 1249 3849 quarta
1264 3797 1408 3848 parte
1429 3792 1586 3836 solitae
1605 3804 1769 3835 coenae
1787 3794 1828 3832 et
1845 3792 2021 3834 subdit:
2043 3791 2348 3832 communiter
2375 3790 2452 3832 vix
2470 3789 2535 3830 ad
2552 3792 2626 3831 82.
2645 3789 2814 3830 unciae

350 3860 591 3900 hominum
617 3870 756 3902 coena
782 3861 890 3904 solet
915 3865 1186 3906 accendere:
1208 3863 1329 3905 item
1363 3862 1490 3904 Viva
1510 3860 1673 3902 Cursu
1694 3857 1863 3901 Theoi.
1893 3860 1948 3900 de
1975 3858 2183 3910 Leuibus,
2211 3859 2268 3899 de
2293 3857 2496 3907 Ιοίαηίο,
2516 3857 2614 3897 art.
2643 3853 2689 3897 3.
2712 3856 2808 3896 ait:

358 3943 377 3962 ι
398 3928 502 3978 quie
518 3928 641 3969 enim
662 3939 839 3980 vespere
857 3931 1059 3972 comedat
1074 3931 1345 3984 plerumque
1367 3929 1494 3971 ultra
1514 3928 1580 3969 32.
1602 3929 1769 3968 unciae
1784 3929 1806 3967 9
1827 3926 1993 3974 Porro,
2015 3924 2284 3977 prandium
2315 3922 2687 3965 Germanorum
2709 3935 2810 3964 non

352 3991 433 4035 hie
460 3994 693 4046 angustis
721 3993 971 4038 limitibus
999 3997 1205 4040 videtur
1234 4001 1530 4040 contentum
1559 4005 1665 4036 esse
1689 3994 1792 4035 imo
1819 4005 1913 4034 nee
1931 3991 2166 4040 aliorum,
2187 3990 2230 4032 si
2252 3990 2443 4032 Dianae
2463 3993 2587 4030 tom.
2605 3990 2647 4030 4.
2679 3992 2746 4030 tr.
2767 3989 2810 4031 6.

351 4061 501 4103 resol.
523 4060 616 4102 119.
646 4073 697 4104 n.
730 4062 769 4103 1.
800 4062 1069 4116 eredimus,
1098 4065 1285 4108 aienti:
1317 4075 1457 4118 neque
1486 4062 1628 4114 (haee
1655 4060 1834 4114 regula
1861 4059 1922 4101 de
1951 4061 2136 4112 quarta
2164 4059 2327 4113 parte)
2354 4060 2419 4101 est
2446 4059 2550 4098 tuta
2572 4058 2622 4097 in
2635 4057 2813 4109 φωτί,-

352 4131 465 4181 quia
481 4140 567 4181 per
584 4131 895 4173 comestionem
918 4129 1131 4185 inlelliyit
1152 4133 1456 4174 meridianam
1480 4141 1661 4172 coenam
1683 4131 1725 4170 et
1745 4128 1977 4181 quidquid
1995 4125 2234 4182 intelliqat,
2255 4128 2319 4168 eet
2338 4123 2676 4177 saleiseivnum;
2695 4125 2810 4176 quia

352 4198 399 4236 in
430 4197 500 4238 hie
527 4198 873 4240 comestionibus
899 4201 1199 4241 communiter
1225 4200 1423 4241 homines
1451 4200 1519 4240 ita
1541 4207 1760 4250 mamam
1783 4195 2092 4248 quantitatem
2118 4196 2380 4245 assumunt,
2415 4195 2465 4233 ut
2492 4194 2667 4244 quarta
2688 4202 2816 4244 pare

350 4264 410 4306 eit
440 4265 685 4315 quantitas
714 4264 955 4306 notabilis:
985 4266 1113 4307 testes
1139 4265 1318 4319 appello
1348 4266 1597 4317 Hispanos.
1624 4262 1798 4312 Gallos,
1831 4261 2082 4314 Flandroe,
2108 4260 2378 4304 Germanos.

458 4329 786 4373 Manifestum
806 4335 882 4373 est
912 4344 1012 4374 non
1033 4343 1219 4382 omnes,
1241 4332 1329 4384 qui
1348 4330 1500 4374 huius
1529 4332 1751 4382 regulae,
1781 4331 1835 4371 de
1863 4330 2036 4381 quarta
2061 4331 2196 4380 parte
2224 4339 2385 4370 coenae
2415 4325 2720 4367 mentionem
2743 4323 2812 4366 fe-

350 4401 549 4448 cerunt,
577 4396 749 4440 eodem
779 4410 929 4440 sensu
958 4399 1207 4452 accepisse
1236 4410 1405 4441 vocem
1426 4409 1602 4440 coenae.
1630 4396 1807 4450 Neque
1834 4398 2051 4445 constat,
2079 4406 2144 4435 an
2176 4393 2309 4446 apud
2338 4404 2511 4435 omnen
2536 4391 2712 4434 eedem
2742 4392 2810 4434 eit

350 4463 493 4506 notio
512 4467 677 4508 unciae
697 4468 748 4507 et
763 4464 922 4507 librae.
941 4465 1183 4508 Nostrum
1206 4465 1341 4509 haud
1363 4468 1438 4507 est
1458 4464 1591 4505 hanc
1608 4461 1955 4516 quaestionem
1978 4460 2282 4513 exegetioam
2315 4458 2550 4501 dirimere
2572 4471 2664 4501 nec
2686 4470 2810 4512 opus

349 4542 453 4574 esse
482 4537 748 4586 paternum
774 4544 892 4577 nam
923 4533 970 4576 id
1002 4533 1143 4576 nobis
1163 4532 1287 4575 satis
1313 4543 1417 4574 esse
1447 4534 1625 4584 potest,
1648 4530 1799 4583 quod,
1823 4541 1938 4571 cum
1958 4525 2217 4578 Germani,
2239 4531 2299 4567 ut
2325 4525 2521 4578 Sporer,
2541 4537 2647 4568 rem
2671 4538 2809 4579 pres-

348 4598 453 4640 eius
485 4599 756 4654 definiunt,
786 4613 843 4645 eo
873 4602 1077 4644 tandem
1116 4612 1222 4643 rem
1249 4599 1515 4641 adducunt
1559 4601 1617 4638 ut
1647 4600 1822 4649 quarta
1847 4606 1967 4648 pars
2003 4592 2318 4647 respondeat,
2353 4591 2464 4646 plus
2494 4591 2680 4640 minus,
2711 4596 2809 4636 octo

350 4669 518 4720 unciis,
551 4682 682 4723 quae
741 4673 789 4712 st
820 4670 999 4725 regula
1028 4682 1074 4713 a.
1105 4683 1141 4712 e.
1166 4666 1424 4721 Alphoneo
1451 4664 1680 4719 probata.
1710 4665 1769 4707 Ε.
