3497 5147
675 270 785 326 680
896 282 1205 324 1111101111.
1226 281 1388 323 snc'r.
1400 282 1465 330 ,1.
1492 280 1577 321 1111
1601 280 1829 329 Qum-ro
1852 281 2070 323 runo.
2088 283 2417 326 memmei.
2436 282 2570 324 car.
2599 284 2638 325 1.
2658 284 2800 325 nun.
2828 283 2911 325 11.
2990 265 3142 343 [916]

766 384 900 447 lmo
932 399 981 446 0.
1015 379 1372 463 Alphonsue
1402 377 1509 442 lib.
1545 377 1605 441 6.
1638 397 1699 441 n.
1738 377 1885 441 106.
1921 398 2068 462 prae
2098 381 2294 444 oculis
2325 381 2558 445 habens
2589 380 2745 444 illud
2777 399 2826 445 s.
2861 380 3139 445 Thomae

674 485 736 548 3.
785 504 843 565 q.
894 483 999 546 68.
1040 483 1158 546 art.
1198 481 1299 545 11.
1351 480 1427 545 ad
1476 481 1576 544 3.:
1611 480 1765 544 Non
1809 480 2277 561 montfacienda
2309 482 2503 558 mala,
2535 486 2606 545 ut
2642 483 2934 545 eveniant
2977 482 3140 546 bona

668 590 733 650 et
772 587 909 649 ideo
960 583 1136 649 homo
1180 603 1311 647 non
1354 582 1535 647 debet
1575 583 1845 647 occidere
1891 588 2173 659 matrerm
2220 587 2295 647 at
2338 583 2612 665 baptizet
2629 603 2946 663 puerum,·
2992 603 3140 650 con·

667 689 886 766 cludit,
920 691 1208 766 matrem,
1252 686 1499 769 quando
1546 686 1667 769 ipsi
1714 687 1936 751 mortis
1976 687 2319 770 periculum
2356 686 2443 751 sit
2466 687 2829 766 proximu-m
2857 688 2974 749 aut
2995 705 3141 765 pro·

670 792 894 870 babile,
934 811 1056 856 non
1092 791 1288 856 teneri
1320 789 1399 854 ad
1431 789 1760 854 discrimen
1806 788 1963 854 illud
1997 788 2408 865 subeundum,
2445 790 2518 852 ut
2547 788 2750 871 proles
2788 788 3141 871 baptizetur

669 915 781 961 nec
811 896 1177 979 chirurgum
1206 912 1385 976 posse
1410 893 1612 976 ipsam
1642 891 1708 956 in
1740 892 1857 956 1100
1887 891 2216 957 discrimen
2247 892 2554 956 inducere.

762 999 848 1063 Π.
883 998 947 1064 Si
978 997 1179 1062 mater
1214 995 1432 1060 morbo
1470 997 1774 1077 correpta,
1809 995 1990 1079 gravi
2020 994 2242 1059 mortis
2277 994 2554 1077 periculo
2581 993 2843 1070 laboret,
2869 994 2990 1057 nisi
3018 993 3145 1058 foe·

674 1108 779 1170 tus
826 1107 1080 1187 partum
1118 1101 1510 1168 accelerando
1543 1101 1919 1183 expellatur3
1955 1100 2293 1184 probabilis
2326 1103 2536 1166 autem
2570 1118 2707 1183 spes
2740 1100 2843 1175 sit,
2879 1118 2991 1183 ope
3012 1119 3143 1164 1110-

677 1208 915 1271 (11011100
962 1205 1119 1270 effici
1153 1223 1349 1288 posse,
1385 1206 1460 1268 ut
1488 1202 1694 1269 foetus
1727 1204 1909 1267 vivus
1956 1204 2018 1267 in
2067 1205 2268 1268 lucem
2315 1203 2592 1287 prodeat,
2628 1204 2816 1284 atque
2848 1201 3000 1267 adeo
3046 1204 3142 1267 sin

677 1310 887 1374 minus
933 1307 1359 1391 temporalem,
1393 1306 1618 1371 saltem
1665 1307 1981 1370 aeternam
2015 1306 2212 1370 vitam
2248 1304 2584 1388 adepturus
2630 1304 2741 1381 sit,
2793 1306 2943 1369 tunc
2988 1305 3143 1369 eius-

678 1412 850 1477 modi
895 1410 1172 1495 expulsio
1220 1429 1342 1474 non
1372 1408 1558 1474 modo
1590 1408 1765 1473 licita
1796 1408 2045 1473 videtur
2069 1408 2174 1472 sed
2221 1410 2567 1491 praecepta.
2595 1407 2804 1483 Ratio,
2838 1408 2985 1488 quia
3016 1426 3145 1471 ma·

680 1516 795 1581 tris
827 1515 1173 1598 periculum
1197 1532 1268 1577 ac
1291 1530 1459 1577 mors
1482 1510 1638 1575 nihil
1676 1510 1996 1594 prodesset
2027 1510 2194 1575 vitae
2225 1510 2557 1593 temporali
2594 1508 2786 1591 prolis
2810 1509 2873 1573 et
2897 1509 3145 1591 insuper

676 1624 742 1687 in
774 1622 1216 1707 gravissimum
1253 1619 1479 1685 salutis
1512 1620 1796 1683 aeternae
1828 1618 2154 1682 discrimen
2196 1618 2396 1701 ipsam
2423 1617 2658 1700 prolem
2704 1616 3051 1680 coniiceret.

767 1724 897 1788 Nec
950 1724 1162 1789 obesse
1215 1722 1414 1800 debet,
1477 1720 1643 1802 quod
1697 1720 1858 1785 forte
1896 1739 2064 1784 mors
2111 1720 2304 1803 prolis
2367 1719 2696 1802 paululum
2745 1718 3138 1782 acceleretur.

677 1827 842 1892 Nam
889 1826 1089 1909 primo
1137 1824 1386 1907 quidem
1433 1843 1505 1887 ex
1550 1822 1882 1906 praedictis
1914 1842 2057 1886 cum
2089 1821 2288 1906 Lugo,
2322 1840 2445 1886 non
2477 1822 2727 1885 tenetur
2769 1822 2973 1884 mater
3003 1839 3142 1885 cum

677 1930 857 1993 tanto
906 1927 1256 1991 discrimine
1301 1926 1499 2001 vitam
1548 1925 1737 2008 prolis
1772 1923 2034 1988 ulterius
2073 1942 2452 1988 conservare.
2505 1924 2737 1988 Deinde
2783 1928 2929 1987 1010
2975 1924 3045 1985 «in
3077 1942 3143 1985 eo

677 2051 845 2106 casu,
881 2031 954 2093 ut
983 2028 1190 2110 inquit
1220 2047 1269 2092 s.
1304 2027 1660 2110 Alphonsus
1691 2026 1798 2090 lib.
1828 2027 1889 2088 6.
1921 2045 1981 2089 11.
2021 2026 2168 2089 106.
2195 2027 2257 2089 111
2291 2026 2416 2103 fin.‚
2457 2026 2698 2107 neyliyi
2715 2028 2927 2105 potest
2939 2044 3146 2105 pao-va

675 2132 797 2196 ala
832 2132 998 2194 vitae
1028 2131 1295 2203 iactura,
1329 2132 1402 2192 ut
1432 2127 1650 2208 infans
1682 2129 1871 2191 vita-m
1905 2132 2227 2192 aeternam
2257 2134 2689 2209 consequatur.

773 2233 923 2308 sm.
959 2236 1075 2300 ΠΙ.
1103 2234 1385 2316 Quando,
1413 2235 1777 2320 aegrotante
1800 2234 2020 2309 matre,
2049 2233 2392 2316 periculum
2417 2233 2673 2298 abortus
2705 2251 2896 2315 aeque
2925 2233 3140 2307 instat,

677 2343 818 2405 tum
866 2340 919 2404 si
964 2340 1076 2404 illa
1107 2338 1448 2403 remedium
1481 2338 1558 2401 ad
1583 2337 1872 2402 morbum
1896 2336 2236 2399 curandum
2270 2338 2499 2409 sumat,
2527 2338 2663 2400 tum
2695 2336 2746 2399 si
2780 2354 2901 2401 non
2932 2337 3143 2399 sumat

680 2462 752 2507 00
801 2442 967 2524 quod
1012 2442 1107 2506 110
1153 2443 1290 2524 ipsa
1336 2440 1539 2504 morbi
1576 2440 1676 2520 (ut
1723 2437 1982 2502 subinde
2030 2438 2366 2522 contingit)
2422 2439 2710 2503 abortum
2755 2438 2955 2513 infert,
2995 2438 3140 2500 licet

678 2545 1049 2611 medicinam
1096 2560 1366 2619 sumere;
1406 2560 1604 2623 neque
1637 2540 1800 2605 enim
1831 2539 2148 2623 prodesset
2180 2541 2340 2624 proli
2379 2541 2752 2607 abstinentia
2788 2560 2824 2606 a
2860 2538 3142 2606 remediis

681 2652 870 2731 010110
912 2648 1062 2712 adeo
1099 2649 1302 2710 mater
1332 2644 1501 2708 vitae
1539 2662 1687 2708 suae
1734 2645 2007 2708 consulit
2054 2646 2183 2709 sine
2237 2646 2461 2709 maiori
2513 2646 2703 2728 prolis
2749 2645 3138 2710 detrimento.

680 2752 810 2816 Nec
855 2754 1005 2816 tunc
1051 2750 1279 2814 directe
1326 2747 1628 2813 occiditur
1664 2748 1886 2824 insane,
1924 2750 2023 2813 cui
2071 2748 2227 2812 illud
2260 2749 2600 2813 remedium
2648 2753 2742 2814 est
2775 2749 3137 2825 indifferenS,

680 2854 787 2919 sed
835 2853 1184 2917 consulitur
1214 2852 1423 2916 matri.
1451 2851 1647 2932 Atqui
1679 2851 1731 2914 si
1767 2852 1997 2934 absque
2044 2852 2266 2916 maiori
2298 2852 2490 2934 prolis
2523 2852 2895 2917 detrimento
2942 2853 3143 2917 mater

680 2956 890 3037 potest
926 2954 1094 3019 vitae
1126 2972 1274 3018 suae
1305 2953 1640 3028 consulere,
1677 2972 1797 3018 non
1848 2955 2049 3017 solum
2100 2953 2269 3016 licite
2301 2955 2526 3036 potest,
2561 2953 2666 3018 sed
2698 2955 2950 3038 propter
2998 2954 3142 3018 obli·

679 3057 1018 3142 gationem,
1054 3075 1244 3138 quam
1290 3056 1549 3137 quisque
1596 3055 1785 3119 habet
1818 3057 2015 3120 vitam
2048 3074 2227 3119 suam
2261 3056 2662 3120 conservandi
2693 3076 2802 3139 per
2836 3056 3141 3121 ordinaria

676 3159 968 3239 remedia,
1002 3158 1319 3223 medicinis
1350 3158 1447 3221 uti
1483 3175 1735 3239 prorsus
1769 3157 1968 3222 debet.

771 3262 880 3326 IV.
917 3261 982 3326 Si
1014 3281 1085 3326 ex
1116 3262 1178 3327 vi
1203 3261 1404 3326 morbi
1420 3261 1735 3344 probabile
1753 3261 2078 3325 immineat
2104 3261 2447 3345 periculum
2482 3262 2757 3338 011011υο,
2787 3262 2974 3326 01111111
3001 3280 3139 3327 1010

677 3364 1024 3447 pericnlum
1071 3366 1280 3441 instet,
1320 3383 1416 3441 ne,
1457 3365 1508 3428 si
1543 3364 1799 3427 abortus
1854 3364 2052 3447 reipsa
2111 3384 2182 3428 ex
2219 3365 2434 3430 morbo
2483 3366 2799 3448 sequatur,
2833 3366 3031 3449 proles
3076 3365 3136 3428 in

678 3471 857 3532 utero
890 3468 1230 3544 moriatur;
1273 3467 1487 3531 contra
1522 3484 1663 3530 vero
1697 3465 2034 3549 probabilis
2073 3486 2210 3550 spes
2243 3467 2559 3551 affulgeat,
2609 3467 2774 3550 qnod
2808 3468 3139 3532 accelerato

679 3590 788 3653 per
818 3570 1152 3635 medicinas
1185 3570 1371 3653 partu
1403 3569 1605 3650 proles
1644 3568 1707 3632 in
1734 3569 1938 3634 lucem
1970 3570 2109 3634 viva
2144 3570 2402 3652 prodeat
2441 3572 2503 3632 01
2542 3571 2628 3634 010
2676 3572 2961 3634 aeternae
2993 3569 3144 3634 eius-

682 3670 822 3736 dem
854 3673 1045 3736 saluti
1079 3672 1345 3756 prospici
1383 3672 1615 3755 possit:
1652 3672 1886 3735 incerta
1925 3672 2091 3736 vitae
2138 3672 2500 3755 temporalis
2548 3690 2685 3755 spes
2730 3692 2854 3738 non
2900 3673 3143 3737 videtur

679 3775 1077 3856 praeferenda
1100 3775 1501 3858 probabiliori
1532 3775 1660 3858 spei
1693 3775 1918 3838 salutis
1953 3778 2235 3840 aeternae
2262 3777 2447 3857 atque
2476 3773 2625 3838 adeo
2654 3775 2988 3839 accelerare
3012 3794 3143 3860 par-

682 3875 821 3939 tum
852 3875 1082 3940 liceret.
1110 3874 1287 3955 Quod
1320 3876 1569 3958 quidem
1604 3876 1931 3941 dicendum
1963 3879 2058 3940 est
2082 3878 2287 3941 valere
2320 3877 2568 3942 etiamsi
2615 3877 2868 3942 morbus
2897 3878 3141 3942 nullum

680 3977 849 4042 vitae
879 3979 1102 4043 matris
1125 3979 1487 4062 periculum,
1507 3980 1734 4043 inferat
1759 3978 1863 4042 sed
1889 3979 2092 4043 solum
2119 3980 2191 4043 de
2216 3979 2455 4046 meliori
2484 3979 2675 4064 prolis
2698 3980 2859 4045 bono
2894 3983 3138 4067 agatur.

771 4077 923 4151 917.
951 4081 1027 4145 V.
1062 4080 1320 4160 Quando
1343 4082 1555 4145 habita
1585 4082 1825 4144 ratione
1873 4083 2077 4145 status
2113 4085 2247 4146 tum
2281 4083 2518 4167 physici
2551 4084 2688 4146 tum
2722 4082 2980 4149 moralis
3011 4103 3140 4147 ma·

675 4185 793 4248 tris
841 4183 1025 4267 (quae
1059 4184 1296 4249 scilicet
1340 4202 1461 4248 non
1510 4184 1597 4246 ita
1632 4183 1990 4246 incisionem
2024 4185 2364 4261 exhorreat,
2401 4186 2473 4248 ut
2504 4185 2665 4268 proli
2696 4185 2791 4250 vel
2825 4186 2998 4250 solus
3045 4186 3138 4249 hic

678 4285 896 4349 horror
926 4286 1202 4371 graviter
1233 4303 1448 4350 nocere
1486 4285 1701 4368 queat)
1734 4287 1798 4348 et
1829 4285 2015 4349 simul
2064 4287 2356 4369 spectatis
2389 4289 2528 4350 tum
2561 4289 2731 4351 statu
2767 4287 2960 4370 prolis
3006 4289 3138 4352 tum

678 4385 899 4450 medici
926 4389 1167 4470 peritia,
1202 4386 1533 4471 prudenter
1565 4387 1906 4451 existimari
1941 4391 2147 4470 queat.
2199 4409 2305 4473 per
2337 4409 2688 4454 caesaream
2721 4391 3136 4473 operationem

680 4486 744 4550 111
770 4506 957 4571 grave
983 4489 1326 4570 periculum
1364 4491 1628 4552 matrem
1662 4489 1984 4554 inductum
2019 4510 2139 4556 non
2167 4492 2264 4565 iri,
2292 4493 2481 4575 prolis
2515 4511 2657 4556 vero
2692 4492 2930 4556 consuli
2964 4511 3138 4575 posse
