3497 5147
669 310 774 365 170
844 324 1056 364 macr.
1086 323 1137 363 v.
1167 322 1327 364 secr.
1355 322 1446 361 111.
1473 322 1559 362 nn
1585 320 1908 363 csmnms
1932 322 2324 363 rannone-ris.
2355 320 2552 362 cffu‘r
2577 322 2644 363 11.
2669 321 2812 362 Due.
2839 322 2920 363 ιν.
2987 307 3136 381 [227]

757 421 1022 485 Nomine
1091 420 1518 502 praelatorum
1589 438 1697 482 seu
1765 419 2157 502 superiorum
2224 419 2500 496 veniunt,
2551 421 2804 483 auctore
2852 438 2900 483 s.
2949 419 3134 502 Alph.

670 545 728 588 n.
779 525 908 595 40..
943 521 1255 604 Episcopi,
1303 521 1585 596 Parochi,
1636 522 1912 585 Praelati
1961 522 2326 606 RegulareS,
2375 521 2692 598 ParenteS,
2741 518 3136 597 Confessarii,

670 625 942 702 Domini,
1013 624 1328 709 Magistri,
1400 624 1686 688 Tutores.
1735 623 1930 687 Addit
1976 623 2245 708 Aertnys
2294 623 2368 687 de
2424 621 2703 687 Caritate
2750 643 2808 686 n.
2871 624 2975 687 52.
3026 623 3134 686 IV.

672 728 1134 792 concionatores
1180 728 1460 809 respectu
1510 725 1901 790 auditorum:
1936 726 2042 789 sed
2089 726 2164 790 ad
2214 745 2322 790 eos
2361 726 2605 808 proprie
2652 727 2894 808 spectat
2924 725 3139 790 dooere

673 829 1008 894 universim
1040 830 1418 914 ignorantes,
1460 847 1580 892 non
1614 828 1895 911 singulos
1933 831 2283 910 peccatores
2315 846 2563 892 monere
2604 829 2667 891 et
2704 826 3028 910 corripere.

780 988 1000 1038 XLVIII.
1043 987 1185 1050 Resp.
1229 985 1274 1037 4.
1314 986 1447 1037 Ordo
1486 984 1534 1036 iu
1573 983 1881 1049 correptione
1932 987 2201 1037 servandus
2238 993 2312 1037 est
2350 1000 2493 1049 quem
2543 984 2770 1037 Christus
2818 984 3135 1050 praescripsit

675 1074 807 1125 Matt.
841 1071 1019 1123 xvm.
1055 1070 1240 1122 15017.
1273 1069 1459 1123 scilicet
1485 1077 1537 1122 ut
1562 1068 1802 1134 corripias
1830 1067 2083 1133 privatim:
2111 1068 2286 1122 deinde
2312 1085 2476 1123 coram
2503 1069 2741 1123 testibus:
2770 1076 2871 1122 tum
2900 1071 2960 1122 ad
3003 1071 3142 1122 I‘rae·

675 1158 825 1210 latum
866 1153 1110 1207 Echesiae
1136 1154 1242 1207 sive
1268 1153 1580 1219 Superiorem
1619 1155 1826 1206 deferas.
1855 1153 2038 1219 Excipe
2069 1160 2247 1217 tamen,
2284 1156 2327 1205 I.
2359 1153 2449 1207 nisi
2490 1160 2698 1219 praestet
2726 1153 3001 1221 Superiori,
3031 1154 3140 1206 viro

675 1243 833 1306 probo
872 1248 918 1293 et
957 1239 1199 1306 prudenti,
1225 1254 1365 1304 quam
1406 1238 1514 1293 aliis
1538 1238 1744 1292 testibus
1770 1238 2105 1291 innotescere:
2133 1246 2278 1303 prout
2303 1245 2499 1292 cautum
2526 1245 2599 1291 cst
2630 1238 2677 1290 in
2708 1241 2892 1304 Regula
2919 1255 2960 1293 s.
2988 1241 3142 1303 Auge

679 1328 728 1377 2.
758 1323 848 1377 nisi
887 1332 1136 1390 peccatum
1164 1323 1225 1376 sit
1251 1323 1514 1389 publicum,
1543 1330 1657 1374 tunc
1683 1322 1809 1375 enim
1842 1329 2001 1389 potest
2030 1321 2220 1388 publice
2253 1322 2460 1389 corripi:
2484 1325 2532 1376 3.
2576 1322 2666 1375 nisi
2696 1330 2867 1387 vergat
2907 1322 2953 1375 in
2991 1336 3143 1387 grave

677 1414 904 1464 damnum
932 1409 1062 1463 tertii
1099 1414 1181 1462 aut
1220 1407 1600 1467 communitatis,
1625 1406 1664 1458 si
1692 1406 1951 1473 Superiori
1993 1423 2085 1459 non
2113 1407 2273 1459 statim
2309 1406 2607 1460 innotescat:
2646 1421 2690 1459 V.
2719 1421 2792 1469 gr.
2820 1406 2862 1459 si
2887 1405 2998 1472 quis
3035 1420 3146 1470 pro·

677 1494 909 1548 ditionem
936 1492 1179 1553 moliatur,
1207 1491 1446 1545 haeresim
1473 1494 1662 1544 occulte
1690 1498 1915 1557 spargat3
1938 1498 2050 1544 tunc
2076 1489 2202 1543 enim
2231 1490 2507 1544 immediate
2534 1488 2783 1556 Superiori
2812 1490 3141 1552 indicandum,

678 1580 790 1645 quia
812 1593 1065 1633 commune
1093 1581 1272 1631 bonum
1301 1577 1668 1643 praeterendum
1694 1583 1770 1629 est
1790 1575 1983 1642 privato
2002 1575 2107 1628 FiII.
2128 1582 2161 1628 t.
2187 1578 2270 1628 28.
2290 1590 2336 1629 c.
2356 1576 2406 1628 7.
2431 1592 2479 1628 11.
2502 1576 2616 1627 tte.
2636 1582 2685 1628 et
2714 1577 2860 1628 15³2:
2883 1575 2932 1627 4.
2955 1577 3147 1640 quando

679 1663 1023 1730 corripiendus
1039 1669 1113 1715 est
1133 1669 1407 1724 contentuS,
1425 1668 1476 1713 ut
1496 1659 1751 1726 Superiori
1773 1658 1934 1713 statim
1956 1660 2270 1724 significetur,
2290 1667 2342 1713 ut
2362 1667 2437 1713 cst
2456 1663 2586 1726 apud
2605 1662 2846 1725 quosdam
2870 1658 3145 1723 religiosos,

680 1749 764 1814 qui
790 1751 949 1814 quoad
976 1753 1069 1801 hoc
1095 1746 1192 1800 iuri
1231 1762 1321 1799 suo
1348 1745 1771 1800 renuntiaverunt.
1802 1744 1915 1798 Vid.
1943 1747 2084 1798 Suar.
2113 1746 2289 1799 Becan.
2317 1737 2487 1809 Laym.
2516 1744 2611 1804 Iiic,
2641 1747 2820 1798 Sancti.
2849 1744 2953 1798 FiII.
2981 1748 3013 1798 I.
3039 1759 3083 1797 c.

768 1865 947 1938 22¹1.
983 1869 1144 1933 Ordo
1169 1869 1574 1951 correptionis
1614 1887 1651 1930 a
1682 1866 1934 1931 Christo
1968 1867 2387 1951 praescriptus
2420 1868 2607 1932 habet
2637 1867 2824 1932 finem
2857 1867 3143 1932 servandi

682 1972 922 2035 famam
954 1971 1215 2052 proximi
1251 1970 1488 2033 occulte
1513 1970 1843 2051 peccantis

771 2071 954 2146 Nam,
988 2073 1062 2134 ut
1091 2071 1299 2152 inquit
1329 2071 1508 2152 Lugo
1542 2069 1734 2148 Resp.
1780 2069 2017 2133 Moral.
2059 2071 2164 2135 lib.
2207 2072 2267 2135 4.
2303 2072 2446 2136 dub.
2476 2073 2581 2137 46.
2616 2094 2675 2137 n.
2714 2075 2794 2151 5.,
2837 2098 2872 2132 «
2922 2072 3149 2137 caritas

685 2195 923 2258 semper
971 2174 1210 2257 obligat
1237 2174 1312 2237 ad
1346 2172 1833 2236 subveniendum
1867 2175 2146 2255 proximo
2193 2195 2334 2239 cum
2366 2176 2624 2241 minimo
2658 2178 2792 2241 eius
2825 2177 3053 2242 damno
3085 2202 3149 2240 ι».

683 2281 849 2363 Ergo
903 2277 1149 2359 quando
1198 2277 1439 2341 fructus
1488 2279 1775 2359 speratur
1837 2295 1907 2340 ex
1976 2277 2251 2342 fraterna
2299 2281 2683 2362 correptione
2730 2284 2794 2345 et
2839 2282 2970 2346 sine
3016 2281 3145 2346 ullo

686 2383 1054 2447 detrimento
1103 2381 1307 2445 famae
1355 2379 1519 2463 apud
1567 2380 1724 2443 alios
1763 2380 2101 2443 remedium
2151 2380 2426 2445 adhiberi
2473 2385 2699 2465 potest,
2763 2384 2879 2448 hoc
2926 2386 3023 2448 est
3069 2384 3156 2448 fa-

685 2485 988 2549 ciendum.

772 2589 1176 2676 Probationes
1225 2586 1419 2652 videri
1465 2587 1728 2669 possunt
1778 2586 1941 2668 apud
1974 2584 2199 2650 Suarez
2250 2587 2323 2650 dc
2379 2586 2575 2652 Carit.
2611 2588 2766 2671 disp.
2802 2590 2864 2652 3.
2899 2593 3050 2654 sect.
3090 2591 3150 2653 6.

688 2714 745 2755 n.
784 2694 843 2753 2.
880 2692 1113 2754 Verum
1142 2690 1476 2753 advertunt
1495 2689 1628 2752 DD.
1657 2688 1809 2770 (vid.
1837 2687 2013 2752 Suar.
2040 2689 2083 2751 l.
2118 2708 2168 2752 c.
2203 2709 2263 2752 n.
2291 2691 2351 2753 2.
2387 2690 2463 2753 ad
2494 2690 2631 2774 fin.)
2664 2690 2782 2755 hoc
2810 2691 3154 2756 fraeternae

689 2794 1094 2875 correptionis
1141 2796 1536 2876 praeceptum
1570 2811 1699 2857 esse
1733 2792 2182 2857 affirmativum
2215 2795 2278 2857 et
2306 2793 2443 2858 ideo
2476 2814 2598 2860 non
2638 2813 2876 2877 semper
2913 2796 3155 2880 obligat

690 2897 794 2961 sed
840 2895 1086 2978 quando
1133 2896 1361 2959 caritas
1408 2898 1471 2959 et
1516 2898 1684 2959 recta
1715 2895 1880 2960 ratio
1914 2895 2066 2959 illud
2102 2896 2318 2960 dictat.
2358 2894 2422 2959 Si
2459 2915 2606 2980 ergo
2647 2898 2725 2961 ob
2756 2897 3160 2962 circumstan-

689 3000 812 3064 tias
857 2999 1020 3063 ratio
1071 2997 1290 3077 dictet,
1313 2997 1494 3061 licere
1521 3000 1632 3060 aut
1657 2997 1935 3080 expedire
1968 2997 2361 3062 omissionem
2396 3000 2509 3061 aut
2537 2999 2727 3064 huius
2762 2999 2994 3065 ordinis
3025 3020 3156 3064 mu-

688 3104 1011 3178 tationem,
1068 3104 1217 3166 tunc
1263 3103 1463 3164 cessat
1508 3102 1929 3182 praeceptum,
1989 3102 2062 3164 ut
2107 3102 2293 3164 notat
2337 3119 2387 3164 a.
2438 3101 2658 3166 Thom.
2717 3103 3006 3182 Quodlib.
3041 3102 3149 3167 XI.

689 3209 807 3270 art.
862 3206 962 3268 13.
1015 3204 1086 3267 ad
1137 3204 1220 3267 fin
1269 3227 1284 3279 3
1336 3204 1461 3266 imo
1511 3202 1631 3265 erit
1676 3201 1900 3265 inutile
1932 3203 1997 3265 et
2026 3202 2340 3266 interdum
2373 3202 2788 3285 perniciosum
2825 3205 3021 3269 talem
3051 3224 3149 3270 or-

692 3308 893 3372 dinem
942 3325 1204 3370 servare.

776 3409 1034 3490 Quando
1082 3427 1228 3493 ergo
1277 3410 1599 3491 peccatum
1647 3406 1863 3470 fratris
1906 3407 2000 3470 est
2040 3407 2289 3472 omnino
2350 3406 2665 3473 occultum
2699 3411 2763 3473 et
2811 3410 2872 3473 in
2922 3411 3154 3475 nullius

691 3514 862 3578 tertii
908 3513 1348 3576 detrimentum
1395 3511 1575 3588 cedit,
1640 3512 1790 3574 tunc
1837 3529 1908 3574 ex
1955 3513 2279 3594 praecepto
2319 3511 2602 3575 caritatis
2669 3514 3010 3579 servandus
3062 3517 3158 3579 est

694 3617 862 3693 ord0‚
896 3618 971 3679 ut
1003 3617 1145 3679 ante
1183 3613 1726 3677 denunciationem
1756 3614 2083 3695 praecedat
2107 3615 2341 3677 secreta
2358 3612 2724 3677 admonitio.
2767 3614 2977 3695 Ratio,
3011 3616 3155 3699 quia

691 3738 865 3781 secus
883 3718 1012 3781 sine
1029 3736 1215 3781 causa
1248 3716 1563 3799 proximus
1586 3716 1949 3780 infamatur.
1984 3716 2391 3781 Denuntiatio
2418 3735 2635 3798 nempe
2660 3716 2840 3781 debet
2864 3737 2995 3783 esse
3021 3719 3161 3783 sub-

694 3819 941 3893 sidium,
976 3837 1097 3899 quo
1133 3819 1520 3883 obtineamus
1558 3819 1641 3896 id,
1682 3818 1848 3899 quod
1875 3837 1982 3900 per
2012 3816 2353 3882 fraternam
2384 3818 2834 3901 correptionem
2867 3822 3158 3904 consequi

695 3940 817 3984 non
853 3918 1056 3982 datur.

782 4021 1108 4087 Occultum
1141 4024 1353 4085 autem
1400 4023 1645 4098 dicitur,
1680 4023 1845 4103 quod
1880 4042 2001 4086 non
2035 4024 2130 4086 est
2164 4023 2483 4088 notorium
2514 4045 2624 4090 nec
2670 4030 2929 4110 generat
2953 4028 3157 4111 publi-

693 4147 835 4191 cum
872 4125 1250 4190 scandalum.
1286 4126 1571 4207 quamvis
1611 4124 1686 4187 ab
1726 4124 2039 4205 aliquibus
2071 4124 2306 4190 sciatur
2344 4128 2407 4190 et
2438 4129 2630 4193 etiam
2655 4129 2739 4193 sit
2770 4130 2900 4193 iam
2934 4131 3158 4213 aliquis

695 4248 924 4293 rumor.
960 4227 1206 4304 Suarez,
1242 4227 1283 4290 l.
1334 4247 1384 4290 c.
1421 4246 1480 4289 n.
1518 4226 1580 4289 8.

786 4326 966 4400 228.
1000 4330 1212 4393 Prima
1236 4328 1510 4411 exceptio
1537 4328 1808 4393 auctoris
1843 4348 1961 4394 non
1996 4331 2091 4395 est
2122 4331 2194 4396 de
2229 4333 2573 4398 omittenda
2618 4335 3023 4418 correptione,
3055 4334 3156 4401 sed

697 4434 769 4497 de
802 4431 1143 4495 adhibendo
1182 4432 1340 4493 teste
1373 4431 1506 4513 ipso
1546 4431 1877 4514 superiore.
1912 4433 2105 4499 Porro
2145 4433 2396 4499 adverte
2426 4437 2733 4519 duplicem
2763 4456 2894 4501 esse
2927 4438 3157 4504 denun-

698 4535 1042 4607 tiationem,
1070 4532 1331 4596 alteram
1357 4533 1793 4616 evanqelieam,
1829 4535 2092 4600 alteram
2109 4535 2486 4601 iudicialem.
2526 4539 2706 4602 Prior
2737 4538 2809 4602 fit
2832 4541 3153 4624 superiori,
