3497 5147
674 366 747 418 62
886 376 1099 417 macr.
1142 378 1196 417 v.
1236 374 1400 416 saer.
1441 378 1479 416 1.
1519 375 1605 413 nn
1641 372 2015 413 Pusaeus-ris
2052 372 2240 411 sinat.
2282 372 2480 414 capu-r
2519 371 2603 412 ιν.
2644 370 2792 412 nna.
2834 368 2925 410 111.
3034 353 3145 429 [88]

785 476 888 527 XL.
917 476 966 528 2.
994 477 1079 527 Eat
1113 472 1402 536 baereticuS,
1429 470 1512 538 qui
1552 469 1843 524 affirmative
1882 472 1943 523 de
1981 469 2147 536 aliquo
2185 468 2393 523 articulo
2433 467 2547 522 ndei
2584 465 2791 530 dubitat,
2822 468 2920 520 boc
2958 473 3035 521 est
3072 467 3140 522 iu·

677 557 807 613 dicat
843 572 952 611 esse
976 556 1195 611 dubium.
1228 555 1343 610 Dixi
1368 554 1733 626 affimativa.-
1759 554 1868 621 quia
1910 552 2133 619 negative
2166 560 2352 607 tantum
2390 551 2584 617 dubius,
2609 556 2705 607 hoc
2735 556 2810 606 est
2835 553 3138 619 suspendens

676 642 928 705 iudicium,
962 657 1050 709 per
1085 657 1138 696 se
1178 649 1226 695 et
1264 640 1549 708 simpliciter
1585 655 1681 694 non
1719 647 1796 694 est
1832 639 2128 701 haereticus,
2154 637 2269 703 quia
2309 651 2406 692 non
2446 639 2594 691 habet
2617 634 2883 704 iudicium;
2910 650 3029 703 ergo
3053 652 3142 691 nec

677 741 971 794 erroneum3
999 729 1145 780 modo
1185 735 1344 780 tamen
1384 741 1478 778 non
1518 725 1631 779 ideo
1670 726 1956 791 suspendat,
1994 725 2125 791 quod
2165 721 2442 777 virtualiter
2483 721 2686 785 iudicet,
2726 736 2823 775 non
2863 720 3050 787 liquere
3086 725 3146 777 de

676 811 969 865 certitudine
1007 810 1203 864 obiecti.
1232 811 1313 873 Sa,
1340 812 1469 864 Azor
1495 812 1527 863 l.
1557 812 1605 862 8.
1633 825 1675 862 c.
1706 811 1754 861 9.
1782 824 1829 874 q.
1855 808 1905 861 5.
1930 807 2039 862 Tol.
2071 815 2241 861 contra
2267 809 2442 860 Sancti.
2471 813 2520 860 et
2553 807 2695 861 Mald.

769 934 893 1008 88.
928 937 1176 1019 Triplex
1198 956 1379 1002 casus
1416 937 1577 1003 solet
1613 936 1938 1020 distingui,
1973 936 2185 1019 prouti
2216 937 2280 999 et
2311 936 2530 1000 auctor
2558 936 2784 1000 innuit.

864 1041 931 1103 1⁰
961 1038 1119 1104 Cum
1151 1040 1291 1122 quis
1314 1040 1584 1120 positive
1607 1058 1715 1103 seu
1746 1039 2127 1120 affirmative
2158 1038 2425 1115 dubitat,
2462 1037 2627 1119 quod
2657 1036 2751 1116 fit,
2785 1039 3035 1121 quando
3068 1039 3145 1103 ob

681 1143 954 1208 rationes
992 1144 1310 1226 oppositas
1348 1142 1586 1207 iudicat
1631 1141 1861 1226 dogma
1893 1139 2165 1223 aliquod,
2208 1140 2285 1204 ab
2332 1140 2588 1206 ecclesia
2621 1140 2964 1219 definitum,
3015 1159 3145 1206 esse

682 1245 1007 1310 incertum.
1041 1244 1123 1308 Et
1155 1263 1226 1309 ex
1264 1244 1576 1308 communi
1614 1243 1922 1308 sententia
1959 1243 2059 1307 hic
2091 1246 2304 1327 peccat
2334 1245 2587 1326 peccato
2620 1243 2911 1308 haeresia.

862 1350 931 1411 20
961 1345 1120 1412 Cum
1158 1347 1297 1428 quis
1343 1346 1627 1428 neyative
1659 1365 1722 1411 se
1753 1346 1944 1411 habet
1987 1348 2052 1410 et
2097 1345 2417 1428 suspendit
2451 1346 2771 1424 iudicium,
2813 1365 2935 1411 non
2968 1346 3146 1428 quasi

682 1452 827 1533 post
849 1450 1224 1514 sufficienter
1254 1448 1644 1532 propositum
1674 1447 1904 1533 dogma
1935 1448 2116 1530 putet
2146 1466 2278 1512 esse
2308 1448 2608 1512 iudicium
2632 1448 3143 1531 suspendendum,

682 1553 790 1617 sed
826 1554 1098 1617 mentem
1129 1550 1208 1615 ad
1238 1551 1364 1615 alia
1396 1552 1778 1628 eonvertenS,
1821 1569 1895 1615 ne
1934 1570 1994 1613 v.
2025 1569 2145 1635 gr„
2184 1550 2391 1631 inquit
2423 1570 2472 1614 s.
2521 1550 2880 1634 Alphonsus
2928 1551 3035 1615 lib.
3088 1550 3144 1619 7.

682 1674 743 1718 n.
780 1656 952 1733 302„
978 1656 1250 1718 mentem
1281 1653 1508 1739 fatiget
1554 1654 1653 1718 vel
1689 1656 1764 1720 ut
1811 1652 1890 1718 ad
1935 1652 2110 1718 aliud
2159 1652 2437 1718 animum
2488 1654 2775 1736 applicet.
2810 1653 2895 1719 Et
2923 1653 3024 1717 hic
3055 1656 3148 1719 est

683 1776 884 1832 casuS,
922 1776 1044 1839 quo
1084 1776 1206 1821 non
1246 1756 1510 1821 habetur
1546 1759 1870 1840 peccatum
1905 1755 2207 1831 haeresis;
2243 1755 2390 1837 quia
2421 1755 2670 1820 nullum
2701 1755 2904 1838 reipsa
2933 1757 3032 1821 est
3059 1757 3149 1820 iu-

681 1855 913 1922 dicium
953 1860 1139 1940 atque
1173 1859 1323 1923 adeo
1356 1878 1551 1940 neque
1590 1877 1931 1923 erroneum.

865 1961 935 2024 3⁰
969 1958 1127 2024 Cum
1175 1961 1315 2041 quis
1347 1960 1681 2025 deliberate
1732 1960 2052 2043 suspendit
2096 1960 2417 2039 iudicium,
2467 1961 2615 2043 quia
2660 1963 2866 2025 censet
2911 1961 3148 2026 motiva

682 2063 995 2128 contraria
1026 2063 1167 2127 fidei
1199 2062 1449 2128 reddere
1478 2062 1779 2127 incertam
1817 2064 2145 2128 veritatem
2176 2064 2348 2129 illius
2380 2065 2444 2129 et
2482 2066 2632 2128 tunc
2668 2063 3016 2137 haereticus
3056 2065 3149 2128 est

684 2165 1029 2244 habendus3
1077 2165 1280 2249 reipsa
1327 2165 1490 2230 enim
1509 2165 1779 2245 positive
1824 2164 2074 2229 dubitat
2120 2165 2193 2229 de
2241 2164 2381 2230 fidei
2428 2165 2711 2243 veritate,
2762 2164 2913 2230 dum
2958 2164 3146 2230 dubia

683 2270 873 2333 habet
922 2287 996 2333 ea
1049 2268 1368 2352 dogmata,
1418 2286 1577 2350 quae
1630 2267 1730 2332 uti
1774 2270 1941 2332 certa
2004 2267 2081 2332 ab
2143 2267 2413 2332 Ecclesia
2472 2269 2921 2350 proponuntur.
2970 2267 3148 2352 Lugo

686 2370 841 2454 disp.
892 2372 997 2436 20.
1046 2391 1105 2435 11.
1160 2372 1299 2435 17.:
1356 2396 1391 2429 (ε
1430 2370 1547 2435 Vel
1594 2369 1854 2435 dubium
1897 2369 1972 2435 fit
2018 2389 2124 2453 per
2169 2369 2631 2452 suspensionem
2677 2368 2909 2447 iudicii,
2944 2373 3149 2443 ortam

689 2477 894 2539 tamen
939 2493 1017 2539 ex
1060 2473 1307 2538 motivis
1350 2472 1713 2545 contrariis,
1761 2472 1986 2553 quibus
2033 2472 2330 2538 deterrita
2383 2472 2675 2537 voluntas
2737 2470 3006 2555 imperat
3049 2493 3148 2538 su·

684 2578 1072 2661 spensionem
1132 2576 1346 2642 iudicii
1399 2575 1584 2640 modo
1641 2575 1945 2658 explicato
2008 2577 2071 2639 et
2126 2577 2274 2642 tunc
2326 2576 2456 2640 iam
2503 2576 2795 2641 voluntas
2842 2577 3147 2660 approbat

688 2679 1045 2743 virtualiter
1072 2679 1312 2743 motiva
1354 2678 1667 2743 contraria
1705 2679 1769 2742 et
1799 2676 1968 2753 facit,
2002 2677 2167 2758 quod
2197 2678 2552 2743 intellectus
2581 2678 2820 2743 motiva
2867 2679 2978 2743 illa
3010 2698 3149 2745 oon·

687 2780 1226 2863 trariaapprobet,
1252 2780 1402 2844 dum
1440 2782 1692 2864 propter
1722 2780 1875 2845 haec
1897 2778 2217 2863 suspendit
2249 2798 2569 2845 assensum
2592 2805 2607 2858 ς
2634 2780 2801 2863 quod
2824 2780 3150 2848 moraliter

687 2883 850 2948 idem
882 2886 978 2949 est
1008 2903 1078 2948 ac
1116 2884 1427 2948 affirmare
1472 2883 1711 2949 motiva
1757 2883 1869 2948 illa
1915 2902 2045 2949 esse
2077 2883 2241 2948 tanti
2279 2883 2585 2966 ponderis,
2610 2886 2687 2948 ut
2716 2904 2850 2949 rem
2886 2883 3151 2949 reddant

685 2986 942 3051 dubiam
974 3011 1036 3050 ».

777 3086 898 3159 89.
946 3089 1210 3172 Propter
1256 3088 1558 3155 eiusmodi
1616 3089 1807 3154 dubia
1827 3109 1974 3154 «non
2021 3088 2359 3153 incurritur
2404 3089 2982 3167 excommunicatio,
3033 3089 3152 3155 nisi

686 3191 955 3256 exterius
1002 3191 1413 3274 proferantur.
1462 3191 1528 3257 Si
1575 3211 1718 3257 vero
1767 3191 2026 3256 dubium
2073 3210 2259 3256 suum
2297 3192 2566 3257 exterius
2610 3191 3043 3258 manifestaret
3090 3194 3151 3256 et

686 3293 1083 3379 pertinaciter
1127 3295 1191 3358 in
1239 3313 1310 3361 eo
1358 3297 1763 3378 permaneret,
1812 3295 2035 3360 merito
2082 3293 2462 3359 iudicaretur
2509 3294 2876 3372 haereticuS‚
2926 3296 3151 3379 quippe

689 3396 799 3478 qui
827 3397 919 3460 ita
949 3409 1014 3463 se
1053 3396 1282 3461 habeat
1317 3397 1565 3480 perinde
1597 3418 1668 3462 ac
1699 3399 1753 3463 si
1786 3417 1882 3462 res
1915 3396 2058 3461 fidei
2095 3397 2317 3462 dubias
2349 3397 2596 3461 diceret.
2635 3396 2815 3481 Lugo
2848 3396 3009 3480 disp.
3045 3399 3148 3463 20.

688 3517 749 3562 n.
791 3498 1024 3562 15.-18.
1059 3501 1122 3562 et
1153 3498 1308 3582 disp.
1349 3501 1450 3564 17.
1485 3520 1544 3564 n.
1581 3501 1685 3565 84.

760 3600 1033 3682 ‚Perinde
1079 3602 1258 3680 foret,
1326 3603 1380 3667 si
1426 3604 1564 3686 quis
1622 3603 1890 3668 exterius
1938 3603 2298 3681 affirmaret,
2350 3603 2660 3668 obiectum
2707 3604 2964 3686 aliquod
3009 3605 3151 3669 fidei

685 3722 816 3767 esse
827 3703 1191 3783 probabile:
1217 3706 1364 3788 quia
1390 3725 1461 3770 ex
1493 3706 1809 3771 communi
1840 3706 2254 3791 intelligentia
2278 3725 2385 3788 per
2407 3707 2524 3770 hoc
2547 3705 2957 3790 significatur,
2985 3707 3151 3791 quod

691 3805 1002 3872 obiectum
1024 3807 1181 3873 illud
1198 3828 1320 3873 non
1347 3808 1567 3874 debeat
1596 3809 1812 3875 haberi
1843 3810 1940 3874 uti
1958 3810 2217 3873 certum.
2239 3807 2379 3872 Vid.
2399 3807 2578 3892 Lugo
2596 3808 2672 3873 de
2689 3808 2838 3873 Fid.
2866 3810 3023 3893 disp.
3045 3811 3150 3875 20.

690 3928 750 3972 n.
794 3909 897 3972 20.
937 3911 1000 3974 et
1037 3910 1190 3994 disp.
1237 3912 1339 3975 17.
1380 3931 1439 3975 n.
1478 3911 1582 3975 96.

776 4010 992 4078 Monet
1016 4013 1225 4077 tamen
1249 4013 1427 4097 Lugo
1460 4032 1581 4077 non
1610 4014 1761 4079 item
1794 4012 2119 4078 dicendum
2156 4014 2231 4078 de
2252 4033 2516 4078 assensu
2539 4014 2899 4094 probabili.-
2930 4040 2966 4076 α
2990 4016 3156 4082 Nam

688 4115 795 4196 qui
834 4115 1069 4181 iudicat
1115 4134 1369 4181 assensu
1416 4115 1721 4196 probabili
1771 4115 2101 4193 obiectum,
2147 4116 2305 4180 nihil
2335 4116 2573 4181 iudicat
2610 4118 2683 4184 de
2714 4119 3157 4202 probabilitate

691 4216 796 4280 sed
845 4216 917 4282 de
965 4218 1239 4294 obiect03
1289 4216 1695 4301 probabilitas
1744 4220 1957 4282 autem
2004 4220 2142 4284 tota
2189 4238 2253 4283 se
2301 4219 2472 4285 tenet
2518 4239 2590 4285 ex
2629 4223 2803 4304 parte
2842 4221 3021 4288 actus
3060 4221 3155 4305 (a)

773 4473 836 4520 (a)
862 4470 1001 4519 Quae
1030 4468 1260 4512 doctrina
1292 4471 1370 4512 est
1397 4468 1644 4524 difficili03
1677 4481 1798 4513 nam
1827 4481 2061 4514 mensus
2088 4449 2274 4515 mentia
2301 4475 2394 4516 aut
2420 4484 2522 4515 nou
2549 4474 2646 4526 out,
2674 4475 2769 4516 aut
2793 4474 2875 4517 ut
2902 4477 3074 4518 oet-tm
3102 4479 3155 4519 et

693 4548 925 4580 aecensus
942 4535 1214 4588 probabilis
1233 4535 1367 4578 nihil
1397 4535 1537 4580 aliud
1566 4549 1671 4582 eaeo
1692 4549 1833 4593 posse
1852 4537 2074 4595 videtur,
2103 4552 2259 4594 quam
2286 4552 2522 4585 mensus
2540 4541 2597 4584 in
2615 4540 3028 4594 probabilitatem
3058 4544 3155 4587 tei.

688 4601 762 4645 Ct'.
785 4601 996 4644 dicenda
1018 4602 1069 4644 ln
1091 4613 1253 4656 praec.
1273 4602 1315 4645 8.
1339 4602 1400 4646 de
1422 4602 1607 4648 iudicio
1636 4604 1907 4649 temerario
1925 4610 1975 4650 et
1994 4606 2133 4651 diota
2155 4607 2207 4650 in
2229 4610 2292 4650 tr.
2317 4609 2371 4650 de
2395 4609 2553 4652 Conse.
2576 4619 2623 4649 n.
2646 4608 2714 4650 53.
2739 4611 2846 4655 not.
2865 4607 3156 4653 Declaratio
