3497 5147
734 367 810 423 80
1308 380 1521 423 ‘rmum
1561 383 1616 423 v.
1656 382 1821 423 snc‘r.
1861 382 1925 421 11.
1969 381 2057 420 1111
2091 380 2449 422 mmmm-o
2488 379 2622 421 erm
3056 368 3200 444 [109]

733 479 846 560 qui
889 480 1230 541 extraxisti
1274 499 1369 541 me
1414 476 1490 540 de
1535 482 1768 551 ventre,
1799 497 1940 557 spes
1981 497 2121 542 mea
2164 481 2275 541 etc.
2325 501 2360 536 »
2404 477 2486 542 Et
2530 477 2595 541 in
2642 476 2982 560 antiphona
3016 478 3199 545 Salve

734 581 988 663 Reyina
1035 581 1111 646 ad
1150 582 1220 645 B.
1263 581 1375 645 V.:
1409 600 1550 660 spes
1594 584 1816 644 nostra
1860 579 2048 645 salve.
2097 581 2392 645 Valentia
2425 583 2576 646 tom.
2612 581 2673 644 3.
2712 579 2868 664 disp.
2904 584 2974 645 2(ΕΙ
3024 602 3082 665 q.
3138 586 3194 647 1.

733 686 943 768 punct.
980 684 1067 748 I.:
1100 709 1135 742 «
1169 683 1318 767 Spes
1341 682 1849 748 communissimo
1882 702 2061 747 sensu
2104 682 2333 747 dicitur
2363 701 2787 766 quaecumque
2818 686 3198 766 exspectatio

731 788 932 852 futuri
979 789 1237 851 eventus
1284 787 1413 850 sive
1460 786 1607 849 boni
1638 786 1768 849 sive
1799 784 1973 863 mali,
2000 785 2340 869 Virgilius:
2372 784 2570 850 Hunc
2600 805 2709 867 eqo
2755 786 2816 850 si
2844 788 3036 865 pomi
3066 791 3199 852 tan-

733 894 864 952 tum
907 908 1163 969 sperare-e
1209 887 1500 951 dolorm.
1549 887 1806 970 Proprie
1850 888 2055 973 magis
2101 887 2328 952 dicitur
2373 887 2448 951 de
2493 887 2952 970 exspectatione
2996 888 3196 955 futuri

729 992 876 1056 boni
922 1016 983 1055 »-

819 1091 1199 1176 Conceptum
1247 1094 1379 1176 spei
1423 1094 1669 1158 exhibet
1722 1114 1773 1158 s.
1825 1095 2095 1159 Thomas
2138 1096 2198 1157 2.
2232 1092 2376 1158 dist.
2413 1093 2516 1157 26.
2552 1113 2611 1175 q.
2653 1095 2713 1159 2.
2751 1113 2807 1157 a.
2842 1094 2904 1156 3.
2960 1118 2998 1151 «
3045 1092 3193 1177 Spes

729 1196 802 1260 de
825 1196 1067 1260 ratione
1090 1215 1206 1259 sua
1229 1195 1380 1260 dicit
1411 1196 1828 1260 extensionem
1855 1196 2169 1279 appetitus
2199 1196 2263 1260 in
2297 1196 2550 1278 aliquod
2569 1196 2857 1273 arduum,
2882 1195 3051 1277 quod
3068 1215 3190 1261 non

730 1298 979 1362 omnino
1018 1298 1270 1363 excedat
1291 1298 1661 1363 facultatem
1692 1299 2017 1382 sperantis.
2052 1298 2143 1362 Ea
2176 1300 2340 1363 enim
2372 1318 2532 1381 quae
2563 1298 2864 1364 excedunt
2910 1301 2974 1364 et
3018 1300 3192 1365 velut

727 1400 1077 1465 excedentia
1112 1400 1674 1483 apprehenduntur,
1716 1401 2207 1483 desperationem
2245 1402 2448 1485 magis
2495 1420 2686 1483 (1110111
2723 1420 2894 1483 0110111
2930 1401 3189 1465 faciunt.

727 1502 903 1567 Unde
936 1503 1270 1567 secundum
1302 1503 1421 1568 hoc
1449 1504 1615 1585 quod
1661 1504 1827 1570 inest
1856 1505 2046 1569 0110111
2091 1504 2359 1569 facultas
2393 1504 2457 1567 in
2491 1503 2747 1585 aliquod
2786 1503 3071 1580 arduum,
3104 1522 3192 1568 se-

724 1607 996 1670 cundum
1034 1606 1150 1670 hoc
1187 1607 1284 1671 est
1328 1606 1649 1671 inclinatio
1695 1606 1760 1670 in
1808 1607 1961 1672 illud
2014 1607 2278 1671 arduum
2324 1610 2388 1671 et
2433 1606 2571 1671 ideo
2618 1607 2684 1671 in
2713 1606 2869 1671 illud
2902 1607 3187 1683 arduum,

723 1709 889 1790 quod
935 1710 1448 1792 proportionatur
1492 1708 1786 1773 facultati
1831 1712 2093 1775 naturae
2140 1709 2493 1785 sensitivae‚
2542 1707 2875 1774 inclinatio
2903 1710 3191 1779 sen-sitivi

721 1812 1037 1890 appetitus
1080 1831 1251 1890 spem
1293 1809 1467 1890 facit,
1517 1831 1676 1892 quae
1723 1816 1820 1876 est
1849 1813 2111 1892 passim·
2157 1812 2221 1875 in
2273 1811 2433 1875 illud
2486 1829 2633 1876 vero
2687 1811 2973 1889 arduum,
3027 1811 3191 1893 quod

722 1916 1234 1996 proportionatur
1279 1916 1541 1979 naturae
1585 1916 2024 1992 intellectivae,
2057 1913 2388 1979 inclinatio
2425 1914 2605 1980 illius
2633 1913 3007 1995 facitspem,
3029 1936 3186 1996 quae

719 2019 816 2079 est
855 2020 1034 2079 actus
1076 2015 1419 2080 voluntatis
1449 2042 1511 2080 ›.

812 2117 982 2198 Quae
1007 2120 1080 2182 ut
1104 2120 1439 2203 intelligas,
1477 2119 1727 2184 adverte
1751 2122 1902 2185 haec
1926 2122 1990 2185 in
2014 2122 2295 2186 doctrina
2325 2139 2375 2185 s.
2402 2120 2696 2185 Thomae.
2728 2121 2796 2183 1⁰
2826 2118 2976 2203 Spes
3001 2122 3065 2184 et
3093 2121 3189 2185 0011

718 2221 784 2285 111
833 2222 1116 2304 appetitu
1148 2222 1444 2286 sensitivo
1478 2223 1542 2285 et
1572 2223 1661 2287 sic
1692 2224 1791 2287 est
1817 2224 2026 2306 passio
2059 2224 2247 2305 atque
2285 2222 2382 2287 est
2410 2223 2475 2286 in
2521 2222 2846 2287 voluntate
2875 2222 2941 2286 et
2971 2223 3060 2286 sic
3088 2225 3185 2287 est

719 2325 896 2386 actus
943 2323 1292 2388 rationalis,
1345 2323 1413 2386 2⁰
1444 2324 1645 2391 Prout
1681 2326 1887 2408 passio
1935 2329 2048 2403 est,
2083 2324 2352 2408 pertinet
2398 2324 2476 2389 ad
2523 2327 2764 2407 partem
2812 2324 3187 2390 irascibilem

714 2443 838 2489 non
878 2427 1443 2509 concupiscibilem;
1496 2428 1694 2509 partis
1741 2429 1906 2493 enim
1952 2428 2445 2511 concupiscibilis
2477 2429 2572 2492 est
2619 2428 2904 2509 prosequi
2951 2428 3183 2492 bonum

716 2529 835 2596 sibi
881 2530 947 2594 et
990 2530 1273 2615 refugere
1320 2549 1357 2595 a
1403 2530 1605 2596 malo:
1647 2530 1753 2596 sed
1784 2531 1931 2613 quia
1961 2550 2206 2598 necesse
2236 2533 2332 2596 est
2369 2529 2536 2613 quod
2581 2528 2898 2596 interdum
2945 2530 3178 2595 animal

714 2632 1149 2697 difficultatem
1197 2632 1548 2714 experiatur
1593 2634 1691 2696 vel
1738 2652 2014 2717 pugnam
2045 2635 2268 2698 subeat
2298 2653 2409 2716 pro
2444 2633 2833 2716 adipiscendo
2871 2633 3034 2698 bono
3068 2635 3181 2700 aut

713 2734 984 2798 cavendo
1008 2735 1197 2812 male,
1224 2753 1295 2798 eo
1318 2734 1485 2816 quod
1511 2735 1662 2799 haec
1687 2736 1986 2801 excedunt
2015 2737 2392 2819 potestatem
2428 2735 2675 2800 facilem
2708 2734 3016 2812 animalis,
3042 2736 3182 2801 ideo

712 2837 918 2918 ipsum
957 2836 1188 2901 bonum
1220 2837 1320 2901 vel
1343 2837 1600 2914 malum,
1628 2839 1818 2921 prout
1833 2839 2026 2904 ardua
2052 2843 2198 2904 sunt
2230 2840 2327 2904 vel
2359 2838 2657 2915 difficilia,
2683 2839 2832 2902 sunt
2862 2838 3176 2903 obiectum

712 2937 1075 3004 irascibilis.
1110 2939 1547 3021 Quaecumque
1576 2960 1723 3025 ergo
1773 2942 2087 3024 passiones
2130 2942 2471 3025 respiciunt
2500 2941 2784 3007 absolute
2814 2940 3051 3006 bonum
3079 2940 3178 3006 vel

710 3042 969 3119 malum,
1004 3043 1315 3124 pertinent
1347 3043 1425 3106 ad
1455 3045 2013 3127 concupiscibilem,
2039 3046 2115 3109 ut
2144 3063 2338 3121 amor,
2367 3044 2600 3117 odium,
2623 3043 2947 3128 gaudium,
2981 3044 3178 3110 trisa-

709 3146 803 3209 tia
834 3147 949 3209 etc.
977 3144 1415 3227 Quaecumque
1445 3165 1589 3211 vero
1622 3148 1939 3230 passiones
1971 3148 2312 3230 respiciunt
2355 3147 2589 3212 bonum
2636 3147 2736 3212 vel
2779 3148 3022 3212 malum
3058 3147 3172 3212 sub

710 3248 954 3311 ratione
1002 3246 1199 3326 ardui,
1234 3250 1424 3331 prout
1473 3249 1568 3313 est
1606 3250 1844 3332 aliquid
1898 3250 2278 3333 adipiscibile
2325 3250 2424 3315 vel
2470 3250 2730 3334 sugibile
2761 3269 2904 3315 cum
2959 3250 3173 3333 aliqua

708 3348 1099 3426 difficultate,
1148 3350 1457 3432 pertinent
1490 3351 1567 3414 ad
1599 3352 1993 3428 irascibilem,
2022 3356 2095 3417 ut
2119 3352 2381 3418 audacia
2404 3355 2467 3417 et
2499 3352 2708 3430 timor,
2743 3372 2901 3435 spes,
2934 3353 3031 3417 ira
3055 3354 3171 3418 etc.

710 3453 769 3515 1.
804 3453 866 3515 2.
899 3471 960 3534 (1.
1001 3453 1106 3515 23.
1136 3472 1191 3516 a.
1230 3453 1287 3515 1.

796 3553 1094 3633 Quamvis
1131 3555 1198 3619 in
1230 3557 1514 3639 appetitu
1545 3558 1843 3623 sensitivo
1875 3557 2365 3643 distinguantur,
2399 3578 2432 3622 e
2464 3541 2746 3624 doctrina
2778 3577 2827 3623 0.
2867 3558 3166 3639 Τ11011100,

704 3676 848 3740 11010
894 3658 1388 3740 concupiscibilis
1413 3661 1477 3723 et
1506 3659 1854 3738 irascibilis,
1888 3661 1951 3724 in
1984 3662 2311 3727 voluntate
2341 3664 2572 3739 tamen,
2605 3680 2765 3743 quae
2788 3661 3022 3728 bonum
3052 3664 3168 3728 sub

694 3760 1234 3847 ,universalissima
1278 3761 1521 3825 ratione
1551 3764 1822 3845 respicit,
1871 3764 2045 3828 nulla
2091 3766 2188 3829 est
2229 3763 2590 3828 huiusmodi
2635 3763 2988 3830 distinctio:
3030 3785 3168 3849 spes

702 3861 956 3944 proinde
1004 3881 1162 3944 quae
1209 3865 1304 3927 est
1358 3866 1536 3928 actus
1583 3864 1947 3941 voluntatis,
1999 3866 2215 3947 nequit
2275 3866 2519 3948 proprie
2565 3866 2686 3931 dici
2733 3886 2864 3933 esse
2931 3887 3056 3934 non
3101 3869 3167 3933 in

701 3964 1184 4047 concupiscibili,
1247 3965 1353 4030 sed
1402 3966 1464 4030 in
1510 3966 1827 4029 irascibili.
1875 3965 2317 4045 Nihilominus,
2358 3967 2656 4049 quoniam
2702 3970 3020 4053 proportio
3068 3972 3169 4035 est

699 4072 1006 4154 quaedam
1048 4075 1212 4138 inter
1243 4076 1420 4137 actus
1452 4073 1800 4138 voluntatis
1823 4074 1888 4137 et
1918 4074 2233 4156 appetitus
2265 4076 2453 4157 atque
2483 4076 2650 4159 quod
2674 4078 2985 4161 appetitui
3004 4097 3170 4144 com-

697 4176 877 4258 petit,
911 4176 1152 4259 plenius
1191 4176 1256 4238 et
1301 4174 1643 4256 simplicius
1693 4195 1728 4239 a
1775 4176 2102 4240 voluntate
2132 4177 2417 4254 habetur,
2455 4179 2593 4261 ipsa
2632 4179 2925 4245 voluntas
2954 4182 3169 4263 potest

698 4276 820 4343 dici
848 4277 1211 4353 irascibili&
1249 4280 1438 4360 prout
1482 4277 1622 4342 vult
1652 4278 2021 4362 impugnare
2049 4279 2305 4356 malam,
2342 4283 2631 4362 quamvis
2663 4301 2786 4347 non
2817 4302 2890 4347 ex
2920 4283 3161 4367 impetu

697 4382 1002 4465 passionis
1040 4383 1229 4459 atque
1274 4379 1338 4441 in
1387 4379 1581 4443 ardua
1612 4381 1839 4444 tendit:
1887 4382 1943 4445 1.
1991 4402 2050 4464 p.
2092 4402 2151 4464 q.
2188 4383 2293 4448 82.
2328 4403 2385 4448 0.
2421 4387 2481 4449 5.
2523 4385 2601 4450 ad
2641 4387 2701 4450 2.
2736 4383 3040 4466 Quocirca
3067 4410 3166 4455 ca-

695 4484 851 4546 ritas
884 4484 947 4544 et
984 4501 1120 4563 spes
1170 4501 1293 4546 non
1340 4484 1490 4547 sunt
1519 4483 1766 4564 quidem
1811 4485 1876 4549 in
1922 4488 2384 4570 concupiscibili
2437 4490 2502 4553 et
2546 4488 2864 4565 irascibili,
2914 4494 3160 4576 proprie

693 4583 1024 4664 loquend0,
1058 4603 1200 4648 cum
1233 4585 1361 4650 sint
1397 4589 1575 4652 actus
1610 4587 1919 4670 simplices
1953 4589 2318 4668 voluntatis,
2354 4591 2458 4656 sed
2505 4590 2734 4657 dicitur
2763 4592 2997 4659 caritas
3027 4613 3160 4662 esse
