3497 5147
365 343 546 419 [1165]
1084 355 1208 404 Quo
1245 356 1397 399 man
1433 354 1791 397 nnuman
1828 354 2108 397 maenum
2722 341 2834 398 873

364 456 633 521 decimas
679 454 843 519 iuste
888 452 1215 517 institutas
1262 452 1472 530 fuisse,
1505 452 1599 516 ait
1645 450 1872 517 Suarez
1918 452 1961 516 1.
2011 474 2061 517 c.
2103 473 2153 517 c.
2196 453 2296 516 11.
2326 473 2384 517 n.
2421 454 2480 516 3.
2530 477 2566 512 α
2613 454 2709 517 est
2757 453 2831 517 de

363 558 502 635 fide,
544 557 621 622 ad
668 574 867 639 quam
913 554 1295 638 probandam
1340 554 1661 618 sufficiunt
1705 554 1847 619 iura
1892 557 1956 620 et
2010 556 2271 620 concilia
2319 556 2533 621 citata.
2585 556 2835 621 Sufficit

363 660 556 725 etiam
602 656 947 723 auctoritas
978 657 1042 719 et
1076 674 1410 721 consensus
1455 656 1823 722 universalis
1886 658 2213 735 Ecclesiae,
2250 678 2409 741 quae
2456 677 2662 723 errare
2712 677 2834 723 non

363 763 574 846 potest
619 761 682 824 in
727 759 1008 824 moribus
1042 783 1103 823 ».

453 862 819 943 Quaesitum
842 863 972 927 est:
1009 880 1089 925 an
1118 861 1384 925 Parochi
1416 862 1481 924 et
1508 861 1697 926 ceteri
1727 863 2146 941 ecclesiastici,
2196 865 2422 946 quibus
2452 863 2833 929 decimarum

364 965 702 1032 abolitione
734 984 771 1028 a
802 962 1118 1029 Gubernio
1150 963 1414 1040 decreta,
1449 964 1747 1028 damnum
1772 964 2023 1030 illatum
2049 968 2162 1041 est,
2190 966 2727 1049 compensationes
2755 966 2833 1029 ab

362 1070 498 1152 ipso
531 1067 845 1133 Gubernio
877 1066 1230 1149 propositas
1264 1066 1571 1149 percipere
1602 1067 1864 1149 possint.

455 1170 795 1255 Respondit
818 1189 868 1235 s.
900 1170 1391 1235 Poenitentiaria
1424 1169 1642 1253 Apost.
1675 1172 1778 1234 10.
1820 1170 2089 1236 decemb.
2121 1171 2314 1235 1860.
2348 1196 2384 1231 «ε
2415 1172 2625 1249 Posse,
2651 1171 2832 1234 iuxta

366 1276 688 1340 oraculum
734 1292 815 1337 ss.
850 1272 1122 1349 Domini,
1157 1272 1348 1337 titulo
1396 1290 1602 1335 merae
1638 1274 2182 1355 compensationiS,
2218 1293 2328 1357 pro
2368 1274 2594 1338 damno
2644 1272 2763 1337 sibi
2795 1291 2833 1336 a

364 1376 678 1442 Gubernio
710 1375 891 1439 illato
938 1374 1017 1439 ob
1061 1373 1425 1457 impeditam
1472 1373 1855 1439 decimarum
1899 1376 2302 1454 exactionem,
2346 1375 2655 1459 percipere
2693 1393 2834 1456 pen-

363 1480 568 1544 siones
606 1497 643 1542 a
696 1477 1011 1543 Gubernio
1059 1476 1432 1561 assignataS,
1490 1475 1657 1541 facta
1706 1476 1916 1541 tamen
1963 1477 2136 1560 prius
2185 1478 2314 1541 sive
2378 1477 2457 1540 ab
2504 1475 2831 1540 Ordinatio

363 1582 483 1647 loci
529 1582 593 1645 in
640 1579 974 1656 communi,
1007 1580 1137 1643 sive
1169 1598 1206 1642 a
1236 1578 1517 1659 quolibet
1563 1597 1634 1642 ex
1680 1578 1864 1643 dictis
1910 1580 2195 1662 parochis
2242 1599 2353 1644 seu
2399 1577 2832 1643 ecclesiasticis

364 1685 428 1749 in
460 1682 825 1767 particulari
861 1681 1330 1765 protestatione,
1364 1700 1472 1763 per
1505 1680 1867 1746 huiusmodi
1917 1682 2370 1764 perceptionem
2425 1680 2598 1744 nullo
2645 1680 2829 1745 modo

363 1785 719 1871 recognosci
766 1784 881 1848 aut
926 1783 1255 1866 approbari
1301 1782 1682 1847 decimarum
1722 1782 2126 1848 abolitionem
2165 1803 2201 1846 a
2233 1782 2549 1847 Gubernio
2596 1781 2829 1846 factam

364 1893 429 1956 et
451 1890 633 1954 caute
668 1887 923 1951 monitis
947 1885 1287 1950 earwndem
1316 1884 1699 1949 decimarum
1719 1885 2120 1962 debitoribuS,
2148 1904 2250 1948 eos
2273 1904 2403 1949 non
2427 1903 2557 1948 esse
2586 1885 2651 1947 vi
2674 1883 2832 1966 ἱεράς

361 2013 404 2055 α
458 1991 779 2055 Gubernio
823 1989 1011 2065 latae,
1049 1988 1132 2052 ab
1162 2008 1348 2052 onere
1379 1987 1626 2052 easdem
1669 1987 1951 2052 solvendi
1980 1987 2279 2053 liberatos
2311 2013 2374 2053 ».

454 2093 614 2174 Quia
651 2111 796 2158 vero
842 2092 1015 2157 nefas
1062 2092 1176 2168 est,
1215 2090 1379 2155 idem
1411 2089 1691 2155 debitum
1720 2091 1818 2154 bis
1852 2091 2111 2175 exigere,
2153 2092 2207 2155 si
2245 2091 2519 2174 parochi,
2555 2090 2829 2155 fraudati

362 2195 651 2272 decimas,
691 2214 958 2275 aequam
994 2193 1241 2258 aliunde
1290 2193 1857 2275 compensationem
1905 2192 2230 2276 accipiant,
2285 2211 2407 2257 non
2455 2193 2604 2257 licet
2649 2211 2827 2275 paro-

363 2298 496 2362 chis
527 2297 773 2363 easdem
819 2297 1058 2381 exigere
1107 2316 1143 2359 a
1172 2294 1479 2373 fidelibus,
1516 2313 1553 2358 a
1591 2296 1820 2377 quibus
1864 2296 1982 2361 hoc
2030 2296 2278 2360 tantum
2326 2297 2644 2379 postulare
2693 2314 2831 2380 pos-

362 2403 517 2465 sunt
563 2402 626 2464 et
684 2399 925 2476 debent,
988 2417 1129 2463 cum
1190 2416 1294 2462 eos
1343 2397 1695 2473 absolvunt,
1746 2400 1822 2462 ut
1866 2399 2072 2481 parati
2118 2399 2246 2463 sint
2300 2401 2466 2463 stare
2512 2399 2826 2464 mandatis

360 2503 688 2569 Ecclesiae.
737 2500 830 2567 Cf.
870 2521 1000 2588 reg.
1035 2501 1197 2565 Iuris
1230 2500 1335 2565 83.
1386 2500 1449 2565 in
1497 2501 1557 2563 6.
1601 2500 1795 2564 Bona
1840 2500 1999 2582 fides
2044 2521 2172 2565 non
2203 2503 2475 2583 patitur,
2525 2506 2597 2565 ut
2637 2500 2828 2566 semel

360 2610 648 2670 emactum
691 2607 918 2668 iterum
961 2606 1272 2686 exigatur.
1394 2665 1403 2672 .

454 2704 636 2779 1185.
676 2707 849 2772 Haec
892 2707 991 2773 lex
1026 2725 1146 2771 non
1180 2709 1276 2771 est
1308 2706 1603 2789 poenaIiS,
1640 2707 1745 2771 sed
1780 2707 2052 2785 moralia,
2080 2708 2496 2772 determinans
2521 2706 2821 2787 debitum,

360 2811 527 2894 quod
559 2811 658 2876 est
701 2830 772 2875 ex
818 2810 952 2875 iure
982 2810 1244 2875 naturae
1275 2811 1339 2873 et
1376 2809 1645 2874 efficiens
1676 2811 1752 2873 ut
1783 2809 2053 2874 decimae
2085 2829 2158 2874 ex
2187 2810 2434 2874 iustitia
2464 2809 2823 2874 debeantur.

364 2912 540 2979 Sicut
570 2913 734 2978 enim
786 2912 976 2976 militi
1025 2931 1097 2976 ex
1128 2911 1375 2975 iustitia
1429 2911 1690 2976 debetur
1736 2911 2143 2996 stipendium:
2200 2915 2340 2993 quis
2386 2913 2554 2976 enim
2589 2912 2829 2976 militat

361 3017 496 3080 suis
539 3015 871 3096 suspenditis
915 3014 1249 3096 unquam?
1283 3016 1341 3078 1.
1376 3011 1516 3080 Cor.
1566 3014 1677 3079 IX.
1723 3016 1803 3091 7.,
1851 3015 1945 3080 ita
1992 3017 2057 3080 et
2102 3016 2304 3081 multo
2352 3016 2555 3101 magis
2600 3015 2664 3080 id
2711 3015 2828 3080 cle-

359 3119 504 3184 ricis
550 3119 825 3184 debetur.
859 3116 953 3183 Cf.
1002 3137 1052 3183 s.
1101 3118 1322 3183 Thom.
1363 3137 1423 3201 q.
1463 3117 1569 3183 cit.
1606 3119 1723 3182 art.
1775 3120 1835 3182 2.
1872 3118 1949 3182 ad
1981 3119 2041 3181 4.
2093 3119 2156 3182 et
2202 3118 2428 3183 Suarez
2466 3118 2509 3182 l.
2545 3137 2596 3182 c.
2632 3137 2682 3181 c.
2717 3117 2823 3182 36.

360 3242 530 3288 num.
570 3224 628 3286 1.

449 3325 751 3404 Quocirca
796 3343 940 3388 cum
984 3323 1259 3387 Ecclesia
1326 3323 1501 3388 iubet
1553 3323 1822 3387 decimas
1870 3322 2049 3399 solvi,
2108 3324 2398 3386 tenentur
2454 3322 2662 3389 fideles
2716 3343 2824 3404 eas

361 3424 506 3489 dare
542 3427 661 3491 etsi
692 3445 800 3510 per
832 3424 1146 3489 exactores
1179 3443 1302 3488 non
1328 3426 1670 3508 urgeantur
1707 3424 1787 3487 ad
1812 3425 2208 3489 solutionem.

450 3526 663 3610 Neque
695 3526 1005 3593 contraria
1042 3528 1139 3590 est
1170 3525 1451 3590 doctrina
1478 3545 1526 3589 s.
1562 3525 1838 3590 Thomae
1871 3545 1929 3607 q.
1964 3526 2070 3590 cit.
2098 3529 2216 3590 art.
2256 3528 2312 3590 1.
2349 3525 2427 3590 ad
2460 3528 2521 3591 5.
2557 3529 2664 3592 ubi
2698 3530 2819 3593 ait:

368 3653 405 3687 «
442 3628 782 3711 Apostolus
813 3630 1019 3694 noluit
1048 3628 1146 3693 uti
1177 3629 1489 3712 potestate
1527 3628 1646 3692 sibi
1678 3647 1715 3690 a
1756 3628 2025 3693 Domino
2060 3629 2315 3707 tradita,
2351 3629 2426 3692 ut
2456 3629 2691 3694 scilicet
2727 3651 2824 3696 ac-

361 3731 592 3814 ciperet
635 3731 945 3814 stipendia
992 3732 1196 3796 victus
1243 3730 1321 3794 ab
1374 3730 1473 3806 iis,
1527 3729 1753 3811 quibus
1801 3729 2210 3815 Evangelium
2280 3730 2696 3814 praedicabat,
2746 3752 2822 3796 ne

360 3836 615 3900 daretur
646 3834 897 3916 aliquod
942 3834 1453 3918 impedimentum
1496 3831 1838 3916 Evangelio
1885 3831 2138 3896 Christi.
2186 3831 2245 3895 N
2248 3851 2316 3896 ec
2361 3834 2572 3896 tamen
2618 3852 2824 3915 pecca-

360 3937 515 4002 bant
560 3935 673 4013 illi,
708 3936 815 4018 qni
864 3936 919 3998 ei
963 3954 1087 4001 non
1141 3934 1615 4000 subveniebant:
1653 3934 1930 4015 alioquin
1977 3934 2316 4016 Apostolus
2363 3951 2469 3999 eos
2518 3935 2826 4018 corrigere

358 4059 482 4107 non
515 4038 847 4104 omisisset.
880 4037 962 4101 Et
1006 4038 1295 4104 similiter
1323 4036 1724 4101 laudabiliter
1760 4035 2030 4099 ministri
2063 4036 2370 4100 Ecclesiae
2416 4035 2685 4100 decimas
2717 4036 2829 4100 Ec·

358 4143 580 4207 clesiae
616 4160 740 4206 non
787 4140 1111 4222 requirunt
1158 4141 1265 4204 ubi
1310 4141 1441 4205 sine
1486 4137 1779 4205 scandalo
1826 4138 2055 4219 requiri
2101 4157 2221 4203 non
2270 4139 2541 4221 possent,
2575 4140 2830 4221 propter

356 4243 845 4309 dissuetudinem
890 4243 989 4307 vel
1036 4243 1287 4324 propter
1333 4243 1607 4324 aliquam
1655 4241 1848 4305 aliam
1885 4258 2158 4305 causam.
2219 4240 2347 4305 Nec
2394 4237 2603 4305 tamen
2681 4243 2830 4305 sunt

356 4346 422 4411 in
468 4348 643 4411 statu
691 4344 1131 4422 damnationiS‚
1166 4343 1274 4425 qui
1311 4362 1434 4408 non
1480 4345 1735 4408 solvunt
1781 4343 1845 4407 in
1892 4343 2044 4408 locis
2076 4342 2224 4421 illis,
2261 4344 2324 4406 in
2356 4344 2582 4426 quibus
2617 4341 2832 4407 Eccle-

357 4450 459 4513 sia
500 4471 630 4515 non
660 4450 845 4530 petit,
883 4447 1004 4513 nisi
1036 4446 1197 4512 forte
1227 4448 1478 4529 propter
1510 4447 1991 4512 obstinationem
2039 4446 2252 4519 animi,
2286 4446 2582 4512 habentes
2613 4447 2829 4512 volun-

358 4552 554 4618 tatem
600 4571 723 4619 non
761 4549 1059 4627 solvendi,
1108 4549 1356 4614 etiamsi
1403 4548 1481 4612 ab
1527 4549 1614 4613 eis
1661 4549 2016 4631 peterentur
2061 4573 2123 4610 ».
2157 4546 2317 4612 Cum
2349 4548 2512 4612 enim
2546 4550 2670 4614 ait:
2707 4549 2833 4613 Ec-
