<?xml version="1.0" encoding="UTF-8"?>
<!DOCTYPE html PUBLIC "-//W3C//DTD XHTML 1.0 Transitional//EN"
    "http://www.w3.org/TR/xhtml1/DTD/xhtml1-transitional.dtd">
<html xmlns="http://www.w3.org/1999/xhtml" xml:lang="en" lang="en">
 <head>
  <title>
</title>
<meta http-equiv="Content-Type" content="text/html;charset=utf-8" />
  <meta name='ocr-system' content='tesseract 3.04.00' />
  <meta name='ocr-capabilities' content='ocr_page ocr_carea ocr_par ocr_line ocrx_word'/>
</head>
<body>
  <div class='ocr_page' id='page_1' title='image "./opustheologicum00ballgoog/opustheologicum00ballgoog_0406.png"; bbox 0 0 3497 5147; ppageno 0'>
   <div class='ocr_carea' id='block_1_1' title="bbox 300 370 2744 442">
    <p class='ocr_par' dir='ltr' id='par_1_1' title="bbox 300 370 2744 442">
     <span class='ocr_line' id='line_1_1' title="bbox 300 370 2744 442; baseline -0.001 -15"><span class='ocrx_word' id='word_1_1' title='bbox 300 372 431 442; x_wconf 77' lang='lat'>[520]</span> <span class='ocrx_word' id='word_1_2' title='bbox 953 381 1105 430; x_wconf 79' lang='lat' dir='ltr'>Qun&gt;</span> <span class='ocrx_word' id='word_1_3' title='bbox 1142 382 1222 421; x_wconf 79' lang='lat' dir='ltr'>m·</span> <span class='ocrx_word' id='word_1_4' title='bbox 1259 380 1623 429; x_wconf 68' lang='lat' dir='ltr'>Quo‘ropmx</span> <span class='ocrx_word' id='word_1_5' title='bbox 1665 381 2057 422; x_wconf 72' lang='lat' dir='ltr'>BnAspnnmA</span> <span class='ocrx_word' id='word_1_6' title='bbox 2635 370 2744 424; x_wconf 85' lang='lat'>399</span> 
     </span>
    </p>
   </div>
   <div class='ocr_carea' id='block_1_2' title="bbox 298 473 2745 798">
    <p class='ocr_par' dir='ltr' id='par_1_2' title="bbox 298 473 2745 798">
     <span class='ocr_line' id='line_1_2' title="bbox 398 473 2744 546; baseline -0.001 -12"><span class='ocrx_word' id='word_1_7' title='bbox 398 482 520 534; x_wconf 74' lang='lat' dir='ltr'>vlu.</span> <span class='ocrx_word' id='word_1_8' title='bbox 544 482 594 533; x_wconf 86' lang='grc'><strong>6.</strong></span> <span class='ocrx_word' id='word_1_9' title='bbox 617 479 931 545; x_wconf 83' lang='lat' dir='ltr'>Blaspbemat</span> <span class='ocrx_word' id='word_1_10' title='bbox 953 473 1088 545; x_wconf 88' lang='lat' dir='ltr'>item,</span> <span class='ocrx_word' id='word_1_11' title='bbox 1107 476 1192 542; x_wconf 84' lang='lat' dir='ltr'>qui</span> <span class='ocrx_word' id='word_1_12' title='bbox 1217 475 1452 530; x_wconf 86' lang='lat' dir='ltr'>iniuriose</span> <span class='ocrx_word' id='word_1_13' title='bbox 1479 483 1683 543; x_wconf 80' lang='lat' dir='ltr'>usurpat</span> <span class='ocrx_word' id='word_1_14' title='bbox 1710 480 1978 530; x_wconf 80' lang='lat' dir='ltr'>membrum</span> <span class='ocrx_word' id='word_1_15' title='bbox 2005 476 2218 531; x_wconf 78' lang='lat' dir='ltr'>Christi:</span> <span class='ocrx_word' id='word_1_16' title='bbox 2243 492 2290 531; x_wconf 78' lang='lat' dir='ltr'>v,</span> <span class='ocrx_word' id='word_1_17' title='bbox 2311 493 2356 542; x_wconf 78' lang='lat' dir='ltr'>g.</span> <span class='ocrx_word' id='word_1_18' title='bbox 2379 481 2550 546; x_wconf 81' lang='lat' dir='ltr'>perdat</span> <span class='ocrx_word' id='word_1_19' title='bbox 2577 489 2624 533; x_wconf 92' lang='lat' dir='ltr'>te</span> <span class='ocrx_word' id='word_1_20' title='bbox 2653 479 2744 534; x_wconf 93' lang='lat' dir='ltr'>Dei</span> 
     </span>
     <span class='ocr_line' id='line_1_3' title="bbox 302 557 2743 630; baseline -0 -11"><span class='ocrx_word' id='word_1_21' title='bbox 302 563 506 629; x_wconf 76' lang='lat' dir='ltr'>sanguis,</span> <span class='ocrx_word' id='word_1_22' title='bbox 536 565 762 629; x_wconf 82' lang='lat' dir='ltr'>vulnera,</span> <span class='ocrx_word' id='word_1_23' title='bbox 784 576 920 615; x_wconf 86' lang='lat' dir='ltr'>mors</span> <span class='ocrx_word' id='word_1_24' title='bbox 946 561 1055 626; x_wconf 89' lang='lat' dir='ltr'>Dei,</span> <span class='ocrx_word' id='word_1_25' title='bbox 1076 568 1239 628; x_wconf 85' lang='lat' dir='ltr'>caput,</span> <span class='ocrx_word' id='word_1_26' title='bbox 1267 561 1447 628; x_wconf 82' lang='lat' dir='ltr'>passio,</span> <span class='ocrx_word' id='word_1_27' title='bbox 1475 563 1805 624; x_wconf 76' lang='lat' dir='ltr'>Sacramenta,</span> <span class='ocrx_word' id='word_1_28' title='bbox 1833 561 2043 615; x_wconf 79' lang='lat' dir='ltr'>chrisma</span> <span class='ocrx_word' id='word_1_29' title='bbox 2072 569 2121 615; x_wconf 90' lang='lat' dir='ltr'>et</span> <span class='ocrx_word' id='word_1_30' title='bbox 2148 561 2321 617; x_wconf 82' lang='lat' dir='ltr'>similia</span> <span class='ocrx_word' id='word_1_31' title='bbox 2351 578 2486 618; x_wconf 81' lang='lat' dir='ltr'>sacra</span> <span class='ocrx_word' id='word_1_32' title='bbox 2504 557 2654 630; x_wconf 54' lang='lat' dir='ltr'>{cum</span> <span class='ocrx_word' id='word_1_33' title='bbox 2685 580 2743 618; x_wconf 88' lang='lat' dir='ltr'>ea</span> 
     </span>
     <span class='ocr_line' id='line_1_4' title="bbox 301 645 2745 716; baseline -0.001 -13"><span class='ocrx_word' id='word_1_34' title='bbox 301 666 385 704; x_wconf 91' lang='lat' dir='ltr'>non</span> <span class='ocrx_word' id='word_1_35' title='bbox 420 651 477 703; x_wconf 84' lang='lat' dir='ltr'>ad</span> <span class='ocrx_word' id='word_1_36' title='bbox 514 649 832 715; x_wconf 81' lang='lat' dir='ltr'>perdendum,</span> <span class='ocrx_word' id='word_1_37' title='bbox 860 649 945 700; x_wconf 88' lang='lat' dir='ltr'>sed</span> <span class='ocrx_word' id='word_1_38' title='bbox 984 648 1044 699; x_wconf 84' lang='lat' dir='ltr'>ad</span> <span class='ocrx_word' id='word_1_39' title='bbox 1072 648 1332 700; x_wconf 80' lang='lat' dir='ltr'>salvandos</span> <span class='ocrx_word' id='word_1_40' title='bbox 1357 661 1446 699; x_wconf 87' lang='lat' dir='ltr'>nos</span> <span class='ocrx_word' id='word_1_41' title='bbox 1478 648 1588 699; x_wconf 85' lang='lat' dir='ltr'>data</span> <span class='ocrx_word' id='word_1_42' title='bbox 1616 645 1712 699; x_wconf 91' lang='lat' dir='ltr'>sint</span> <span class='ocrx_word' id='word_1_43' title='bbox 1742 653 1792 700; x_wconf 85' lang='lat' dir='ltr'>et</span> <span class='ocrx_word' id='word_1_44' title='bbox 1822 646 2145 700; x_wconf 86' lang='lat' dir='ltr'>communiter</span> <span class='ocrx_word' id='word_1_45' title='bbox 2181 647 2229 700; x_wconf 92' lang='lat' dir='ltr'>in</span> <span class='ocrx_word' id='word_1_46' title='bbox 2260 648 2336 702; x_wconf 85' lang='lat' dir='ltr'>bis</span> <span class='ocrx_word' id='word_1_47' title='bbox 2373 652 2745 716; x_wconf 79' lang='lat' dir='ltr'><strong>apprehendant</strong></span> 
     </span>
     <span class='ocr_line' id='line_1_5' title="bbox 298 730 2554 798; baseline 0 -11"><span class='ocrx_word' id='word_1_48' title='bbox 298 732 503 787; x_wconf 81' lang='lat' dir='ltr'>homines</span> <span class='ocrx_word' id='word_1_49' title='bbox 528 747 747 797; x_wconf 77' lang='lat' dir='ltr'>magnum</span> <span class='ocrx_word' id='word_1_50' title='bbox 774 731 867 786; x_wconf 92' lang='lat' dir='ltr'>Dei</span> <span class='ocrx_word' id='word_1_51' title='bbox 891 746 1156 797; x_wconf 87' lang='lat' dir='ltr'>earumque</span> <span class='ocrx_word' id='word_1_52' title='bbox 1180 746 1343 785; x_wconf 90' lang='lat' dir='ltr'>rerum</span> <span class='ocrx_word' id='word_1_53' title='bbox 1369 730 1740 798; x_wconf 74' lang='lat' dir='ltr'>vilipensionem</span> <span class='ocrx_word' id='word_1_54' title='bbox 1772 731 2025 785; x_wconf 82' lang='lat' dir='ltr'>contineri.</span> <span class='ocrx_word' id='word_1_55' title='bbox 2053 734 2222 798; x_wconf 87' lang='lat' dir='ltr'>Laym.</span> <span class='ocrx_word' id='word_1_56' title='bbox 2248 732 2367 787; x_wconf 85' lang='lat' dir='ltr'>ibid.</span> <span class='ocrx_word' id='word_1_57' title='bbox 2393 748 2441 787; x_wconf 92' lang='lat' dir='ltr'>n.</span> <span class='ocrx_word' id='word_1_58' title='bbox 2471 736 2554 789; x_wconf 73' lang='lat'>⁴2.</span> 
     </span>
    </p>
   </div>
   <div class='ocr_carea' id='block_1_3' title="bbox 286 892 2746 2189">
    <p class='ocr_par' dir='ltr' id='par_1_3' title="bbox 288 892 2746 1797">
     <span class='ocr_line' id='line_1_6' title="bbox 379 892 2741 976; baseline 0 -17"><span class='ocrx_word' id='word_1_59' title='bbox 379 892 524 968; x_wconf 74' lang='grc'><strong>519.</strong></span> <span class='ocrx_word' id='word_1_60' title='bbox 573 895 906 959; x_wconf 88' lang='lat' dir='ltr'>Formulae</span> <span class='ocrx_word' id='word_1_61' title='bbox 944 893 1251 958; x_wconf 88' lang='lat' dir='ltr'>indicatae</span> <span class='ocrx_word' id='word_1_62' title='bbox 1298 894 1376 957; x_wconf 87' lang='lat' dir='ltr'>ab</span> <span class='ocrx_word' id='word_1_63' title='bbox 1422 894 1497 958; x_wconf 80' lang='lat' dir='ltr'>A.</span> <span class='ocrx_word' id='word_1_64' title='bbox 1555 893 1715 958; x_wconf 84' lang='lat' dir='ltr'>forte</span> <span class='ocrx_word' id='word_1_65' title='bbox 1770 892 2236 976; x_wconf 86' lang='lat' dir='ltr'>usurpabantur</span> <span class='ocrx_word' id='word_1_66' title='bbox 2272 913 2387 958; x_wconf 89' lang='lat' dir='ltr'>sua</span> <span class='ocrx_word' id='word_1_67' title='bbox 2421 895 2626 959; x_wconf 87' lang='lat' dir='ltr'>aetate</span> <span class='ocrx_word' id='word_1_68' title='bbox 2675 896 2741 959; x_wconf 88' lang='lat' dir='ltr'>in</span> 
     </span>
     <span class='ocr_line' id='line_1_7' title="bbox 302 994 2739 1080; baseline -0.001 -16"><span class='ocrx_word' id='word_1_69' title='bbox 302 998 649 1074; x_wconf 84' lang='lat' dir='ltr'>Germania;</span> <span class='ocrx_word' id='word_1_70' title='bbox 683 1016 829 1060; x_wconf 89' lang='lat' dir='ltr'>nam</span> <span class='ocrx_word' id='word_1_71' title='bbox 853 1015 1035 1079; x_wconf 89' lang='lat' dir='ltr'>penes</span> <span class='ocrx_word' id='word_1_72' title='bbox 1066 1014 1179 1061; x_wconf 90' lang='lat' dir='ltr'>nos</span> <span class='ocrx_word' id='word_1_73' title='bbox 1202 1015 1325 1060; x_wconf 90' lang='lat' dir='ltr'>non</span> <span class='ocrx_word' id='word_1_74' title='bbox 1358 996 1589 1080; x_wconf 75' lang='lat' dir='ltr'>vigent.</span> <span class='ocrx_word' id='word_1_75' title='bbox 1624 994 1714 1058; x_wconf 80' lang='lat' dir='ltr'>Ex</span> <span class='ocrx_word' id='word_1_76' title='bbox 1745 995 1842 1070; x_wconf 88' lang='grc'><strong>113,</strong></span> <span class='ocrx_word' id='word_1_77' title='bbox 1878 1013 2036 1076; x_wconf 88' lang='lat' dir='ltr'>quae</span> <span class='ocrx_word' id='word_1_78' title='bbox 2063 994 2250 1060; x_wconf 87' lang='lat' dir='ltr'>habet</span> <span class='ocrx_word' id='word_1_79' title='bbox 2282 994 2458 1080; x_wconf 81' lang='lat' dir='ltr'>Gury</span> <span class='ocrx_word' id='word_1_80' title='bbox 2496 997 2650 1061; x_wconf 90' lang='lat' dir='ltr'>tom.</span> <span class='ocrx_word' id='word_1_81' title='bbox 2682 998 2739 1061; x_wconf 92' lang='lat' dir='ltr'>l.</span> 
     </span>
     <span class='ocr_line' id='line_1_8' title="bbox 294 1096 2744 1185; baseline -0.001 -20"><span class='ocrx_word' id='word_1_82' title='bbox 294 1103 351 1185; x_wconf 65' lang='grc' dir='ltr'><strong>ξ.</strong></span> <span class='ocrx_word' id='word_1_83' title='bbox 388 1103 528 1165; x_wconf 81' lang='grc'><strong>300.</strong></span> <span class='ocrx_word' id='word_1_84' title='bbox 568 1119 629 1163; x_wconf 91' lang='lat' dir='ltr'>n.</span> <span class='ocrx_word' id='word_1_85' title='bbox 675 1099 757 1172; x_wconf 90' lang='grc'>1.,</span> <span class='ocrx_word' id='word_1_86' title='bbox 791 1098 1089 1181; x_wconf 89' lang='lat' dir='ltr'>suspicor,</span> <span class='ocrx_word' id='word_1_87' title='bbox 1130 1098 1416 1180; x_wconf 88' lang='lat' dir='ltr'>usurpari</span> <span class='ocrx_word' id='word_1_88' title='bbox 1455 1098 1516 1162; x_wconf 91' lang='lat' dir='ltr'>in</span> <span class='ocrx_word' id='word_1_89' title='bbox 1550 1096 1779 1161; x_wconf 84' lang='lat' dir='ltr'>Gallia.</span> <span class='ocrx_word' id='word_1_90' title='bbox 1813 1097 2001 1160; x_wconf 85' lang='lat' dir='ltr'>Ratio</span> <span class='ocrx_word' id='word_1_91' title='bbox 2028 1098 2101 1161; x_wconf 91' lang='lat' dir='ltr'>A.</span> <span class='ocrx_word' id='word_1_92' title='bbox 2138 1117 2262 1161; x_wconf 89' lang='lat' dir='ltr'>una</span> <span class='ocrx_word' id='word_1_93' title='bbox 2300 1100 2415 1176; x_wconf 88' lang='lat' dir='ltr'>est,</span> <span class='ocrx_word' id='word_1_94' title='bbox 2450 1097 2606 1163; x_wconf 89' lang='lat' dir='ltr'>duas</span> <span class='ocrx_word' id='word_1_95' title='bbox 2637 1099 2744 1163; x_wconf 87' lang='lat' dir='ltr'>ha·</span> 
     </span>
     <span class='ocr_line' id='line_1_9' title="bbox 302 1199 2741 1286; baseline -0.002 -17"><span class='ocrx_word' id='word_1_96' title='bbox 302 1205 432 1269; x_wconf 88' lang='lat' dir='ltr'>bens</span> <span class='ocrx_word' id='word_1_97' title='bbox 466 1204 695 1286; x_wconf 78' lang='lat' dir='ltr'>parteS,</span> <span class='ocrx_word' id='word_1_98' title='bbox 735 1220 1003 1283; x_wconf 89' lang='lat' dir='ltr'>quarum</span> <span class='ocrx_word' id='word_1_99' title='bbox 1034 1201 1241 1284; x_wconf 89' lang='lat' dir='ltr'>potior</span> <span class='ocrx_word' id='word_1_100' title='bbox 1272 1202 1365 1264; x_wconf 88' lang='lat' dir='ltr'>est</span> <span class='ocrx_word' id='word_1_101' title='bbox 1403 1199 1701 1275; x_wconf 78' lang='lat' dir='ltr'>secunda3</span> <span class='ocrx_word' id='word_1_102' title='bbox 1743 1218 1890 1263; x_wconf 85' lang='lat' dir='ltr'>nam</span> <span class='ocrx_word' id='word_1_103' title='bbox 1924 1200 2094 1282; x_wconf 91' lang='lat' dir='ltr'>prior</span> <span class='ocrx_word' id='word_1_104' title='bbox 2125 1219 2232 1282; x_wconf 91' lang='lat' dir='ltr'>per</span> <span class='ocrx_word' id='word_1_105' title='bbox 2268 1219 2333 1264; x_wconf 90' lang='grc'>30</span> <span class='ocrx_word' id='word_1_106' title='bbox 2371 1219 2516 1264; x_wconf 88' lang='lat' dir='ltr'>suas</span> <span class='ocrx_word' id='word_1_107' title='bbox 2549 1200 2741 1265; x_wconf 86' lang='lat' dir='ltr'>habet</span> 
     </span>
     <span class='ocr_line' id='line_1_10' title="bbox 292 1301 2742 1389; baseline -0.002 -18"><span class='ocrx_word' id='word_1_108' title='bbox 292 1306 693 1389; x_wconf 80' lang='lat' dir='ltr'>exceptiones3</span> <span class='ocrx_word' id='word_1_109' title='bbox 726 1304 901 1368; x_wconf 90' lang='lat' dir='ltr'>nulla</span> <span class='ocrx_word' id='word_1_110' title='bbox 925 1322 1072 1368; x_wconf 89' lang='lat' dir='ltr'>sane</span> <span class='ocrx_word' id='word_1_111' title='bbox 1104 1302 1277 1367; x_wconf 90' lang='lat' dir='ltr'>fieret</span> <span class='ocrx_word' id='word_1_112' title='bbox 1312 1304 1439 1367; x_wconf 91' lang='lat' dir='ltr'>Deo</span> <span class='ocrx_word' id='word_1_113' title='bbox 1474 1303 1720 1378; x_wconf 87' lang='lat' dir='ltr'>iniuria,</span> <span class='ocrx_word' id='word_1_114' title='bbox 1763 1301 1817 1365; x_wconf 86' lang='lat' dir='ltr'>si</span> <span class='ocrx_word' id='word_1_115' title='bbox 1852 1302 1991 1384; x_wconf 90' lang='lat' dir='ltr'>quis</span> <span class='ocrx_word' id='word_1_116' title='bbox 2029 1322 2136 1385; x_wconf 90' lang='lat' dir='ltr'>per</span> <span class='ocrx_word' id='word_1_117' title='bbox 2168 1303 2320 1366; x_wconf 88' lang='lat' dir='ltr'>talia</span> <span class='ocrx_word' id='word_1_118' title='bbox 2360 1303 2547 1367; x_wconf 84' lang='lat' dir='ltr'>verba</span> <span class='ocrx_word' id='word_1_119' title='bbox 2578 1323 2742 1367; x_wconf 85' lang='lat' dir='ltr'>sum-</span> 
     </span>
     <span class='ocr_line' id='line_1_11' title="bbox 294 1403 2746 1489; baseline -0.001 -16"><span class='ocrx_word' id='word_1_120' title='bbox 294 1427 448 1473; x_wconf 89' lang='lat' dir='ltr'>mam</span> <span class='ocrx_word' id='word_1_121' title='bbox 483 1407 883 1489; x_wconf 89' lang='lat' dir='ltr'>iniquitatem</span> <span class='ocrx_word' id='word_1_122' title='bbox 929 1404 1227 1470; x_wconf 76' lang='lat' dir='ltr'>exsecrari</span> <span class='ocrx_word' id='word_1_123' title='bbox 1264 1406 1470 1482; x_wconf 78' lang='lat' dir='ltr'>vellet,</span> <span class='ocrx_word' id='word_1_124' title='bbox 1504 1406 1692 1488; x_wconf 90' lang='lat' dir='ltr'>prout</span> <span class='ocrx_word' id='word_1_125' title='bbox 1723 1425 1781 1469; x_wconf 80' lang='lat' dir='ltr'>v.</span> <span class='ocrx_word' id='word_1_126' title='bbox 1816 1424 1909 1489; x_wconf 87' lang='lat' dir='ltr'>gr.</span> <span class='ocrx_word' id='word_1_127' title='bbox 1944 1405 2129 1468; x_wconf 81' lang='lat' dir='ltr'>illud:</span> <span class='ocrx_word' id='word_1_128' title='bbox 2175 1403 2392 1469; x_wconf 73' lang='lat' dir='ltr'>Oratio</span> <span class='ocrx_word' id='word_1_129' title='bbox 2439 1407 2574 1470; x_wconf 78' lang='lat' dir='ltr'>eius</span> <span class='ocrx_word' id='word_1_130' title='bbox 2625 1405 2746 1486; x_wconf 78' lang='lat' dir='ltr'>fiat</span> 
     </span>
     <span class='ocr_line' id='line_1_12' title="bbox 294 1507 2744 1592; baseline 0 -19"><span class='ocrx_word' id='word_1_131' title='bbox 294 1513 353 1573; x_wconf 74' lang='lat' dir='ltr'>in</span> <span class='ocrx_word' id='word_1_132' title='bbox 370 1514 708 1590; x_wconf 73' lang='lat' dir='ltr'>peccatum.</span> <span class='ocrx_word' id='word_1_133' title='bbox 742 1509 843 1572; x_wconf 87' lang='lat' dir='ltr'>Ita</span> <span class='ocrx_word' id='word_1_134' title='bbox 891 1507 1153 1573; x_wconf 85' lang='lat' dir='ltr'>dicimus</span> <span class='ocrx_word' id='word_1_135' title='bbox 1200 1509 1264 1572; x_wconf 92' lang='lat' dir='ltr'>et</span> <span class='ocrx_word' id='word_1_136' title='bbox 1310 1511 1523 1591; x_wconf 84' lang='lat' dir='ltr'>optare</span> <span class='ocrx_word' id='word_1_137' title='bbox 1578 1526 1928 1591; x_wconf 73' lang='lat' dir='ltr'>possumne,</span> <span class='ocrx_word' id='word_1_138' title='bbox 1981 1507 2058 1571; x_wconf 90' lang='lat' dir='ltr'>ad</span> <span class='ocrx_word' id='word_1_139' title='bbox 2104 1507 2302 1572; x_wconf 88' lang='lat' dir='ltr'>crucis</span> <span class='ocrx_word' id='word_1_140' title='bbox 2341 1509 2592 1592; x_wconf 85' lang='lat' dir='ltr'>signum</span> <span class='ocrx_word' id='word_1_141' title='bbox 2638 1509 2744 1573; x_wconf 89' lang='lat' dir='ltr'>ho-</span> 
     </span>
     <span class='ocr_line' id='line_1_13' title="bbox 294 1607 2741 1695; baseline -0.001 -17"><span class='ocrx_word' id='word_1_142' title='bbox 294 1615 410 1678; x_wconf 85' lang='lat' dir='ltr'>stes</span> <span class='ocrx_word' id='word_1_143' title='bbox 446 1611 680 1678; x_wconf 81' lang='lat' dir='ltr'>Christi</span> <span class='ocrx_word' id='word_1_144' title='bbox 732 1614 796 1676; x_wconf 90' lang='lat' dir='ltr'>et</span> <span class='ocrx_word' id='word_1_145' title='bbox 840 1611 1149 1676; x_wconf 82' lang='lat' dir='ltr'>Ecclesiae</span> <span class='ocrx_word' id='word_1_146' title='bbox 1182 1611 1508 1695; x_wconf 81' lang='lat' dir='ltr'>prosterni,</span> <span class='ocrx_word' id='word_1_147' title='bbox 1558 1610 1926 1693; x_wconf 84' lang='lat' dir='ltr'>sanguinem</span> <span class='ocrx_word' id='word_1_148' title='bbox 1981 1607 2214 1675; x_wconf 86' lang='lat' dir='ltr'>Christi</span> <span class='ocrx_word' id='word_1_149' title='bbox 2264 1611 2741 1695; x_wconf 86' lang='lat' dir='ltr'>obsignaturum</span> 
     </span>
     <span class='ocr_line' id='line_1_14' title="bbox 288 1713 1100 1797; baseline -0.005 -17"><span class='ocrx_word' id='word_1_150' title='bbox 288 1715 739 1780; x_wconf 79' lang='lat' dir='ltr'>damnationem</span> <span class='ocrx_word' id='word_1_151' title='bbox 769 1713 947 1797; x_wconf 90' lang='lat' dir='ltr'>impii</span> <span class='ocrx_word' id='word_1_152' title='bbox 984 1713 1100 1777; x_wconf 89' lang='lat' dir='ltr'>etc.</span> 
     </span>
    </p>

    <p class='ocr_par' dir='ltr' id='par_1_4' title="bbox 286 1814 2743 2189">
     <span class='ocr_line' id='line_1_15' title="bbox 369 1814 2743 1900; baseline -0 -19"><span class='ocrx_word' id='word_1_153' title='bbox 369 1816 652 1881; x_wconf 84' lang='lat' dir='ltr'>Ceterum</span> <span class='ocrx_word' id='word_1_154' title='bbox 671 1816 993 1900; x_wconf 84' lang='lat' dir='ltr'>Laymann</span> <span class='ocrx_word' id='word_1_155' title='bbox 1027 1815 1133 1879; x_wconf 87' lang='lat' dir='ltr'>lib.</span> <span class='ocrx_word' id='word_1_156' title='bbox 1174 1815 1235 1878; x_wconf 90' lang='grc'>4.</span> <span class='ocrx_word' id='word_1_157' title='bbox 1270 1817 1348 1878; x_wconf 89' lang='lat' dir='ltr'>tr.</span> <span class='ocrx_word' id='word_1_158' title='bbox 1382 1817 1484 1878; x_wconf 85' lang='lat'>10.</span> <span class='ocrx_word' id='word_1_159' title='bbox 1510 1835 1643 1897; x_wconf 88' lang='lat' dir='ltr'>cap.</span> <span class='ocrx_word' id='word_1_160' title='bbox 1680 1815 1739 1880; x_wconf 82' lang='lat'>6.</span> <span class='ocrx_word' id='word_1_161' title='bbox 1777 1836 1834 1878; x_wconf 91' lang='lat'>11.</span> <span class='ocrx_word' id='word_1_162' title='bbox 1877 1817 2000 1893; x_wconf 70' lang='lat'>12„</span> <span class='ocrx_word' id='word_1_163' title='bbox 2034 1834 2215 1897; x_wconf 87' lang='lat' dir='ltr'>quem</span> <span class='ocrx_word' id='word_1_164' title='bbox 2251 1814 2324 1878; x_wconf 87' lang='lat' dir='ltr'>A.</span> <span class='ocrx_word' id='word_1_165' title='bbox 2360 1815 2534 1894; x_wconf 90' lang='lat' dir='ltr'>citat,</span> <span class='ocrx_word' id='word_1_166' title='bbox 2570 1815 2743 1880; x_wconf 87' lang='lat' dir='ltr'>addit</span> 
     </span>
     <span class='ocr_line' id='line_1_16' title="bbox 296 1914 2742 1999; baseline 0 -17"><span class='ocrx_word' id='word_1_167' title='bbox 296 1918 737 1984; x_wconf 88' lang='lat' dir='ltr'>conditionem:</span> <span class='ocrx_word' id='word_1_168' title='bbox 793 1941 829 1975; x_wconf 82' lang='lat'><strong>«</strong></span> <span class='ocrx_word' id='word_1_169' title='bbox 876 1914 1123 1981; x_wconf 86' lang='lat' dir='ltr'>Censeri</span> <span class='ocrx_word' id='word_1_170' title='bbox 1170 1915 1391 1981; x_wconf 90' lang='lat' dir='ltr'>debent</span> <span class='ocrx_word' id='word_1_171' title='bbox 1437 1917 1876 1999; x_wconf 84' lang='lat' dir='ltr'>blasphemiae,</span> <span class='ocrx_word' id='word_1_172' title='bbox 1919 1917 2254 1982; x_wconf 89' lang='lat' dir='ltr'>dummodo</span> <span class='ocrx_word' id='word_1_173' title='bbox 2303 1918 2488 1981; x_wconf 90' lang='lat' dir='ltr'>homo</span> <span class='ocrx_word' id='word_1_174' title='bbox 2545 1918 2742 1982; x_wconf 89' lang='lat' dir='ltr'>atten-</span> 
     </span>
     <span class='ocr_line' id='line_1_17' title="bbox 290 2019 2742 2104; baseline 0 -20"><span class='ocrx_word' id='word_1_175' title='bbox 290 2020 445 2085; x_wconf 88' lang='lat' dir='ltr'>derit</span> <span class='ocrx_word' id='word_1_176' title='bbox 489 2021 563 2085; x_wconf 86' lang='lat' dir='ltr'>ad</span> <span class='ocrx_word' id='word_1_177' title='bbox 611 2019 1076 2104; x_wconf 85' lang='lat' dir='ltr'>vilipensionem</span> <span class='ocrx_word' id='word_1_178' title='bbox 1123 2019 1238 2083; x_wconf 88' lang='lat' dir='ltr'>Dei</span> <span class='ocrx_word' id='word_1_179' title='bbox 1286 2021 1398 2083; x_wconf 89' lang='lat' dir='ltr'>aut</span> <span class='ocrx_word' id='word_1_180' title='bbox 1443 2019 1531 2083; x_wconf 90' lang='lat' dir='ltr'>rei</span> <span class='ocrx_word' id='word_1_181' title='bbox 1578 2039 1809 2097; x_wconf 84' lang='lat' dir='ltr'>sacrae,</span> <span class='ocrx_word' id='word_1_182' title='bbox 1843 2039 2001 2102; x_wconf 91' lang='lat' dir='ltr'>quae</span> <span class='ocrx_word' id='word_1_183' title='bbox 2049 2019 2284 2084; x_wconf 87' lang='lat' dir='ltr'>talibus</span> <span class='ocrx_word' id='word_1_184' title='bbox 2315 2020 2516 2084; x_wconf 83' lang='lat' dir='ltr'>verbis</span> <span class='ocrx_word' id='word_1_185' title='bbox 2549 2021 2742 2104; x_wconf 83' lang='lat' dir='ltr'>expri-</span> 
     </span>
     <span class='ocr_line' id='line_1_18' title="bbox 286 2124 566 2189; baseline 0 -1"><span class='ocrx_word' id='word_1_186' title='bbox 286 2124 473 2189; x_wconf 87' lang='lat' dir='ltr'>mitur</span> <span class='ocrx_word' id='word_1_187' title='bbox 507 2149 566 2188; x_wconf 82' lang='lat'>».</span> 
     </span>
    </p>
   </div>
   <div class='ocr_carea' id='block_1_4' title="bbox 276 2277 2739 2518">
    <p class='ocr_par' dir='ltr' id='par_1_5' title="bbox 276 2277 2739 2518">
     <span class='ocr_line' id='line_1_19' title="bbox 383 2277 2739 2347; baseline 0 -13"><span class='ocrx_word' id='word_1_188' title='bbox 383 2281 464 2334; x_wconf 86' lang='grc' dir='ltr'><strong>ΙΧ.</strong></span> <span class='ocrx_word' id='word_1_189' title='bbox 488 2281 536 2332; x_wconf 88' lang='grc'><strong>’7.</strong></span> <span class='ocrx_word' id='word_1_190' title='bbox 568 2279 670 2347; x_wconf 87' lang='lat' dir='ltr'>Qui</span> <span class='ocrx_word' id='word_1_191' title='bbox 695 2279 865 2333; x_wconf 85' lang='lat' dir='ltr'>talium</span> <span class='ocrx_word' id='word_1_192' title='bbox 892 2280 1158 2332; x_wconf 80' lang='lat' dir='ltr'>verborum</span> <span class='ocrx_word' id='word_1_193' title='bbox 1184 2277 1585 2332; x_wconf 80' lang='lat' dir='ltr'>consuetudinem</span> <span class='ocrx_word' id='word_1_194' title='bbox 1613 2282 1779 2344; x_wconf 85' lang='lat' dir='ltr'>habet,</span> <span class='ocrx_word' id='word_1_195' title='bbox 1807 2286 1998 2334; x_wconf 85' lang='lat' dir='ltr'>tenetur</span> <span class='ocrx_word' id='word_1_196' title='bbox 2025 2283 2116 2334; x_wconf 88' lang='lat' dir='ltr'>sub</span> <span class='ocrx_word' id='word_1_197' title='bbox 2145 2289 2344 2347; x_wconf 85' lang='lat' dir='ltr'>peccato</span> <span class='ocrx_word' id='word_1_198' title='bbox 2385 2281 2581 2335; x_wconf 86' lang='lat' dir='ltr'>mortali</span> <span class='ocrx_word' id='word_1_199' title='bbox 2605 2280 2739 2334; x_wconf 84' lang='lat' dir='ltr'>serio</span> 
     </span>
     <span class='ocr_line' id='line_1_20' title="bbox 276 2363 2735 2433; baseline 0.001 -16"><span class='ocrx_word' id='word_1_200' title='bbox 276 2364 434 2418; x_wconf 82' lang='lat' dir='ltr'>conari</span> <span class='ocrx_word' id='word_1_201' title='bbox 457 2379 562 2418; x_wconf 84' lang='lat' dir='ltr'>eam</span> <span class='ocrx_word' id='word_1_202' title='bbox 606 2366 800 2417; x_wconf 86' lang='lat' dir='ltr'>tollere.</span> <span class='ocrx_word' id='word_1_203' title='bbox 827 2365 972 2431; x_wconf 90' lang='lat' dir='ltr'>Quod</span> <span class='ocrx_word' id='word_1_204' title='bbox 1004 2363 1044 2416; x_wconf 88' lang='lat' dir='ltr'>si</span> <span class='ocrx_word' id='word_1_205' title='bbox 1084 2363 1196 2417; x_wconf 75' lang='lat' dir='ltr'>iacit</span> <span class='ocrx_word' id='word_1_206' title='bbox 1232 2371 1281 2417; x_wconf 92' lang='lat' dir='ltr'>et</span> <span class='ocrx_word' id='word_1_207' title='bbox 1320 2371 1479 2417; x_wconf 86' lang='lat' dir='ltr'>tamen</span> <span class='ocrx_word' id='word_1_208' title='bbox 1518 2363 1718 2428; x_wconf 88' lang='lat' dir='ltr'>labitur,</span> <span class='ocrx_word' id='word_1_209' title='bbox 1745 2373 1907 2431; x_wconf 84' lang='lat' dir='ltr'>potest</span> <span class='ocrx_word' id='word_1_210' title='bbox 1936 2365 2159 2419; x_wconf 83' lang='lat' dir='ltr'>excusari</span> <span class='ocrx_word' id='word_1_211' title='bbox 2190 2366 2474 2433; x_wconf 83' lang='lat' dir='ltr'>aliquando;</span> <span class='ocrx_word' id='word_1_212' title='bbox 2502 2380 2562 2419; x_wconf 91' lang='lat' dir='ltr'>eo</span> <span class='ocrx_word' id='word_1_213' title='bbox 2601 2367 2735 2432; x_wconf 86' lang='lat' dir='ltr'>quod</span> 
     </span>
     <span class='ocr_line' id='line_1_21' title="bbox 278 2448 2739 2518; baseline 0 -16"><span class='ocrx_word' id='word_1_214' title='bbox 278 2448 540 2504; x_wconf 77' lang='lat' dir='ltr'>iuramenta</span> <span class='ocrx_word' id='word_1_215' title='bbox 566 2449 640 2503; x_wconf 84' lang='lat' dir='ltr'>ita</span> <span class='ocrx_word' id='word_1_216' title='bbox 679 2449 863 2515; x_wconf 83' lang='lat' dir='ltr'>impetu</span> <span class='ocrx_word' id='word_1_217' title='bbox 891 2449 1100 2503; x_wconf 80' lang='lat' dir='ltr'>naturali</span> <span class='ocrx_word' id='word_1_218' title='bbox 1126 2452 1276 2502; x_wconf 78' lang='lat' dir='ltr'>effusa</span> <span class='ocrx_word' id='word_1_219' title='bbox 1316 2463 1411 2502; x_wconf 90' lang='lat' dir='ltr'>non</span> <span class='ocrx_word' id='word_1_220' title='bbox 1438 2457 1552 2503; x_wconf 89' lang='lat' dir='ltr'>sunt</span> <span class='ocrx_word' id='word_1_221' title='bbox 1577 2449 1854 2504; x_wconf 80' lang='lat' dir='ltr'>voluntaria</span> <span class='ocrx_word' id='word_1_222' title='bbox 1881 2466 1970 2504; x_wconf 89' lang='lat' dir='ltr'>nec</span> <span class='ocrx_word' id='word_1_223' title='bbox 1995 2450 2044 2505; x_wconf 89' lang='lat' dir='ltr'>in</span> <span class='ocrx_word' id='word_1_224' title='bbox 2072 2466 2124 2504; x_wconf 90' lang='lat' dir='ltr'>se</span> <span class='ocrx_word' id='word_1_225' title='bbox 2164 2465 2252 2504; x_wconf 91' lang='lat' dir='ltr'>nec</span> <span class='ocrx_word' id='word_1_226' title='bbox 2288 2451 2338 2505; x_wconf 89' lang='lat' dir='ltr'>in</span> <span class='ocrx_word' id='word_1_227' title='bbox 2377 2466 2541 2516; x_wconf 86' lang='lat' dir='ltr'>causa,</span> <span class='ocrx_word' id='word_1_228' title='bbox 2569 2459 2739 2518; x_wconf 81' lang='lat' dir='ltr'>utpote</span> 
     </span>
    </p>
   </div>
   <div class='ocr_carea' id='block_1_5' title="bbox 274 2533 2739 2687">
    <p class='ocr_par' dir='ltr' id='par_1_6' title="bbox 274 2533 2739 2687">
     <span class='ocr_line' id='line_1_22' title="bbox 274 2533 2739 2603; baseline 0 -14"><span class='ocrx_word' id='word_1_229' title='bbox 274 2541 529 2590; x_wconf 31' lang='lat' dir='ltr'>*retractata</span> <span class='ocrx_word' id='word_1_230' title='bbox 570 2534 830 2603; x_wconf 85' lang='lat' dir='ltr'>proposito</span> <span class='ocrx_word' id='word_1_231' title='bbox 868 2533 1068 2588; x_wconf 84' lang='lat' dir='ltr'>efficaci.</span> <span class='ocrx_word' id='word_1_232' title='bbox 1094 2537 1262 2601; x_wconf 83' lang='lat' dir='ltr'>Laym.</span> <span class='ocrx_word' id='word_1_233' title='bbox 1306 2538 1338 2591; x_wconf 92' lang='grc' dir='ltr'><strong>Ι.</strong></span> <span class='ocrx_word' id='word_1_234' title='bbox 1373 2539 1416 2589; x_wconf 82' lang='grc'>1.</span> <span class='ocrx_word' id='word_1_235' title='bbox 1445 2543 1479 2590; x_wconf 90' lang='lat' dir='ltr'>t.</span> <span class='ocrx_word' id='word_1_236' title='bbox 1508 2539 1555 2591; x_wconf 80' lang='lat'>2.</span> <span class='ocrx_word' id='word_1_237' title='bbox 1582 2550 1625 2591; x_wconf 94' lang='lat' dir='ltr'>c.</span> <span class='ocrx_word' id='word_1_238' title='bbox 1654 2539 1704 2591; x_wconf 89' lang='grc'><strong>3.</strong></span> <span class='ocrx_word' id='word_1_239' title='bbox 1732 2551 1778 2591; x_wconf 91' lang='lat' dir='ltr'>n.</span> <span class='ocrx_word' id='word_1_240' title='bbox 1808 2539 1856 2591; x_wconf 85' lang='lat'>6.</span> <span class='ocrx_word' id='word_1_241' title='bbox 1885 2537 1950 2590; x_wconf 87' lang='lat' dir='ltr'>V.</span> <span class='ocrx_word' id='word_1_242' title='bbox 1980 2539 2154 2591; x_wconf 87' lang='lat' dir='ltr'>Escob.</span> <span class='ocrx_word' id='word_1_243' title='bbox 2184 2543 2216 2590; x_wconf 89' lang='lat' dir='ltr'>t.</span> <span class='ocrx_word' id='word_1_244' title='bbox 2240 2552 2282 2592; x_wconf 90' lang='lat' dir='ltr'>c.</span> <span class='ocrx_word' id='word_1_245' title='bbox 2307 2538 2354 2589; x_wconf 88' lang='lat'>3.</span> <span class='ocrx_word' id='word_1_246' title='bbox 2383 2551 2431 2591; x_wconf 91' lang='lat' dir='ltr'>n.</span> <span class='ocrx_word' id='word_1_247' title='bbox 2453 2539 2539 2592; x_wconf 84' lang='grc'><strong>36.</strong></span> <span class='ocrx_word' id='word_1_248' title='bbox 2560 2535 2612 2589; x_wconf 91' lang='lat' dir='ltr'>Si</span> <span class='ocrx_word' id='word_1_249' title='bbox 2639 2551 2739 2590; x_wconf 91' lang='lat' dir='ltr'>non</span> 
     </span>
     <span class='ocr_line' id='line_1_23' title="bbox 279 2619 2616 2687; baseline -0 -13"><span class='ocrx_word' id='word_1_250' title='bbox 279 2628 470 2674; x_wconf 77' lang='lat' dir='ltr'>conetur</span> <span class='ocrx_word' id='word_1_251' title='bbox 492 2620 648 2687; x_wconf 82' lang='lat' dir='ltr'>idque</span> <span class='ocrx_word' id='word_1_252' title='bbox 671 2619 1013 2675; x_wconf 73' lang='lat' dir='ltr'>confessarius</span> <span class='ocrx_word' id='word_1_253' title='bbox 1038 2625 1188 2687; x_wconf 87' lang='lat' dir='ltr'>notet,</span> <span class='ocrx_word' id='word_1_254' title='bbox 1215 2628 1357 2685; x_wconf 73' lang='lat' dir='ltr'>neget</span> <span class='ocrx_word' id='word_1_255' title='bbox 1383 2620 1428 2673; x_wconf 90' lang='lat' dir='ltr'>ei</span> <span class='ocrx_word' id='word_1_256' title='bbox 1452 2636 1561 2674; x_wconf 90' lang='lat' dir='ltr'>cum</span> <span class='ocrx_word' id='word_1_257' title='bbox 1587 2621 1885 2675; x_wconf 79' lang='lat' dir='ltr'>discretione</span> <span class='ocrx_word' id='word_1_258' title='bbox 1912 2622 2286 2675; x_wconf 76' lang='lat' dir='ltr'>absolutionem.</span> <span class='ocrx_word' id='word_1_259' title='bbox 2313 2624 2482 2687; x_wconf 82' lang='lat' dir='ltr'>Laym.</span> <span class='ocrx_word' id='word_1_260' title='bbox 2512 2625 2544 2675; x_wconf 93' lang='grc'>1.</span> <span class='ocrx_word' id='word_1_261' title='bbox 2572 2637 2616 2675; x_wconf 88' lang='lat' dir='ltr'>c.</span> 
     </span>
    </p>
   </div>
   <div class='ocr_carea' id='block_1_6' title="bbox 258 2737 2745 4673">
    <p class='ocr_par' dir='ltr' id='par_1_7' title="bbox 274 2737 2742 3116">
     <span class='ocr_line' id='line_1_24' title="bbox 356 2737 2740 2829; baseline 0.002 -23"><span class='ocrx_word' id='word_1_262' title='bbox 356 2737 535 2813; x_wconf 78' lang='lat'><strong>520.</strong></span> <span class='ocrx_word' id='word_1_263' title='bbox 587 2741 916 2807; x_wconf 77' lang='lat' dir='ltr'>Generalis</span> <span class='ocrx_word' id='word_1_264' title='bbox 960 2742 1095 2807; x_wconf 89' lang='lat' dir='ltr'>heic</span> <span class='ocrx_word' id='word_1_265' title='bbox 1141 2742 1412 2807; x_wconf 87' lang='lat' dir='ltr'>traditur</span> <span class='ocrx_word' id='word_1_266' title='bbox 1444 2743 1723 2808; x_wconf 85' lang='lat' dir='ltr'>doctrina</span> <span class='ocrx_word' id='word_1_267' title='bbox 1756 2743 1943 2826; x_wconf 88' lang='lat' dir='ltr'>(quae</span> <span class='ocrx_word' id='word_1_268' title='bbox 1980 2744 2326 2809; x_wconf 88' lang='lat' dir='ltr'>communis</span> <span class='ocrx_word' id='word_1_269' title='bbox 2373 2747 2495 2829; x_wconf 87' lang='lat' dir='ltr'>est)</span> <span class='ocrx_word' id='word_1_270' title='bbox 2543 2745 2616 2810; x_wconf 89' lang='lat' dir='ltr'>de</span> <span class='ocrx_word' id='word_1_271' title='bbox 2663 2747 2740 2810; x_wconf 86' lang='lat' dir='ltr'>iis</span> 
     </span>
     <span class='ocr_line' id='line_1_25' title="bbox 275 2844 2742 2931; baseline 0.002 -24"><span class='ocrx_word' id='word_1_272' title='bbox 275 2844 378 2925; x_wconf 87' lang='lat' dir='ltr'>qui</span> <span class='ocrx_word' id='word_1_273' title='bbox 426 2845 846 2910; x_wconf 83' lang='lat' dir='ltr'>inveteratam</span> <span class='ocrx_word' id='word_1_274' title='bbox 892 2845 1399 2910; x_wconf 84' lang='lat' dir='ltr'>consuetudinem</span> <span class='ocrx_word' id='word_1_275' title='bbox 1446 2846 1676 2910; x_wconf 88' lang='lat' dir='ltr'>habent</span> <span class='ocrx_word' id='word_1_276' title='bbox 1723 2847 1825 2911; x_wconf 85' lang='lat' dir='ltr'>vel</span> <span class='ocrx_word' id='word_1_277' title='bbox 1879 2846 2063 2910; x_wconf 86' lang='lat' dir='ltr'>verba</span> <span class='ocrx_word' id='word_1_278' title='bbox 2131 2847 2492 2931; x_wconf 85' lang='lat' dir='ltr'>blasphema</span> <span class='ocrx_word' id='word_1_279' title='bbox 2540 2847 2742 2931; x_wconf 87' lang='lat' dir='ltr'>profe-</span> 
     </span>
     <span class='ocr_line' id='line_1_26' title="bbox 274 2947 2738 3032; baseline 0.002 -23"><span class='ocrx_word' id='word_1_280' title='bbox 274 2947 439 3011; x_wconf 84' lang='lat' dir='ltr'>rendi</span> <span class='ocrx_word' id='word_1_281' title='bbox 486 2949 587 3013; x_wconf 84' lang='lat' dir='ltr'>vel</span> <span class='ocrx_word' id='word_1_282' title='bbox 642 2950 865 3010; x_wconf 82' lang='lat' dir='ltr'>temere</span> <span class='ocrx_word' id='word_1_283' title='bbox 908 2947 1154 3012; x_wconf 89' lang='lat' dir='ltr'>iurand-i</span> <span class='ocrx_word' id='word_1_284' title='bbox 1188 2948 1297 3024; x_wconf 84' lang='lat' dir='ltr'>ita,</span> <span class='ocrx_word' id='word_1_285' title='bbox 1339 2950 1412 3013; x_wconf 88' lang='lat' dir='ltr'>ut</span> <span class='ocrx_word' id='word_1_286' title='bbox 1443 2949 1689 3032; x_wconf 85' lang='lat' dir='ltr'>saepius</span> <span class='ocrx_word' id='word_1_287' title='bbox 1728 2949 1920 3014; x_wconf 90' lang='lat' dir='ltr'>etiam</span> <span class='ocrx_word' id='word_1_288' title='bbox 1967 2949 2197 3014; x_wconf 86' lang='lat' dir='ltr'>falsum</span> <span class='ocrx_word' id='word_1_289' title='bbox 2242 2949 2469 3014; x_wconf 90' lang='lat' dir='ltr'>iurent.</span> <span class='ocrx_word' id='word_1_290' title='bbox 2505 2951 2738 3016; x_wconf 86' lang='lat' dir='ltr'>Idcirco</span> 
     </span>
     <span class='ocr_line' id='line_1_27' title="bbox 274 3047 1706 3116; baseline 0.002 -5"><span class='ocrx_word' id='word_1_291' title='bbox 274 3047 346 3112; x_wconf 81' lang='lat' dir='ltr'>A.</span> <span class='ocrx_word' id='word_1_292' title='bbox 385 3049 446 3114; x_wconf 90' lang='lat' dir='ltr'>in</span> <span class='ocrx_word' id='word_1_293' title='bbox 484 3051 759 3116; x_wconf 85' lang='lat' dir='ltr'>decursu</span> <span class='ocrx_word' id='word_1_294' title='bbox 797 3050 1078 3114; x_wconf 88' lang='lat' dir='ltr'>nominat</span> <span class='ocrx_word' id='word_1_295' title='bbox 1109 3051 1299 3115; x_wconf 91' lang='lat' dir='ltr'>etiam</span> <span class='ocrx_word' id='word_1_296' title='bbox 1337 3051 1706 3116; x_wconf 87' lang='lat' dir='ltr'>iuramenta.</span> 
     </span>
    </p>

    <p class='ocr_par' dir='ltr' id='par_1_8' title="bbox 258 3151 2743 3749">
     <span class='ocr_line' id='line_1_28' title="bbox 356 3151 2740 3238; baseline 0.001 -21"><span class='ocrx_word' id='word_1_297' title='bbox 356 3152 569 3218; x_wconf 90' lang='lat' dir='ltr'>Primo</span> <span class='ocrx_word' id='word_1_298' title='bbox 622 3152 918 3217; x_wconf 82' lang='lat' dir='ltr'>enunciat</span> <span class='ocrx_word' id='word_1_299' title='bbox 947 3151 1023 3216; x_wconf 86' lang='lat' dir='ltr'>A.</span> <span class='ocrx_word' id='word_1_300' title='bbox 1059 3153 1505 3237; x_wconf 85' lang='lat' dir='ltr'>obligationem</span> <span class='ocrx_word' id='word_1_301' title='bbox 1536 3154 1797 3219; x_wconf 89' lang='lat' dir='ltr'>tollendi</span> <span class='ocrx_word' id='word_1_302' title='bbox 1827 3154 1985 3218; x_wconf 90' lang='lat' dir='ltr'>hanc</span> <span class='ocrx_word' id='word_1_303' title='bbox 2016 3154 2524 3220; x_wconf 88' lang='lat' dir='ltr'>consuetudinem</span> <span class='ocrx_word' id='word_1_304' title='bbox 2555 3154 2740 3238; x_wconf 88' lang='lat' dir='ltr'>idque</span> 
     </span>
     <span class='ocr_line' id='line_1_29' title="bbox 265 3252 2741 3340; baseline 0.002 -22"><span class='ocrx_word' id='word_1_305' title='bbox 265 3253 375 3318; x_wconf 77' lang='lat' dir='ltr'>sub</span> <span class='ocrx_word' id='word_1_306' title='bbox 404 3256 615 3337; x_wconf 71' lang='lat' dir='ltr'>yravi.</span> <span class='ocrx_word' id='word_1_307' title='bbox 670 3252 848 3333; x_wconf 85' lang='lat' dir='ltr'>Quod</span> <span class='ocrx_word' id='word_1_308' title='bbox 897 3254 1371 3339; x_wconf 85' lang='lat' dir='ltr'>intelligendum</span> <span class='ocrx_word' id='word_1_309' title='bbox 1417 3258 1532 3329; x_wconf 88' lang='lat' dir='ltr'>est,</span> <span class='ocrx_word' id='word_1_310' title='bbox 1573 3257 1822 3322; x_wconf 89' lang='lat' dir='ltr'>etiamsi</span> <span class='ocrx_word' id='word_1_311' title='bbox 1869 3259 2138 3340; x_wconf 89' lang='lat' dir='ltr'>peccata,</span> <span class='ocrx_word' id='word_1_312' title='bbox 2174 3277 2333 3340; x_wconf 88' lang='lat' dir='ltr'>quae</span> <span class='ocrx_word' id='word_1_313' title='bbox 2374 3277 2446 3322; x_wconf 82' lang='lat' dir='ltr'>ex</span> <span class='ocrx_word' id='word_1_314' title='bbox 2484 3277 2741 3322; x_wconf 90' lang='lat' dir='ltr'>consue·</span> 
     </span>
     <span class='ocr_line' id='line_1_30' title="bbox 274 3357 2743 3447; baseline 0.002 -25"><span class='ocrx_word' id='word_1_315' title='bbox 274 3360 481 3424; x_wconf 80' lang='lat' dir='ltr'>tudine</span> <span class='ocrx_word' id='word_1_316' title='bbox 520 3360 706 3436; x_wconf 88' lang='lat' dir='ltr'>fiant,</span> <span class='ocrx_word' id='word_1_317' title='bbox 740 3357 1066 3443; x_wconf 85' lang='lat' dir='ltr'>contingat</span> <span class='ocrx_word' id='word_1_318' title='bbox 1097 3360 1226 3424; x_wconf 90' lang='lat' dir='ltr'>sine</span> <span class='ocrx_word' id='word_1_319' title='bbox 1258 3360 1388 3424; x_wconf 89' lang='lat' dir='ltr'>ulla</span> <span class='ocrx_word' id='word_1_320' title='bbox 1421 3360 1826 3425; x_wconf 86' lang='lat' dir='ltr'>advertentia.</span> <span class='ocrx_word' id='word_1_321' title='bbox 1860 3361 2049 3426; x_wconf 85' lang='lat' dir='ltr'>Ratio</span> <span class='ocrx_word' id='word_1_322' title='bbox 2083 3362 2195 3440; x_wconf 88' lang='lat' dir='ltr'>est,</span> <span class='ocrx_word' id='word_1_323' title='bbox 2234 3362 2382 3443; x_wconf 87' lang='lat' dir='ltr'>quia</span> <span class='ocrx_word' id='word_1_324' title='bbox 2414 3362 2530 3427; x_wconf 88' lang='lat' dir='ltr'>sub</span> <span class='ocrx_word' id='word_1_325' title='bbox 2561 3362 2743 3447; x_wconf 83' lang='lat' dir='ltr'>gravi</span> 
     </span>
     <span class='ocr_line' id='line_1_31' title="bbox 269 3459 2742 3545; baseline 0 -19"><span class='ocrx_word' id='word_1_326' title='bbox 269 3462 550 3527; x_wconf 87' lang='lat' dir='ltr'>tenemur</span> <span class='ocrx_word' id='word_1_327' title='bbox 583 3479 903 3526; x_wconf 84' lang='lat' dir='ltr'>removere</span> <span class='ocrx_word' id='word_1_328' title='bbox 935 3459 1181 3539; x_wconf 83' lang='lat' dir='ltr'>vitium,</span> <span class='ocrx_word' id='word_1_329' title='bbox 1222 3461 1387 3543; x_wconf 84' lang='lat' dir='ltr'>quod</span> <span class='ocrx_word' id='word_1_330' title='bbox 1444 3462 1518 3525; x_wconf 84' lang='lat' dir='ltr'>ad</span> <span class='ocrx_word' id='word_1_331' title='bbox 1569 3464 1780 3526; x_wconf 88' lang='lat' dir='ltr'>actum</span> <span class='ocrx_word' id='word_1_332' title='bbox 1812 3482 1919 3527; x_wconf 86' lang='lat' dir='ltr'>seu</span> <span class='ocrx_word' id='word_1_333' title='bbox 1960 3464 2144 3528; x_wconf 84' lang='lat' dir='ltr'>verba</span> <span class='ocrx_word' id='word_1_334' title='bbox 2184 3482 2290 3545; x_wconf 86' lang='lat' dir='ltr'>per</span> <span class='ocrx_word' id='word_1_335' title='bbox 2321 3482 2385 3527; x_wconf 87' lang='lat' dir='ltr'>se</span> <span class='ocrx_word' id='word_1_336' title='bbox 2418 3464 2547 3527; x_wconf 89' lang='lat' dir='ltr'>Deo</span> <span class='ocrx_word' id='word_1_337' title='bbox 2597 3482 2742 3528; x_wconf 90' lang='lat' dir='ltr'>con-</span> 
     </span>
     <span class='ocr_line' id='line_1_32' title="bbox 269 3562 2741 3642; baseline 0 -14"><span class='ocrx_word' id='word_1_338' title='bbox 269 3566 607 3629; x_wconf 88' lang='lat' dir='ltr'>tumeliosa</span> <span class='ocrx_word' id='word_1_339' title='bbox 657 3562 916 3642; x_wconf 86' lang='lat' dir='ltr'>inducit,</span> <span class='ocrx_word' id='word_1_340' title='bbox 950 3563 1113 3628; x_wconf 85' lang='lat' dir='ltr'>sicut</span> <span class='ocrx_word' id='word_1_341' title='bbox 1158 3566 1527 3641; x_wconf 89' lang='lat' dir='ltr'>teneremur,</span> <span class='ocrx_word' id='word_1_342' title='bbox 1563 3564 1616 3628; x_wconf 90' lang='lat' dir='ltr'>si</span> <span class='ocrx_word' id='word_1_343' title='bbox 1647 3563 1889 3629; x_wconf 88' lang='lat' dir='ltr'>cederet</span> <span class='ocrx_word' id='word_1_344' title='bbox 1919 3565 1983 3629; x_wconf 88' lang='lat' dir='ltr'>in</span> <span class='ocrx_word' id='word_1_345' title='bbox 2016 3565 2312 3629; x_wconf 89' lang='lat' dir='ltr'>damnum</span> <span class='ocrx_word' id='word_1_346' title='bbox 2346 3564 2445 3629; x_wconf 75' lang='lat' dir='ltr'>vel</span> <span class='ocrx_word' id='word_1_347' title='bbox 2488 3566 2741 3630; x_wconf 85' lang='lat' dir='ltr'>honoris</span> 
     </span>
     <span class='ocr_line' id='line_1_33' title="bbox 258 3665 1857 3749; baseline 0.001 -20"><span class='ocrx_word' id='word_1_348' title='bbox 258 3667 351 3731; x_wconf 78' lang='lat' dir='ltr'>vel</span> <span class='ocrx_word' id='word_1_349' title='bbox 381 3667 596 3732; x_wconf 88' lang='lat' dir='ltr'>famae</span> <span class='ocrx_word' id='word_1_350' title='bbox 630 3666 732 3731; x_wconf 84' lang='lat' dir='ltr'>vel</span> <span class='ocrx_word' id='word_1_351' title='bbox 762 3665 1049 3730; x_wconf 84' lang='lat' dir='ltr'>fortunae</span> <span class='ocrx_word' id='word_1_352' title='bbox 1081 3666 1178 3730; x_wconf 87' lang='lat' dir='ltr'>vel</span> <span class='ocrx_word' id='word_1_353' title='bbox 1211 3666 1375 3730; x_wconf 76' lang='lat' dir='ltr'>vitae</span> <span class='ocrx_word' id='word_1_354' title='bbox 1415 3667 1857 3749; x_wconf 85' lang='lat' dir='ltr'>proximorum.</span> 
     </span>
    </p>

    <p class='ocr_par' dir='ltr' id='par_1_9' title="bbox 262 3768 2745 4673">
     <span class='ocr_line' id='line_1_34' title="bbox 350 3768 2742 3835; baseline 0 0"><span class='ocrx_word' id='word_1_355' title='bbox 350 3768 738 3835; x_wconf 78' lang='lat' dir='ltr'>Revocanda</span> <span class='ocrx_word' id='word_1_356' title='bbox 776 3768 988 3833; x_wconf 90' lang='lat' dir='ltr'>autem</span> <span class='ocrx_word' id='word_1_357' title='bbox 1020 3770 1115 3834; x_wconf 89' lang='lat' dir='ltr'>est</span> <span class='ocrx_word' id='word_1_358' title='bbox 1145 3768 1267 3833; x_wconf 91' lang='lat' dir='ltr'>huc</span> <span class='ocrx_word' id='word_1_359' title='bbox 1313 3769 1595 3834; x_wconf 86' lang='lat' dir='ltr'>doctrina</span> <span class='ocrx_word' id='word_1_360' title='bbox 1627 3770 1860 3834; x_wconf 85' lang='lat' dir='ltr'>tradita</span> <span class='ocrx_word' id='word_1_361' title='bbox 1906 3771 1971 3834; x_wconf 90' lang='lat' dir='ltr'>in</span> <span class='ocrx_word' id='word_1_362' title='bbox 2018 3773 2200 3835; x_wconf 88' lang='lat' dir='ltr'>tract.</span> <span class='ocrx_word' id='word_1_363' title='bbox 2237 3770 2309 3834; x_wconf 85' lang='lat' dir='ltr'>de</span> <span class='ocrx_word' id='word_1_364' title='bbox 2355 3770 2568 3835; x_wconf 70' lang='lat' dir='ltr'>Actio.</span> <span class='ocrx_word' id='word_1_365' title='bbox 2603 3769 2742 3835; x_wconf 79' lang='lat' dir='ltr'>Hu-</span> 
     </span>
     <span class='ocr_line' id='line_1_35' title="bbox 264 3870 2736 3959; baseline 0.001 -23"><span class='ocrx_word' id='word_1_366' title='bbox 264 3872 625 3959; x_wconf 61' lang='lat' dir='ltr'>man.,scil.</span> <span class='ocrx_word' id='word_1_367' title='bbox 659 3870 948 3953; x_wconf 86' lang='lat' dir='ltr'>quamvis</span> <span class='ocrx_word' id='word_1_368' title='bbox 980 3871 1132 3936; x_wconf 88' lang='lat' dir='ltr'>haec</span> <span class='ocrx_word' id='word_1_369' title='bbox 1162 3872 1347 3936; x_wconf 88' lang='lat' dir='ltr'>verba</span> <span class='ocrx_word' id='word_1_370' title='bbox 1382 3871 1840 3937; x_wconf 85' lang='lat' dir='ltr'>inadvertenter</span> <span class='ocrx_word' id='word_1_371' title='bbox 1870 3874 2116 3958; x_wconf 87' lang='lat' dir='ltr'>prolata</span> <span class='ocrx_word' id='word_1_372' title='bbox 2148 3872 2434 3938; x_wconf 87' lang='lat' dir='ltr'>dicantur</span> <span class='ocrx_word' id='word_1_373' title='bbox 2466 3874 2736 3958; x_wconf 85' lang='lat' dir='ltr'>peccata,</span> 
     </span>
     <span class='ocr_line' id='line_1_36' title="bbox 270 3975 2742 4061; baseline 0 -21"><span class='ocrx_word' id='word_1_374' title='bbox 270 3976 474 4040; x_wconf 86' lang='lat' dir='ltr'>tamen</span> <span class='ocrx_word' id='word_1_375' title='bbox 516 3994 652 4040; x_wconf 89' lang='lat' dir='ltr'>non</span> <span class='ocrx_word' id='word_1_376' title='bbox 682 3976 832 4038; x_wconf 86' lang='lat' dir='ltr'>tunc</span> <span class='ocrx_word' id='word_1_377' title='bbox 877 3975 1232 4057; x_wconf 87' lang='lat' dir='ltr'>quempiam</span> <span class='ocrx_word' id='word_1_378' title='bbox 1271 3994 1538 4057; x_wconf 86' lang='lat' dir='ltr'>peccare,</span> <span class='ocrx_word' id='word_1_379' title='bbox 1578 3994 1720 4039; x_wconf 87' lang='lat' dir='ltr'>cum</span> <span class='ocrx_word' id='word_1_380' title='bbox 1768 3976 2121 4041; x_wconf 86' lang='lat' dir='ltr'>materiales</span> <span class='ocrx_word' id='word_1_381' title='bbox 2166 3977 2582 4061; x_wconf 88' lang='lat' dir='ltr'>blasphemias</span> <span class='ocrx_word' id='word_1_382' title='bbox 2630 3978 2742 4041; x_wconf 87' lang='lat' dir='ltr'>aut</span> 
     </span>
     <span class='ocr_line' id='line_1_37' title="bbox 265 4076 2745 4162; baseline -0.001 -19"><span class='ocrx_word' id='word_1_383' title='bbox 265 4079 537 4160; x_wconf 85' lang='lat' dir='ltr'>periuria</span> <span class='ocrx_word' id='word_1_384' title='bbox 588 4077 724 4141; x_wconf 84' lang='lat' dir='ltr'>sine</span> <span class='ocrx_word' id='word_1_385' title='bbox 760 4076 1214 4142; x_wconf 84' lang='lat' dir='ltr'>inadvertentia</span> <span class='ocrx_word' id='word_1_386' title='bbox 1259 4078 1538 4155; x_wconf 86' lang='lat' dir='ltr'>effundit,</span> <span class='ocrx_word' id='word_1_387' title='bbox 1587 4078 1813 4161; x_wconf 89' lang='lat' dir='ltr'>quippe</span> <span class='ocrx_word' id='word_1_388' title='bbox 1845 4079 2088 4144; x_wconf 85' lang='lat' dir='ltr'>nullum</span> <span class='ocrx_word' id='word_1_389' title='bbox 2135 4081 2457 4162; x_wconf 89' lang='lat' dir='ltr'>peccatum</span> <span class='ocrx_word' id='word_1_390' title='bbox 2487 4080 2617 4141; x_wconf 89' lang='grc'><strong>31110</strong></span> <span class='ocrx_word' id='word_1_391' title='bbox 2648 4097 2745 4141; x_wconf 87' lang='lat' dir='ltr'>ra-</span> 
     </span>
     <span class='ocr_line' id='line_1_38' title="bbox 262 4179 2742 4265; baseline -0.001 -20"><span class='ocrx_word' id='word_1_392' title='bbox 262 4180 452 4246; x_wconf 87' lang='lat' dir='ltr'>tionis</span> <span class='ocrx_word' id='word_1_393' title='bbox 504 4179 960 4245; x_wconf 88' lang='lat' dir='ltr'>deliberatione</span> <span class='ocrx_word' id='word_1_394' title='bbox 991 4180 1427 4257; x_wconf 86' lang='lat' dir='ltr'>committitur,</span> <span class='ocrx_word' id='word_1_395' title='bbox 1470 4180 1574 4246; x_wconf 88' lang='lat' dir='ltr'>sed</span> <span class='ocrx_word' id='word_1_396' title='bbox 1621 4200 1764 4246; x_wconf 91' lang='lat' dir='ltr'>cum</span> <span class='ocrx_word' id='word_1_397' title='bbox 1801 4182 1929 4247; x_wconf 87' lang='lat' dir='ltr'>sint</span> <span class='ocrx_word' id='word_1_398' title='bbox 1953 4184 2205 4265; x_wconf 87' lang='lat' dir='ltr'>peccata</span> <span class='ocrx_word' id='word_1_399' title='bbox 2235 4182 2300 4246; x_wconf 91' lang='lat' dir='ltr'>in</span> <span class='ocrx_word' id='word_1_400' title='bbox 2345 4199 2553 4257; x_wconf 87' lang='lat' dir='ltr'>causa,</span> <span class='ocrx_word' id='word_1_401' title='bbox 2591 4181 2742 4243; x_wconf 89' lang='lat' dir='ltr'>tunc</span> 
     </span>
     <span class='ocr_line' id='line_1_39' title="bbox 267 4281 2740 4367; baseline 0.001 -23"><span class='ocrx_word' id='word_1_402' title='bbox 267 4284 514 4347; x_wconf 85' lang='lat' dir='ltr'>reatum</span> <span class='ocrx_word' id='word_1_403' title='bbox 554 4281 816 4360; x_wconf 86' lang='lat' dir='ltr'>incurri,</span> <span class='ocrx_word' id='word_1_404' title='bbox 850 4300 992 4346; x_wconf 89' lang='lat' dir='ltr'>cum</span> <span class='ocrx_word' id='word_1_405' title='bbox 1038 4301 1226 4347; x_wconf 88' lang='lat' dir='ltr'>causa</span> <span class='ocrx_word' id='word_1_406' title='bbox 1266 4284 1538 4366; x_wconf 87' lang='lat' dir='ltr'>ponitur.</span> <span class='ocrx_word' id='word_1_407' title='bbox 1594 4282 1895 4363; x_wconf 80' lang='lat' dir='ltr'>Quocirca</span> <span class='ocrx_word' id='word_1_408' title='bbox 1941 4285 2164 4349; x_wconf 88' lang='lat' dir='ltr'>inutile</span> <span class='ocrx_word' id='word_1_409' title='bbox 2211 4286 2305 4349; x_wconf 89' lang='lat' dir='ltr'>est</span> <span class='ocrx_word' id='word_1_410' title='bbox 2350 4282 2740 4367; x_wconf 88' lang='lat' dir='ltr'>percunctari</span> 
     </span>
     <span class='ocr_line' id='line_1_40' title="bbox 264 4385 2744 4468; baseline -0.001 -18"><span class='ocrx_word' id='word_1_411' title='bbox 264 4405 599 4453; x_wconf 89' lang='lat' dir='ltr'>numerum</span> <span class='ocrx_word' id='word_1_412' title='bbox 650 4385 876 4450; x_wconf 88' lang='lat' dir='ltr'>horum</span> <span class='ocrx_word' id='word_1_413' title='bbox 927 4387 1320 4468; x_wconf 88' lang='lat' dir='ltr'>peccatorum</span> <span class='ocrx_word' id='word_1_414' title='bbox 1382 4405 1492 4451; x_wconf 90' lang='lat' dir='ltr'>seu</span> <span class='ocrx_word' id='word_1_415' title='bbox 1561 4390 1818 4450; x_wconf 87' lang='lat' dir='ltr'>actuum</span> <span class='ocrx_word' id='word_1_416' title='bbox 1863 4386 2313 4462; x_wconf 87' lang='lat' dir='ltr'>materialium;</span> <span class='ocrx_word' id='word_1_417' title='bbox 2364 4385 2512 4466; x_wconf 88' lang='lat' dir='ltr'>quia</span> <span class='ocrx_word' id='word_1_418' title='bbox 2566 4386 2744 4449; x_wconf 89' lang='lat' dir='ltr'>totus</span> 
     </span>
     <span class='ocr_line' id='line_1_41' title="bbox 262 4487 2744 4574; baseline 0 -24"><span class='ocrx_word' id='word_1_419' title='bbox 262 4494 463 4557; x_wconf 80' lang='lat' dir='ltr'>reatus</span> <span class='ocrx_word' id='word_1_420' title='bbox 514 4492 621 4555; x_wconf 86' lang='lat' dir='ltr'>est</span> <span class='ocrx_word' id='word_1_421' title='bbox 671 4488 733 4553; x_wconf 91' lang='lat' dir='ltr'>in</span> <span class='ocrx_word' id='word_1_422' title='bbox 779 4507 968 4553; x_wconf 87' lang='lat' dir='ltr'>causa</span> <span class='ocrx_word' id='word_1_423' title='bbox 1013 4491 1077 4553; x_wconf 88' lang='lat' dir='ltr'>et</span> <span class='ocrx_word' id='word_1_424' title='bbox 1122 4489 1222 4554; x_wconf 87' lang='lat' dir='ltr'>hic</span> <span class='ocrx_word' id='word_1_425' title='bbox 1266 4492 1478 4554; x_wconf 87' lang='lat' dir='ltr'>reatus</span> <span class='ocrx_word' id='word_1_426' title='bbox 1526 4508 1635 4554; x_wconf 88' lang='lat' dir='ltr'>nec</span> <span class='ocrx_word' id='word_1_427' title='bbox 1682 4493 1951 4574; x_wconf 86' lang='lat' dir='ltr'>augetur</span> <span class='ocrx_word' id='word_1_428' title='bbox 1982 4508 2054 4554; x_wconf 86' lang='lat' dir='ltr'>ex</span> <span class='ocrx_word' id='word_1_429' title='bbox 2090 4487 2454 4571; x_wconf 88' lang='lat' dir='ltr'>pluralitate</span> <span class='ocrx_word' id='word_1_430' title='bbox 2487 4489 2744 4552; x_wconf 89' lang='lat' dir='ltr'>actuum</span> 
     </span>
     <span class='ocr_line' id='line_1_42' title="bbox 266 4590 2743 4673; baseline -0.001 -18"><span class='ocrx_word' id='word_1_431' title='bbox 266 4592 704 4659; x_wconf 88' lang='lat' dir='ltr'>materialium</span> <span class='ocrx_word' id='word_1_432' title='bbox 746 4590 1160 4673; x_wconf 86' lang='lat' dir='ltr'>sequentium,</span> <span class='ocrx_word' id='word_1_433' title='bbox 1194 4590 1357 4655; x_wconf 90' lang='lat' dir='ltr'>sicut</span> <span class='ocrx_word' id='word_1_434' title='bbox 1388 4611 1496 4655; x_wconf 90' lang='lat' dir='ltr'>nec</span> <span class='ocrx_word' id='word_1_435' title='bbox 1526 4591 1833 4656; x_wconf 84' lang='lat' dir='ltr'>minuitur</span> <span class='ocrx_word' id='word_1_436' title='bbox 1865 4612 1935 4657; x_wconf 81' lang='lat' dir='ltr'>ex</span> <span class='ocrx_word' id='word_1_437' title='bbox 1966 4609 2222 4657; x_wconf 90' lang='lat' dir='ltr'>numero</span> <span class='ocrx_word' id='word_1_438' title='bbox 2270 4590 2492 4673; x_wconf 81' lang='lat' dir='ltr'>exiguo</span> <span class='ocrx_word' id='word_1_439' title='bbox 2527 4608 2743 4654; x_wconf 91' lang='lat' dir='ltr'>eorun-</span> 
     </span>
    </p>
   </div>
  </div>
 </body>
</html>
