<?xml version="1.0" encoding="UTF-8"?>
<!DOCTYPE html PUBLIC "-//W3C//DTD XHTML 1.0 Transitional//EN"
    "http://www.w3.org/TR/xhtml1/DTD/xhtml1-transitional.dtd">
<html xmlns="http://www.w3.org/1999/xhtml" xml:lang="en" lang="en">
 <head>
  <title>
</title>
<meta http-equiv="Content-Type" content="text/html;charset=utf-8" />
  <meta name='ocr-system' content='tesseract 3.04.00' />
  <meta name='ocr-capabilities' content='ocr_page ocr_carea ocr_par ocr_line ocrx_word'/>
</head>
<body>
  <div class='ocr_page' id='page_1' title='image "./opustheologicum00ballgoog/opustheologicum00ballgoog_0211.png"; bbox 0 0 3497 5147; ppageno 0'>
   <div class='ocr_carea' id='block_1_1' title="bbox 704 332 3169 413">
    <p class='ocr_par' dir='ltr' id='par_1_1' title="bbox 704 332 3169 413">
     <span class='ocr_line' id='line_1_1' title="bbox 704 332 3169 413; baseline -0.001 -18"><span class='ocrx_word' id='word_1_1' title='bbox 704 340 817 395; x_wconf 77' lang='lat'>204</span> <span class='ocrx_word' id='word_1_2' title='bbox 905 354 1116 395; x_wconf 64' lang='grc'><strong>111301.</strong></span> <span class='ocrx_word' id='word_1_3' title='bbox 1150 354 1205 395; x_wconf 85' lang='lat' dir='ltr'>v.</span> <span class='ocrx_word' id='word_1_4' title='bbox 1232 351 1392 394; x_wconf 64' lang='lat' dir='ltr'>sacr.</span> <span class='ocrx_word' id='word_1_5' title='bbox 1420 332 1509 392; x_wconf 67' lang='lat'>1⁶11.</span> <span class='ocrx_word' id='word_1_6' title='bbox 1538 352 1621 391; x_wconf 74' lang='lat' dir='ltr'>nn</span> <span class='ocrx_word' id='word_1_7' title='bbox 1646 351 1966 392; x_wconf 62' lang='lat' dir='ltr'>camu&#39;ns</span> <span class='ocrx_word' id='word_1_8' title='bbox 1995 350 2380 392; x_wconf 55' lang='lat' dir='ltr'>namneus.</span> <span class='ocrx_word' id='word_1_9' title='bbox 2408 351 2606 395; x_wconf 79' lang='lat' dir='ltr'>CAPUT</span> <span class='ocrx_word' id='word_1_10' title='bbox 2633 353 2695 393; x_wconf 90' lang='lat'>11.</span> <span class='ocrx_word' id='word_1_11' title='bbox 2723 354 2865 394; x_wconf 79' lang='lat' dir='ltr'>nun.</span> <span class='ocrx_word' id='word_1_12' title='bbox 2893 355 2949 395; x_wconf 86' lang='lat' dir='ltr'>v.</span> <span class='ocrx_word' id='word_1_13' title='bbox 3021 337 3169 413; x_wconf 84' lang='lat'>[281]</span> 
     </span>
    </p>
   </div>
   <div class='ocr_carea' id='block_1_2' title="bbox 705 448 3168 1352">
    <p class='ocr_par' dir='ltr' id='par_1_2' title="bbox 705 448 3168 1352">
     <span class='ocr_line' id='line_1_2' title="bbox 888 448 3165 531; baseline 0 -18"><span class='ocrx_word' id='word_1_14' title='bbox 888 452 957 513; x_wconf 78' lang='grc' dir='ltr'>4ο</span> <span class='ocrx_word' id='word_1_15' title='bbox 1007 448 1070 513; x_wconf 87' lang='lat' dir='ltr'>Si</span> <span class='ocrx_word' id='word_1_16' title='bbox 1118 448 1482 513; x_wconf 79' lang='lat' dir='ltr'><strong>malefactor</strong></span> <span class='ocrx_word' id='word_1_17' title='bbox 1519 448 1680 512; x_wconf 88' lang='lat' dir='ltr'>nolit</span> <span class='ocrx_word' id='word_1_18' title='bbox 1709 448 1911 512; x_wconf 87' lang='lat' dir='ltr'>certae</span> <span class='ocrx_word' id='word_1_19' title='bbox 1942 467 2235 531; x_wconf 79' lang='lat' dir='ltr'>personae</span> <span class='ocrx_word' id='word_1_20' title='bbox 2281 467 2516 526; x_wconf 86' lang='lat' dir='ltr'>nocere,</span> <span class='ocrx_word' id='word_1_21' title='bbox 2567 449 2670 513; x_wconf 92' lang='lat' dir='ltr'>sed</span> <span class='ocrx_word' id='word_1_22' title='bbox 2719 450 2782 512; x_wconf 89' lang='lat' dir='ltr'>in</span> <span class='ocrx_word' id='word_1_23' title='bbox 2829 450 3165 529; x_wconf 86' lang='lat' dir='ltr'>communi,</span> 
     </span>
     <span class='ocr_line' id='line_1_3' title="bbox 706 550 3164 627; baseline -0 -9"><span class='ocrx_word' id='word_1_24' title='bbox 706 554 856 618; x_wconf 90' lang='lat' dir='ltr'>licet</span> <span class='ocrx_word' id='word_1_25' title='bbox 886 552 1202 617; x_wconf 89' lang='lat' dir='ltr'>consulere</span> <span class='ocrx_word' id='word_1_26' title='bbox 1238 551 1444 615; x_wconf 88' lang='lat' dir='ltr'>minus</span> <span class='ocrx_word' id='word_1_27' title='bbox 1477 550 1792 627; x_wconf 89' lang='lat' dir='ltr'>damnum,</span> <span class='ocrx_word' id='word_1_28' title='bbox 1820 550 1949 613; x_wconf 88' lang='lat' dir='ltr'>scil.</span> <span class='ocrx_word' id='word_1_29' title='bbox 1992 552 2065 614; x_wconf 93' lang='lat' dir='ltr'>ut</span> <span class='ocrx_word' id='word_1_30' title='bbox 2095 550 2187 613; x_wconf 89' lang='lat' dir='ltr'>illi</span> <span class='ocrx_word' id='word_1_31' title='bbox 2219 550 2514 615; x_wconf 90' lang='lat' dir='ltr'>damnum</span> <span class='ocrx_word' id='word_1_32' title='bbox 2545 551 2790 627; x_wconf 75' lang='lat' dir='ltr'>inferat,</span> <span class='ocrx_word' id='word_1_33' title='bbox 2826 554 2925 617; x_wconf 89' lang='lat' dir='ltr'>cui</span> <span class='ocrx_word' id='word_1_34' title='bbox 2956 553 3164 617; x_wconf 85' lang='lat' dir='ltr'>minus</span> 
     </span>
     <span class='ocr_line' id='line_1_4' title="bbox 706 651 3168 737; baseline 0 -18"><span class='ocrx_word' id='word_1_35' title='bbox 706 655 971 727; x_wconf 76' lang='lat' dir='ltr'>nocebit,</span> <span class='ocrx_word' id='word_1_36' title='bbox 1012 674 1068 717; x_wconf 82' lang='lat' dir='ltr'>v.</span> <span class='ocrx_word' id='word_1_37' title='bbox 1105 674 1197 737; x_wconf 86' lang='lat' dir='ltr'>gr.</span> <span class='ocrx_word' id='word_1_38' title='bbox 1233 653 1467 717; x_wconf 87' lang='lat' dir='ltr'>volenti</span> <span class='ocrx_word' id='word_1_39' title='bbox 1499 652 1694 716; x_wconf 88' lang='lat' dir='ltr'>furari</span> <span class='ocrx_word' id='word_1_40' title='bbox 1730 651 2006 729; x_wconf 88' lang='lat' dir='ltr'>suadere,</span> <span class='ocrx_word' id='word_1_41' title='bbox 2046 653 2121 717; x_wconf 90' lang='lat' dir='ltr'>ut</span> <span class='ocrx_word' id='word_1_42' title='bbox 2151 671 2186 715; x_wconf 87' lang='lat' dir='ltr'>a</span> <span class='ocrx_word' id='word_1_43' title='bbox 2218 652 2409 717; x_wconf 85' lang='lat' dir='ltr'>divite</span> <span class='ocrx_word' id='word_1_44' title='bbox 2442 654 2650 736; x_wconf 92' lang='lat' dir='ltr'>potius</span> <span class='ocrx_word' id='word_1_45' title='bbox 2685 654 2947 732; x_wconf 86' lang='lat' dir='ltr'>auferat,</span> <span class='ocrx_word' id='word_1_46' title='bbox 2978 674 3168 736; x_wconf 88' lang='lat' dir='ltr'>quam</span> 
     </span>
     <span class='ocr_line' id='line_1_5' title="bbox 705 757 1015 839; baseline -0.003 -19"><span class='ocrx_word' id='word_1_47' title='bbox 705 757 783 821; x_wconf 92' lang='lat' dir='ltr'>ab</span> <span class='ocrx_word' id='word_1_48' title='bbox 813 761 1015 839; x_wconf 91' lang='lat' dir='ltr'>inope.</span> 
     </span>
     <span class='ocr_line' id='line_1_6' title="bbox 885 857 3166 938; baseline -0 -15"><span class='ocrx_word' id='word_1_49' title='bbox 885 860 954 923; x_wconf 81' lang='lat'>5⁰</span> <span class='ocrx_word' id='word_1_50' title='bbox 989 859 1125 923; x_wconf 91' lang='lat' dir='ltr'>Imo</span> <span class='ocrx_word' id='word_1_51' title='bbox 1159 858 1404 921; x_wconf 91' lang='lat' dir='ltr'>etiamsi</span> <span class='ocrx_word' id='word_1_52' title='bbox 1452 858 1653 921; x_wconf 89' lang='lat' dir='ltr'>certae</span> <span class='ocrx_word' id='word_1_53' title='bbox 1699 874 1992 938; x_wconf 79' lang='lat' dir='ltr'>personae</span> <span class='ocrx_word' id='word_1_54' title='bbox 2038 875 2251 920; x_wconf 90' lang='lat' dir='ltr'>nocere</span> <span class='ocrx_word' id='word_1_55' title='bbox 2299 857 2487 920; x_wconf 81' lang='lat' dir='ltr'>vellet</span> <span class='ocrx_word' id='word_1_56' title='bbox 2532 857 2914 935; x_wconf 81' lang='lat' dir='ltr'>malefactor,</span> <span class='ocrx_word' id='word_1_57' title='bbox 2954 859 3166 923; x_wconf 77' lang='lat' dir='ltr'>licebit</span> 
     </span>
     <span class='ocr_line' id='line_1_7' title="bbox 713 962 3167 1029; baseline 0.001 -3"><span class='ocrx_word' id='word_1_58' title='bbox 713 964 1030 1027; x_wconf 88' lang='lat' dir='ltr'>consulere</span> <span class='ocrx_word' id='word_1_59' title='bbox 1060 963 1267 1027; x_wconf 91' lang='lat' dir='ltr'>minus</span> <span class='ocrx_word' id='word_1_60' title='bbox 1299 963 1595 1027; x_wconf 90' lang='lat' dir='ltr'>damnum</span> <span class='ocrx_word' id='word_1_61' title='bbox 1627 962 1806 1026; x_wconf 89' lang='lat' dir='ltr'>alteri</span> <span class='ocrx_word' id='word_1_62' title='bbox 1852 962 2324 1027; x_wconf 76' lang='lat' dir='ltr'>indeterminate</span> <span class='ocrx_word' id='word_1_63' title='bbox 2361 963 2763 1028; x_wconf 86' lang='lat' dir='ltr'>inferendum.</span> <span class='ocrx_word' id='word_1_64' title='bbox 2798 964 2897 1029; x_wconf 88' lang='lat' dir='ltr'>Sic</span> <span class='ocrx_word' id='word_1_65' title='bbox 2934 966 3167 1029; x_wconf 83' lang='lat' dir='ltr'>volenti</span> 
     </span>
     <span class='ocr_line' id='line_1_8' title="bbox 708 1064 3166 1149; baseline 0.001 -21"><span class='ocrx_word' id='word_1_66' title='bbox 708 1064 905 1129; x_wconf 81' lang='lat' dir='ltr'>furari</span> <span class='ocrx_word' id='word_1_67' title='bbox 939 1084 974 1128; x_wconf 89' lang='lat' dir='ltr'>a</span> <span class='ocrx_word' id='word_1_68' title='bbox 1007 1084 1292 1148; x_wconf 80' lang='lat' dir='ltr'>paupere,</span> <span class='ocrx_word' id='word_1_69' title='bbox 1340 1064 1551 1128; x_wconf 89' lang='lat' dir='ltr'>licebit</span> <span class='ocrx_word' id='word_1_70' title='bbox 1586 1064 1903 1129; x_wconf 86' lang='lat' dir='ltr'>consulere</span> <span class='ocrx_word' id='word_1_71' title='bbox 1949 1065 2311 1148; x_wconf 84' lang='lat' dir='ltr'>generatim,</span> <span class='ocrx_word' id='word_1_72' title='bbox 2345 1067 2418 1128; x_wconf 89' lang='lat' dir='ltr'>ut</span> <span class='ocrx_word' id='word_1_73' title='bbox 2456 1066 2665 1149; x_wconf 89' lang='lat' dir='ltr'>potius</span> <span class='ocrx_word' id='word_1_74' title='bbox 2713 1066 2791 1129; x_wconf 92' lang='lat' dir='ltr'>ab</span> <span class='ocrx_word' id='word_1_75' title='bbox 2839 1066 3049 1148; x_wconf 88' lang='lat' dir='ltr'>aliquo</span> <span class='ocrx_word' id='word_1_76' title='bbox 3082 1066 3166 1130; x_wconf 90' lang='lat' dir='ltr'>di-</span> 
     </span>
     <span class='ocr_line' id='line_1_9' title="bbox 706 1165 2328 1250; baseline 0 -21"><span class='ocrx_word' id='word_1_77' title='bbox 706 1167 857 1231; x_wconf 85' lang='lat' dir='ltr'>tiori</span> <span class='ocrx_word' id='word_1_78' title='bbox 888 1167 1203 1250; x_wconf 76' lang='lat' dir='ltr'>surripiat.</span> <span class='ocrx_word' id='word_1_79' title='bbox 1239 1168 1339 1231; x_wconf 88' lang='lat' dir='ltr'>Ita</span> <span class='ocrx_word' id='word_1_80' title='bbox 1378 1166 1645 1231; x_wconf 87' lang='lat' dir='ltr'>Sanchez</span> <span class='ocrx_word' id='word_1_81' title='bbox 1688 1186 1761 1230; x_wconf 79' lang='lat' dir='ltr'>ex</span> <span class='ocrx_word' id='word_1_82' title='bbox 1794 1165 1932 1230; x_wconf 89' lang='lat' dir='ltr'>aliis</span> <span class='ocrx_word' id='word_1_83' title='bbox 1963 1165 2004 1228; x_wconf 90' lang='grc'>1.</span> <span class='ocrx_word' id='word_1_84' title='bbox 2042 1186 2091 1229; x_wconf 84' lang='grc'>0.</span> <span class='ocrx_word' id='word_1_85' title='bbox 2127 1186 2185 1230; x_wconf 87' lang='grc'>11.</span> <span class='ocrx_word' id='word_1_86' title='bbox 2224 1168 2328 1229; x_wconf 80' lang='grc'>24.</span> 
     </span>
     <span class='ocr_line' id='line_1_10' title="bbox 794 1266 3163 1352; baseline -0.001 -13"><span class='ocrx_word' id='word_1_87' title='bbox 794 1266 950 1340; x_wconf 83' lang='grc'><strong>281.</strong></span> <span class='ocrx_word' id='word_1_88' title='bbox 985 1270 1072 1336; x_wconf 87' lang='lat' dir='ltr'>At</span> <span class='ocrx_word' id='word_1_89' title='bbox 1104 1273 1270 1348; x_wconf 89' lang='lat' dir='ltr'>sunt,</span> <span class='ocrx_word' id='word_1_90' title='bbox 1304 1270 1411 1352; x_wconf 83' lang='lat' dir='ltr'>qui</span> <span class='ocrx_word' id='word_1_91' title='bbox 1443 1272 1674 1347; x_wconf 87' lang='lat' dir='ltr'>tenent,</span> <span class='ocrx_word' id='word_1_92' title='bbox 1699 1270 1881 1334; x_wconf 88' lang='lat' dir='ltr'>licere</span> <span class='ocrx_word' id='word_1_93' title='bbox 1907 1269 2163 1334; x_wconf 89' lang='lat' dir='ltr'>suadere</span> <span class='ocrx_word' id='word_1_94' title='bbox 2187 1271 2392 1335; x_wconf 89' lang='lat' dir='ltr'>minus</span> <span class='ocrx_word' id='word_1_95' title='bbox 2417 1270 2714 1335; x_wconf 88' lang='lat' dir='ltr'>damnum</span> <span class='ocrx_word' id='word_1_96' title='bbox 2737 1274 2930 1337; x_wconf 88' lang='lat' dir='ltr'>etiam</span> <span class='ocrx_word' id='word_1_97' title='bbox 2961 1275 3163 1336; x_wconf 84' lang='lat' dir='ltr'>certae</span> 
     </span>
    </p>
   </div>
   <div class='ocr_carea' id='block_1_3' title="bbox 705 1372 3160 1557">
    <p class='ocr_par' dir='ltr' id='par_1_3' title="bbox 705 1372 3160 1557">
     <span class='ocr_line' id='line_1_11' title="bbox 705 1372 1437 1455; baseline -0.001 -19"><span class='ocrx_word' id='word_1_98' title='bbox 705 1392 999 1455; x_wconf 85' lang='lat' dir='ltr'>personae</span> <span class='ocrx_word' id='word_1_99' title='bbox 1037 1372 1437 1437; x_wconf 87' lang='lat' dir='ltr'>inferendum.</span> 
     </span>
     <span class='ocr_line' id='line_1_12' title="bbox 794 1472 3160 1557; baseline 0.002 -19"><span class='ocrx_word' id='word_1_100' title='bbox 794 1474 866 1538; x_wconf 89' lang='lat' dir='ltr'>Id</span> <span class='ocrx_word' id='word_1_101' title='bbox 896 1474 1102 1539; x_wconf 85' lang='lat' dir='ltr'>innuit</span> <span class='ocrx_word' id='word_1_102' title='bbox 1133 1474 1324 1539; x_wconf 88' lang='lat' dir='ltr'>etiam</span> <span class='ocrx_word' id='word_1_103' title='bbox 1370 1473 1639 1538; x_wconf 87' lang='lat' dir='ltr'>Sanchez</span> <span class='ocrx_word' id='word_1_104' title='bbox 1673 1472 1746 1537; x_wconf 78' lang='lat' dir='ltr'>de</span> <span class='ocrx_word' id='word_1_105' title='bbox 1778 1473 1983 1537; x_wconf 79' lang='lat' dir='ltr'>Matr.</span> <span class='ocrx_word' id='word_1_106' title='bbox 2016 1476 2123 1539; x_wconf 92' lang='lat' dir='ltr'>lib.</span> <span class='ocrx_word' id='word_1_107' title='bbox 2163 1476 2218 1538; x_wconf 89' lang='lat'>7.</span> <span class='ocrx_word' id='word_1_108' title='bbox 2260 1474 2414 1557; x_wconf 85' lang='lat' dir='ltr'>disp.</span> <span class='ocrx_word' id='word_1_109' title='bbox 2455 1476 2555 1538; x_wconf 92' lang='grc'>11.</span> <span class='ocrx_word' id='word_1_110' title='bbox 2589 1476 2631 1538; x_wconf 94' lang='lat' dir='ltr'>l.</span> <span class='ocrx_word' id='word_1_111' title='bbox 2665 1495 2716 1539; x_wconf 92' lang='lat' dir='ltr'>c.</span> <span class='ocrx_word' id='word_1_112' title='bbox 2751 1495 2810 1539; x_wconf 91' lang='lat' dir='ltr'>n.</span> <span class='ocrx_word' id='word_1_113' title='bbox 2848 1478 2953 1540; x_wconf 84' lang='lat'>24.</span> <span class='ocrx_word' id='word_1_114' title='bbox 2989 1477 3160 1542; x_wconf 67' lang='lat' dir='ltr'>init:</span> 
     </span>
    </p>
   </div>
   <div class='ocr_carea' id='block_1_4' title="bbox 688 1576 3163 4423">
    <p class='ocr_par' dir='ltr' id='par_1_4' title="bbox 704 1576 3163 1863">
     <span class='ocr_line' id='line_1_13' title="bbox 708 1576 3163 1661; baseline 0.002 -21"><span class='ocrx_word' id='word_1_115' title='bbox 708 1576 832 1641; x_wconf 88' lang='lat' dir='ltr'>imo</span> <span class='ocrx_word' id='word_1_116' title='bbox 882 1577 1074 1655; x_wconf 81' lang='lat' dir='ltr'>addit,</span> <span class='ocrx_word' id='word_1_117' title='bbox 1123 1577 1282 1641; x_wconf 90' lang='lat' dir='ltr'>hanc</span> <span class='ocrx_word' id='word_1_118' title='bbox 1336 1577 1706 1641; x_wconf 88' lang='lat' dir='ltr'>sententiam</span> <span class='ocrx_word' id='word_1_119' title='bbox 1753 1576 1977 1641; x_wconf 91' lang='lat' dir='ltr'>habere</span> <span class='ocrx_word' id='word_1_120' title='bbox 2022 1577 2496 1641; x_wconf 85' lang='lat' dir='ltr'>fundamentum</span> <span class='ocrx_word' id='word_1_121' title='bbox 2542 1576 2605 1641; x_wconf 92' lang='lat' dir='ltr'>in</span> <span class='ocrx_word' id='word_1_122' title='bbox 2653 1580 3026 1661; x_wconf 80' lang='lat' dir='ltr'>argumento</span> <span class='ocrx_word' id='word_1_123' title='bbox 3055 1580 3163 1644; x_wconf 83' lang='lat' dir='ltr'>illo</span> 
     </span>
     <span class='ocr_line' id='line_1_14' title="bbox 711 1678 3162 1763; baseline 0.002 -21"><span class='ocrx_word' id='word_1_124' title='bbox 711 1679 982 1763; x_wconf 85' lang='lat' dir='ltr'>generali</span> <span class='ocrx_word' id='word_1_125' title='bbox 1014 1679 1180 1761; x_wconf 89' lang='lat' dir='ltr'>quod</span> <span class='ocrx_word' id='word_1_126' title='bbox 1212 1679 1494 1761; x_wconf 86' lang='lat' dir='ltr'>superius</span> <span class='ocrx_word' id='word_1_127' title='bbox 1525 1700 1584 1743; x_wconf 91' lang='lat' dir='ltr'>n.</span> <span class='ocrx_word' id='word_1_128' title='bbox 1625 1679 1725 1741; x_wconf 88' lang='grc'>14.</span> <span class='ocrx_word' id='word_1_129' title='bbox 1761 1678 1977 1758; x_wconf 77' lang='lat' dir='ltr'>quinto</span> <span class='ocrx_word' id='word_1_130' title='bbox 2013 1679 2144 1762; x_wconf 88' lang='lat' dir='ltr'>ipse</span> <span class='ocrx_word' id='word_1_131' title='bbox 2183 1678 2504 1755; x_wconf 88' lang='lat' dir='ltr'>attulerat,</span> <span class='ocrx_word' id='word_1_132' title='bbox 2539 1679 2735 1762; x_wconf 91' lang='lat' dir='ltr'>petito</span> <span class='ocrx_word' id='word_1_133' title='bbox 2783 1699 2853 1743; x_wconf 83' lang='lat' dir='ltr'>ex</span> <span class='ocrx_word' id='word_1_134' title='bbox 2901 1680 3162 1746; x_wconf 87' lang='lat' dir='ltr'>historia</span> 
     </span>
     <span class='ocr_line' id='line_1_15' title="bbox 704 1780 2442 1863; baseline -0.001 -20"><span class='ocrx_word' id='word_1_135' title='bbox 704 1780 890 1857; x_wconf 84' lang='lat' dir='ltr'>Loth,</span> <span class='ocrx_word' id='word_1_136' title='bbox 926 1782 1033 1862; x_wconf 90' lang='lat' dir='ltr'>qui</span> <span class='ocrx_word' id='word_1_137' title='bbox 1069 1781 1231 1844; x_wconf 89' lang='lat' dir='ltr'>fflias</span> <span class='ocrx_word' id='word_1_138' title='bbox 1263 1780 1635 1863; x_wconf 86' lang='lat' dir='ltr'>stuprandas</span> <span class='ocrx_word' id='word_1_139' title='bbox 1668 1799 1778 1863; x_wconf 89' lang='lat' dir='ltr'>pro</span> <span class='ocrx_word' id='word_1_140' title='bbox 1810 1780 2159 1863; x_wconf 89' lang='lat' dir='ltr'>hospitibus</span> <span class='ocrx_word' id='word_1_141' title='bbox 2194 1780 2442 1844; x_wconf 92' lang='lat' dir='ltr'>obtulit.</span> 
     </span>
    </p>

    <p class='ocr_par' dir='ltr' id='par_1_5' title="bbox 694 1881 3160 2665">
     <span class='ocr_line' id='line_1_16' title="bbox 791 1881 3159 1964; baseline 0.002 -20"><span class='ocrx_word' id='word_1_142' title='bbox 791 1883 1133 1946; x_wconf 87' lang='lat' dir='ltr'>Turrianus</span> <span class='ocrx_word' id='word_1_143' title='bbox 1165 1883 1238 1945; x_wconf 83' lang='lat' dir='ltr'>de</span> <span class='ocrx_word' id='word_1_144' title='bbox 1269 1882 1451 1957; x_wconf 61' lang='lat' dir='ltr'>Fide,</span> <span class='ocrx_word' id='word_1_145' title='bbox 1485 1882 1624 1961; x_wconf 79' lang='lat' dir='ltr'>Spe,</span> <span class='ocrx_word' id='word_1_146' title='bbox 1665 1884 1780 1947; x_wconf 87' lang='lat' dir='ltr'>etc.</span> <span class='ocrx_word' id='word_1_147' title='bbox 1817 1881 1971 1964; x_wconf 88' lang='lat' dir='ltr'>disp.</span> <span class='ocrx_word' id='word_1_148' title='bbox 2008 1883 2112 1945; x_wconf 86' lang='lat'>95.</span> <span class='ocrx_word' id='word_1_149' title='bbox 2153 1882 2297 1946; x_wconf 94' lang='lat' dir='ltr'>dub.</span> <span class='ocrx_word' id='word_1_150' title='bbox 2333 1881 2429 1944; x_wconf 82' lang='lat'>6.:</span> <span class='ocrx_word' id='word_1_151' title='bbox 2473 1905 2508 1940; x_wconf 71' lang='grc' dir='ltr'>«ε</span> <span class='ocrx_word' id='word_1_152' title='bbox 2540 1881 2611 1945; x_wconf 87' lang='grc'>111</span> <span class='ocrx_word' id='word_1_153' title='bbox 2644 1901 2709 1946; x_wconf 83' lang='grc'>16</span> <span class='ocrx_word' id='word_1_154' title='bbox 2755 1901 2878 1946; x_wconf 86' lang='grc'><strong>11011</strong></span> <span class='ocrx_word' id='word_1_155' title='bbox 2911 1885 3159 1949; x_wconf 91' lang='lat' dir='ltr'>omnino</span> 
     </span>
     <span class='ocr_line' id='line_1_17' title="bbox 702 1983 3158 2067; baseline 0.001 -20"><span class='ocrx_word' id='word_1_156' title='bbox 702 1983 871 2047; x_wconf 82' lang='lat' dir='ltr'>certa</span> <span class='ocrx_word' id='word_1_157' title='bbox 919 1984 1075 2048; x_wconf 89' lang='lat' dir='ltr'>mihi</span> <span class='ocrx_word' id='word_1_158' title='bbox 1119 1984 1499 2067; x_wconf 85' lang='lat' dir='ltr'>probabilius</span> <span class='ocrx_word' id='word_1_159' title='bbox 1538 1987 1649 2061; x_wconf 90' lang='lat' dir='ltr'>est,</span> <span class='ocrx_word' id='word_1_160' title='bbox 1684 1985 1811 2049; x_wconf 90' lang='lat' dir='ltr'>tale</span> <span class='ocrx_word' id='word_1_161' title='bbox 1849 1983 2176 2049; x_wconf 91' lang='lat' dir='ltr'>consilium</span> <span class='ocrx_word' id='word_1_162' title='bbox 2223 2002 2352 2047; x_wconf 90' lang='lat' dir='ltr'>esse</span> <span class='ocrx_word' id='word_1_163' title='bbox 2398 1983 2662 2060; x_wconf 88' lang='lat' dir='ltr'>licitum,</span> <span class='ocrx_word' id='word_1_164' title='bbox 2703 1985 2949 2065; x_wconf 91' lang='lat' dir='ltr'>quando</span> <span class='ocrx_word' id='word_1_165' title='bbox 2990 1987 3158 2050; x_wconf 86' lang='lat' dir='ltr'>nulla</span> 
     </span>
     <span class='ocr_line' id='line_1_18' title="bbox 707 2085 3159 2170; baseline 0.001 -20"><span class='ocrx_word' id='word_1_166' title='bbox 707 2085 829 2150; x_wconf 90' lang='lat' dir='ltr'>alia</span> <span class='ocrx_word' id='word_1_167' title='bbox 868 2087 1107 2150; x_wconf 91' lang='lat' dir='ltr'>ratione</span> <span class='ocrx_word' id='word_1_168' title='bbox 1139 2087 1349 2168; x_wconf 89' lang='lat' dir='ltr'>posset</span> <span class='ocrx_word' id='word_1_169' title='bbox 1371 2087 1509 2167; x_wconf 90' lang='lat' dir='ltr'>quis</span> <span class='ocrx_word' id='word_1_170' title='bbox 1540 2087 1774 2150; x_wconf 88' lang='lat' dir='ltr'>retrahi</span> <span class='ocrx_word' id='word_1_171' title='bbox 1801 2107 1836 2150; x_wconf 90' lang='grc'><strong>3</strong></span> <span class='ocrx_word' id='word_1_172' title='bbox 1861 2087 2080 2151; x_wconf 88' lang='lat' dir='ltr'>maiori</span> <span class='ocrx_word' id='word_1_173' title='bbox 2105 2086 2214 2150; x_wconf 87' lang='lat' dir='ltr'>illo</span> <span class='ocrx_word' id='word_1_174' title='bbox 2240 2086 2488 2168; x_wconf 89' lang='lat' dir='ltr'>peccato</span> <span class='ocrx_word' id='word_1_175' title='bbox 2522 2086 2989 2163; x_wconf 86' lang='lat' dir='ltr'>committendo,</span> <span class='ocrx_word' id='word_1_176' title='bbox 3016 2089 3159 2170; x_wconf 83' lang='lat' dir='ltr'>quia</span> 
     </span>
     <span class='ocr_line' id='line_1_19' title="bbox 702 2188 3160 2271; baseline 0.001 -20"><span class='ocrx_word' id='word_1_177' title='bbox 702 2189 1017 2253; x_wconf 85' lang='lat' dir='ltr'>consulere</span> <span class='ocrx_word' id='word_1_178' title='bbox 1046 2189 1252 2252; x_wconf 88' lang='lat' dir='ltr'>minus</span> <span class='ocrx_word' id='word_1_179' title='bbox 1284 2189 1523 2252; x_wconf 88' lang='lat' dir='ltr'>malum</span> <span class='ocrx_word' id='word_1_180' title='bbox 1569 2189 1633 2252; x_wconf 90' lang='lat' dir='ltr'>in</span> <span class='ocrx_word' id='word_1_181' title='bbox 1680 2189 1796 2253; x_wconf 88' lang='lat' dir='ltr'>hoc</span> <span class='ocrx_word' id='word_1_182' title='bbox 1833 2208 1980 2253; x_wconf 89' lang='lat' dir='ltr'>casu</span> <span class='ocrx_word' id='word_1_183' title='bbox 2019 2190 2339 2271; x_wconf 88' lang='lat' dir='ltr'>peccatum</span> <span class='ocrx_word' id='word_1_184' title='bbox 2373 2206 2493 2251; x_wconf 91' lang='lat' dir='ltr'>non</span> <span class='ocrx_word' id='word_1_185' title='bbox 2533 2191 2645 2251; x_wconf 89' lang='lat' dir='ltr'>est.</span> <span class='ocrx_word' id='word_1_186' title='bbox 2682 2188 2915 2251; x_wconf 86' lang='lat' dir='ltr'>Deinde</span> <span class='ocrx_word' id='word_1_187' title='bbox 2947 2190 3021 2265; x_wconf 90' lang='lat' dir='ltr'>is,</span> <span class='ocrx_word' id='word_1_188' title='bbox 3061 2192 3160 2254; x_wconf 90' lang='lat' dir='ltr'>cui</span> 
     </span>
     <span class='ocr_line' id='line_1_20' title="bbox 709 2290 3154 2371; baseline 0 -17"><span class='ocrx_word' id='word_1_189' title='bbox 709 2290 971 2354; x_wconf 89' lang='lat' dir='ltr'>infertur</span> <span class='ocrx_word' id='word_1_190' title='bbox 1017 2291 1262 2369; x_wconf 87' lang='lat' dir='ltr'>iniuria,</span> <span class='ocrx_word' id='word_1_191' title='bbox 1310 2310 1433 2356; x_wconf 94' lang='lat' dir='ltr'>non</span> <span class='ocrx_word' id='word_1_192' title='bbox 1489 2293 1583 2356; x_wconf 90' lang='lat' dir='ltr'>est</span> <span class='ocrx_word' id='word_1_193' title='bbox 1630 2290 2086 2355; x_wconf 86' lang='lat' dir='ltr'>rationabiliter</span> <span class='ocrx_word' id='word_1_194' title='bbox 2141 2290 2374 2353; x_wconf 86' lang='lat' dir='ltr'>invitus</span> <span class='ocrx_word' id='word_1_195' title='bbox 2419 2292 2704 2371; x_wconf 89' lang='lat' dir='ltr'>respectu</span> <span class='ocrx_word' id='word_1_196' title='bbox 2749 2290 3154 2368; x_wconf 79' lang='lat' dir='ltr'>consulentis3</span> 
     </span>
     <span class='ocr_line' id='line_1_21' title="bbox 707 2391 3157 2475; baseline 0 -18"><span class='ocrx_word' id='word_1_197' title='bbox 707 2395 852 2475; x_wconf 89' lang='lat' dir='ltr'>quia</span> <span class='ocrx_word' id='word_1_198' title='bbox 902 2395 1004 2457; x_wconf 90' lang='lat' dir='ltr'>ille</span> <span class='ocrx_word' id='word_1_199' title='bbox 1052 2396 1300 2459; x_wconf 91' lang='lat' dir='ltr'>tantum</span> <span class='ocrx_word' id='word_1_200' title='bbox 1348 2394 1548 2458; x_wconf 90' lang='lat' dir='ltr'>suasit</span> <span class='ocrx_word' id='word_1_201' title='bbox 1584 2394 1789 2458; x_wconf 90' lang='lat' dir='ltr'>minus</span> <span class='ocrx_word' id='word_1_202' title='bbox 1852 2393 2109 2465; x_wconf 82' lang='lat' dir='ltr'>furtum,</span> <span class='ocrx_word' id='word_1_203' title='bbox 2161 2412 2234 2456; x_wconf 93' lang='lat' dir='ltr'>ne</span> <span class='ocrx_word' id='word_1_204' title='bbox 2279 2391 2441 2456; x_wconf 87' lang='lat' dir='ltr'>latro</span> <span class='ocrx_word' id='word_1_205' title='bbox 2490 2392 2909 2457; x_wconf 89' lang='lat' dir='ltr'>committeret</span> <span class='ocrx_word' id='word_1_206' title='bbox 2955 2395 3157 2459; x_wconf 84' lang='lat' dir='ltr'>maius</span> 
     </span>
     <span class='ocr_line' id='line_1_22' title="bbox 696 2493 3155 2580; baseline 0.001 -21"><span class='ocrx_word' id='word_1_207' title='bbox 696 2498 1054 2580; x_wconf 86' lang='lat' dir='ltr'>peccatum:</span> <span class='ocrx_word' id='word_1_208' title='bbox 1081 2499 1241 2560; x_wconf 89' lang='lat' dir='ltr'>esset</span> <span class='ocrx_word' id='word_1_209' title='bbox 1265 2500 1474 2560; x_wconf 91' lang='lat' dir='ltr'>tamen</span> <span class='ocrx_word' id='word_1_210' title='bbox 1498 2496 1732 2560; x_wconf 86' lang='lat' dir='ltr'>invitus</span> <span class='ocrx_word' id='word_1_211' title='bbox 1757 2496 2038 2577; x_wconf 89' lang='lat' dir='ltr'>respectu</span> <span class='ocrx_word' id='word_1_212' title='bbox 2067 2494 2330 2559; x_wconf 90' lang='lat' dir='ltr'>latronis</span> <span class='ocrx_word' id='word_1_213' title='bbox 2362 2519 2422 2557; x_wconf 83' lang='lat'>».</span> <span class='ocrx_word' id='word_1_214' title='bbox 2457 2493 2640 2577; x_wconf 87' lang='lat' dir='ltr'>Apud</span> <span class='ocrx_word' id='word_1_215' title='bbox 2665 2495 2866 2559; x_wconf 85' lang='lat' dir='ltr'>Diana</span> <span class='ocrx_word' id='word_1_216' title='bbox 2901 2496 3055 2561; x_wconf 94' lang='lat' dir='ltr'>tom.</span> <span class='ocrx_word' id='word_1_217' title='bbox 3101 2499 3155 2560; x_wconf 91' lang='lat'>7.</span> 
     </span>
     <span class='ocr_line' id='line_1_23' title="bbox 694 2600 1526 2665; baseline -0.004 -1"><span class='ocrx_word' id='word_1_218' title='bbox 694 2602 881 2665; x_wconf 88' lang='lat' dir='ltr'>tract.</span> <span class='ocrx_word' id='word_1_219' title='bbox 918 2603 976 2663; x_wconf 82' lang='lat'>5.</span> <span class='ocrx_word' id='word_1_220' title='bbox 1012 2600 1191 2664; x_wconf 90' lang='lat' dir='ltr'>resol.</span> <span class='ocrx_word' id='word_1_221' title='bbox 1227 2600 1333 2662; x_wconf 83' lang='lat'>36.</span> <span class='ocrx_word' id='word_1_222' title='bbox 1373 2619 1430 2661; x_wconf 91' lang='lat' dir='ltr'>n.</span> <span class='ocrx_word' id='word_1_223' title='bbox 1467 2601 1526 2661; x_wconf 86' lang='lat'>2.</span> 
     </span>
    </p>

    <p class='ocr_par' dir='ltr' id='par_1_6' title="bbox 692 2699 3155 3590">
     <span class='ocr_line' id='line_1_24' title="bbox 787 2699 3155 2783; baseline 0.001 -19"><span class='ocrx_word' id='word_1_224' title='bbox 787 2703 866 2765; x_wconf 88' lang='lat' dir='ltr'>Et</span> <span class='ocrx_word' id='word_1_225' title='bbox 904 2703 1181 2783; x_wconf 80' lang='lat' dir='ltr'>Vasquez</span> <span class='ocrx_word' id='word_1_226' title='bbox 1216 2719 1422 2783; x_wconf 87' lang='lat' dir='ltr'>opusc.</span> <span class='ocrx_word' id='word_1_227' title='bbox 1458 2699 1532 2762; x_wconf 83' lang='lat' dir='ltr'>de</span> <span class='ocrx_word' id='word_1_228' title='bbox 1573 2699 1800 2763; x_wconf 79' lang='lat' dir='ltr'>Scand.</span> <span class='ocrx_word' id='word_1_229' title='bbox 1837 2699 2011 2764; x_wconf 87' lang='lat' dir='ltr'>artic.</span> <span class='ocrx_word' id='word_1_230' title='bbox 2052 2701 2107 2763; x_wconf 95' lang='grc'>1.</span> <span class='ocrx_word' id='word_1_231' title='bbox 2142 2700 2286 2764; x_wconf 91' lang='lat' dir='ltr'>dub.</span> <span class='ocrx_word' id='word_1_232' title='bbox 2322 2701 2382 2762; x_wconf 84' lang='lat'>2.</span> <span class='ocrx_word' id='word_1_233' title='bbox 2417 2720 2476 2763; x_wconf 93' lang='lat' dir='ltr'>n.</span> <span class='ocrx_word' id='word_1_234' title='bbox 2518 2701 2641 2763; x_wconf 85' lang='lat'>14.:</span> <span class='ocrx_word' id='word_1_235' title='bbox 2684 2727 2718 2758; x_wconf 88' lang='lat'>«</span> <span class='ocrx_word' id='word_1_236' title='bbox 2750 2701 2909 2765; x_wconf 88' lang='lat' dir='ltr'>Mihi</span> <span class='ocrx_word' id='word_1_237' title='bbox 2949 2704 3155 2768; x_wconf 90' lang='lat' dir='ltr'>tamen</span> 
     </span>
     <span class='ocr_line' id='line_1_25' title="bbox 697 2801 3154 2889; baseline 0 -19"><span class='ocrx_word' id='word_1_238' title='bbox 697 2807 962 2882; x_wconf 75' lang='lat' dir='ltr'>videtur,</span> <span class='ocrx_word' id='word_1_239' title='bbox 1013 2803 1224 2867; x_wconf 90' lang='lat' dir='ltr'>eodem</span> <span class='ocrx_word' id='word_1_240' title='bbox 1270 2802 1453 2867; x_wconf 92' lang='lat' dir='ltr'>modo</span> <span class='ocrx_word' id='word_1_241' title='bbox 1513 2803 1758 2868; x_wconf 90' lang='lat' dir='ltr'>licitum</span> <span class='ocrx_word' id='word_1_242' title='bbox 1805 2822 1934 2867; x_wconf 89' lang='lat' dir='ltr'>esse</span> <span class='ocrx_word' id='word_1_243' title='bbox 1983 2801 2239 2867; x_wconf 90' lang='lat' dir='ltr'>suadere</span> <span class='ocrx_word' id='word_1_244' title='bbox 2301 2803 2508 2865; x_wconf 90' lang='lat' dir='ltr'>minus</span> <span class='ocrx_word' id='word_1_245' title='bbox 2571 2802 2812 2867; x_wconf 85' lang='lat' dir='ltr'>furtum</span> <span class='ocrx_word' id='word_1_246' title='bbox 2875 2809 3154 2889; x_wconf 85' lang='lat' dir='ltr'>respectu</span> 
     </span>
     <span class='ocr_line' id='line_1_26' title="bbox 697 2904 3154 2990; baseline -0 -16"><span class='ocrx_word' id='word_1_247' title='bbox 697 2909 974 2974; x_wconf 77' lang='lat' dir='ltr'>diversae</span> <span class='ocrx_word' id='word_1_248' title='bbox 1004 2925 1317 2990; x_wconf 88' lang='lat' dir='ltr'>personae,</span> <span class='ocrx_word' id='word_1_249' title='bbox 1357 2905 1520 2970; x_wconf 91' lang='lat' dir='ltr'>sicut</span> <span class='ocrx_word' id='word_1_250' title='bbox 1551 2909 1833 2989; x_wconf 86' lang='lat' dir='ltr'>respectu</span> <span class='ocrx_word' id='word_1_251' title='bbox 1864 2906 2155 2982; x_wconf 88' lang='lat' dir='ltr'>eiusdem,</span> <span class='ocrx_word' id='word_1_252' title='bbox 2196 2904 2442 2986; x_wconf 89' lang='lat' dir='ltr'>quando</span> <span class='ocrx_word' id='word_1_253' title='bbox 2492 2904 2663 2968; x_wconf 88' lang='lat' dir='ltr'>aliud</span> <span class='ocrx_word' id='word_1_254' title='bbox 2707 2926 2830 2970; x_wconf 90' lang='lat' dir='ltr'>non</span> <span class='ocrx_word' id='word_1_255' title='bbox 2877 2910 3154 2990; x_wconf 86' lang='lat' dir='ltr'>superest</span> 
     </span>
     <span class='ocr_line' id='line_1_27' title="bbox 699 3008 3152 3089; baseline -0.001 -13"><span class='ocrx_word' id='word_1_256' title='bbox 699 3012 1038 3077; x_wconf 86' lang='lat' dir='ltr'>remedium</span> <span class='ocrx_word' id='word_1_257' title='bbox 1070 3012 1132 3074; x_wconf 91' lang='lat' dir='ltr'>et</span> <span class='ocrx_word' id='word_1_258' title='bbox 1162 3011 1226 3074; x_wconf 92' lang='lat' dir='ltr'>in</span> <span class='ocrx_word' id='word_1_259' title='bbox 1258 3010 1375 3074; x_wconf 89' lang='lat' dir='ltr'>hoc</span> <span class='ocrx_word' id='word_1_260' title='bbox 1405 3009 1644 3073; x_wconf 88' lang='lat' dir='ltr'>nullam</span> <span class='ocrx_word' id='word_1_261' title='bbox 1674 3009 1810 3073; x_wconf 90' lang='lat' dir='ltr'>fieri</span> <span class='ocrx_word' id='word_1_262' title='bbox 1840 3008 2218 3072; x_wconf 85' lang='lat' dir='ltr'>iniustitiam</span> <span class='ocrx_word' id='word_1_263' title='bbox 2251 3009 2324 3084; x_wconf 89' lang='lat' dir='ltr'>ei,</span> <span class='ocrx_word' id='word_1_264' title='bbox 2367 3027 2403 3071; x_wconf 89' lang='lat' dir='ltr'>a</span> <span class='ocrx_word' id='word_1_265' title='bbox 2435 3026 2558 3089; x_wconf 93' lang='lat' dir='ltr'>quo</span> <span class='ocrx_word' id='word_1_266' title='bbox 2592 3008 2755 3072; x_wconf 87' lang='lat' dir='ltr'>latro</span> <span class='ocrx_word' id='word_1_267' title='bbox 2791 3009 3059 3086; x_wconf 86' lang='lat' dir='ltr'>furatur,</span> <span class='ocrx_word' id='word_1_268' title='bbox 3092 3010 3152 3074; x_wconf 88' lang='lat' dir='ltr'>id</span> 
     </span>
     <span class='ocr_line' id='line_1_28' title="bbox 697 3108 3155 3197; baseline -0.001 -18"><span class='ocrx_word' id='word_1_269' title='bbox 697 3115 861 3197; x_wconf 91' lang='lat' dir='ltr'>quod</span> <span class='ocrx_word' id='word_1_270' title='bbox 892 3115 1097 3177; x_wconf 89' lang='lat' dir='ltr'>minus</span> <span class='ocrx_word' id='word_1_271' title='bbox 1130 3114 1241 3177; x_wconf 92' lang='lat' dir='ltr'>est.</span> <span class='ocrx_word' id='word_1_272' title='bbox 1276 3113 1466 3176; x_wconf 87' lang='lat' dir='ltr'>Ratio</span> <span class='ocrx_word' id='word_1_273' title='bbox 1499 3130 1642 3176; x_wconf 86' lang='lat' dir='ltr'>vero</span> <span class='ocrx_word' id='word_1_274' title='bbox 1675 3114 1789 3187; x_wconf 92' lang='lat' dir='ltr'>est,</span> <span class='ocrx_word' id='word_1_275' title='bbox 1825 3111 1972 3192; x_wconf 90' lang='lat' dir='ltr'>quia</span> <span class='ocrx_word' id='word_1_276' title='bbox 2019 3111 2134 3174; x_wconf 85' lang='lat' dir='ltr'>hoc</span> <span class='ocrx_word' id='word_1_277' title='bbox 2179 3129 2374 3192; x_wconf 84' lang='lat' dir='ltr'>genus</span> <span class='ocrx_word' id='word_1_278' title='bbox 2407 3108 2649 3174; x_wconf 89' lang='lat' dir='ltr'>consilii</span> <span class='ocrx_word' id='word_1_279' title='bbox 2695 3129 2765 3174; x_wconf 92' lang='lat' dir='ltr'>eo</span> <span class='ocrx_word' id='word_1_280' title='bbox 2797 3110 3003 3175; x_wconf 89' lang='lat' dir='ltr'>tendit</span> <span class='ocrx_word' id='word_1_281' title='bbox 3039 3112 3155 3177; x_wconf 84' lang='lat' dir='ltr'>for-</span> 
     </span>
     <span class='ocr_line' id='line_1_29' title="bbox 696 3211 3150 3295; baseline -0 -14"><span class='ocrx_word' id='word_1_282' title='bbox 696 3219 963 3293; x_wconf 85' lang='lat' dir='ltr'>maliter,</span> <span class='ocrx_word' id='word_1_283' title='bbox 990 3237 1064 3280; x_wconf 93' lang='lat' dir='ltr'>ne</span> <span class='ocrx_word' id='word_1_284' title='bbox 1095 3216 1529 3281; x_wconf 88' lang='lat' dir='ltr'>committatur</span> <span class='ocrx_word' id='word_1_285' title='bbox 1550 3215 1755 3277; x_wconf 89' lang='lat' dir='ltr'>maius</span> <span class='ocrx_word' id='word_1_286' title='bbox 1787 3216 2141 3294; x_wconf 87' lang='lat' dir='ltr'>peccatum:</span> <span class='ocrx_word' id='word_1_287' title='bbox 2177 3231 2247 3275; x_wconf 83' lang='lat' dir='ltr'>ex</span> <span class='ocrx_word' id='word_1_288' title='bbox 2279 3230 2402 3293; x_wconf 88' lang='lat' dir='ltr'>quo</span> <span class='ocrx_word' id='word_1_289' title='bbox 2434 3211 2527 3288; x_wconf 89' lang='lat' dir='ltr'>fit,</span> <span class='ocrx_word' id='word_1_290' title='bbox 2556 3214 2627 3276; x_wconf 93' lang='lat' dir='ltr'>ut</span> <span class='ocrx_word' id='word_1_291' title='bbox 2659 3212 2731 3288; x_wconf 88' lang='lat' dir='ltr'>is,</span> <span class='ocrx_word' id='word_1_292' title='bbox 2760 3231 2796 3275; x_wconf 89' lang='lat' dir='ltr'>a</span> <span class='ocrx_word' id='word_1_293' title='bbox 2831 3233 2955 3295; x_wconf 91' lang='lat' dir='ltr'>quo</span> <span class='ocrx_word' id='word_1_294' title='bbox 2991 3216 3150 3280; x_wconf 85' lang='lat' dir='ltr'>latro</span> 
     </span>
     <span class='ocr_line' id='line_1_30' title="bbox 692 3314 3148 3400; baseline 0 -17"><span class='ocrx_word' id='word_1_295' title='bbox 692 3321 941 3385; x_wconf 86' lang='lat' dir='ltr'>furatur</span> <span class='ocrx_word' id='word_1_296' title='bbox 971 3319 1126 3383; x_wconf 88' lang='lat' dir='ltr'>illud</span> <span class='ocrx_word' id='word_1_297' title='bbox 1157 3319 1323 3400; x_wconf 87' lang='lat' dir='ltr'>quod</span> <span class='ocrx_word' id='word_1_298' title='bbox 1368 3317 1574 3381; x_wconf 89' lang='lat' dir='ltr'>minus</span> <span class='ocrx_word' id='word_1_299' title='bbox 1621 3317 1733 3391; x_wconf 90' lang='lat' dir='ltr'>est,</span> <span class='ocrx_word' id='word_1_300' title='bbox 1775 3334 1896 3379; x_wconf 89' lang='lat' dir='ltr'>non</span> <span class='ocrx_word' id='word_1_301' title='bbox 1929 3315 2014 3378; x_wconf 90' lang='lat' dir='ltr'>sit</span> <span class='ocrx_word' id='word_1_302' title='bbox 2042 3314 2497 3378; x_wconf 87' lang='lat' dir='ltr'>rationabiliter</span> <span class='ocrx_word' id='word_1_303' title='bbox 2529 3315 2761 3378; x_wconf 82' lang='lat' dir='ltr'>invitus</span> <span class='ocrx_word' id='word_1_304' title='bbox 2794 3314 2869 3379; x_wconf 89' lang='lat' dir='ltr'>de</span> <span class='ocrx_word' id='word_1_305' title='bbox 2917 3336 3010 3392; x_wconf 90' lang='lat' dir='ltr'>eo,</span> <span class='ocrx_word' id='word_1_306' title='bbox 3045 3318 3148 3400; x_wconf 92' lang='lat' dir='ltr'>qui</span> 
     </span>
     <span class='ocr_line' id='line_1_31' title="bbox 702 3417 3151 3504; baseline -0.001 -17"><span class='ocrx_word' id='word_1_307' title='bbox 702 3422 1027 3487; x_wconf 86' lang='lat' dir='ltr'>consilium</span> <span class='ocrx_word' id='word_1_308' title='bbox 1057 3420 1368 3504; x_wconf 74' lang='lat' dir='ltr'>praebuit3</span> <span class='ocrx_word' id='word_1_309' title='bbox 1405 3417 1708 3500; x_wconf 86' lang='lat' dir='ltr'>siquidem</span> <span class='ocrx_word' id='word_1_310' title='bbox 1740 3418 1805 3480; x_wconf 91' lang='lat' dir='ltr'>in</span> <span class='ocrx_word' id='word_1_311' title='bbox 1837 3435 2024 3481; x_wconf 88' lang='lat' dir='ltr'>causa</span> <span class='ocrx_word' id='word_1_312' title='bbox 2063 3417 2202 3494; x_wconf 88' lang='lat' dir='ltr'>fuit,</span> <span class='ocrx_word' id='word_1_313' title='bbox 2237 3418 2311 3480; x_wconf 91' lang='lat' dir='ltr'>ut</span> <span class='ocrx_word' id='word_1_314' title='bbox 2342 3417 2547 3481; x_wconf 86' lang='lat' dir='ltr'>minus</span> <span class='ocrx_word' id='word_1_315' title='bbox 2595 3418 2833 3481; x_wconf 90' lang='lat' dir='ltr'>malum</span> <span class='ocrx_word' id='word_1_316' title='bbox 2871 3421 3151 3484; x_wconf 84' lang='lat' dir='ltr'>commit—</span> 
     </span>
     <span class='ocr_line' id='line_1_32' title="bbox 694 3528 1019 3590; baseline -0.006 0"><span class='ocrx_word' id='word_1_317' title='bbox 694 3528 929 3590; x_wconf 88' lang='lat' dir='ltr'>teretur</span> <span class='ocrx_word' id='word_1_318' title='bbox 959 3550 1019 3588; x_wconf 83' lang='lat'>».</span> 
     </span>
    </p>

    <p class='ocr_par' dir='ltr' id='par_1_7' title="bbox 695 3622 3150 4117">
     <span class='ocr_line' id='line_1_33' title="bbox 783 3622 3148 3708; baseline -0.001 -16"><span class='ocrx_word' id='word_1_319' title='bbox 783 3629 865 3692; x_wconf 88' lang='lat' dir='ltr'>Et</span> <span class='ocrx_word' id='word_1_320' title='bbox 896 3648 1041 3692; x_wconf 87' lang='lat' dir='ltr'>sane</span> <span class='ocrx_word' id='word_1_321' title='bbox 1074 3629 1127 3691; x_wconf 86' lang='lat' dir='ltr'>si</span> <span class='ocrx_word' id='word_1_322' title='bbox 1159 3627 1387 3691; x_wconf 83' lang='lat' dir='ltr'>caritas</span> <span class='ocrx_word' id='word_1_323' title='bbox 1418 3624 1701 3708; x_wconf 90' lang='lat' dir='ltr'>postulat</span> <span class='ocrx_word' id='word_1_324' title='bbox 1736 3624 1803 3685; x_wconf 87' lang='lat'>1⁰</span> <span class='ocrx_word' id='word_1_325' title='bbox 1834 3624 1909 3686; x_wconf 91' lang='lat' dir='ltr'>ut</span> <span class='ocrx_word' id='word_1_326' title='bbox 1937 3623 2144 3686; x_wconf 89' lang='lat' dir='ltr'>minus</span> <span class='ocrx_word' id='word_1_327' title='bbox 2176 3623 2498 3704; x_wconf 87' lang='lat' dir='ltr'>peccatum</span> <span class='ocrx_word' id='word_1_328' title='bbox 2526 3622 2839 3700; x_wconf 87' lang='lat' dir='ltr'>suadeam,</span> <span class='ocrx_word' id='word_1_329' title='bbox 2875 3626 3148 3708; x_wconf 87' lang='lat' dir='ltr'>profecto</span> 
     </span>
     <span class='ocr_line' id='line_1_34' title="bbox 695 3721 3150 3810; baseline -0 -17"><span class='ocrx_word' id='word_1_330' title='bbox 695 3730 971 3793; x_wconf 90' lang='lat' dir='ltr'>debitum</span> <span class='ocrx_word' id='word_1_331' title='bbox 1011 3730 1291 3793; x_wconf 88' lang='lat' dir='ltr'>caritatis</span> <span class='ocrx_word' id='word_1_332' title='bbox 1324 3747 1444 3792; x_wconf 92' lang='lat' dir='ltr'>non</span> <span class='ocrx_word' id='word_1_333' title='bbox 1491 3728 1698 3810; x_wconf 89' lang='lat' dir='ltr'>potest</span> <span class='ocrx_word' id='word_1_334' title='bbox 1734 3745 2011 3810; x_wconf 87' lang='lat' dir='ltr'>pugnare</span> <span class='ocrx_word' id='word_1_335' title='bbox 2048 3744 2190 3789; x_wconf 88' lang='lat' dir='ltr'>cum</span> <span class='ocrx_word' id='word_1_336' title='bbox 2222 3724 2486 3788; x_wconf 87' lang='lat' dir='ltr'>iustitia.</span> <span class='ocrx_word' id='word_1_337' title='bbox 2522 3722 2592 3787; x_wconf 83' lang='lat'>2⁰</span> <span class='ocrx_word' id='word_1_338' title='bbox 2623 3721 2869 3790; x_wconf 86' lang='lat' dir='ltr'>Caritas</span> <span class='ocrx_word' id='word_1_339' title='bbox 2908 3727 2972 3790; x_wconf 91' lang='lat' dir='ltr'>in</span> <span class='ocrx_word' id='word_1_340' title='bbox 3006 3747 3150 3792; x_wconf 87' lang='lat' dir='ltr'>casu</span> 
     </span>
     <span class='ocr_line' id='line_1_35' title="bbox 704 3824 3150 3914; baseline -0 -19"><span class='ocrx_word' id='word_1_341' title='bbox 704 3851 893 3912; x_wconf 86' lang='lat' dir='ltr'>aeque</span> <span class='ocrx_word' id='word_1_342' title='bbox 941 3832 1238 3914; x_wconf 88' lang='lat' dir='ltr'>postulat,</span> <span class='ocrx_word' id='word_1_343' title='bbox 1289 3833 1361 3895; x_wconf 93' lang='lat' dir='ltr'>ut</span> <span class='ocrx_word' id='word_1_344' title='bbox 1403 3829 1738 3912; x_wconf 89' lang='lat' dir='ltr'>impediam</span> <span class='ocrx_word' id='word_1_345' title='bbox 1785 3827 2040 3912; x_wconf 82' lang='lat' dir='ltr'>gravius</span> <span class='ocrx_word' id='word_1_346' title='bbox 2089 3826 2346 3890; x_wconf 89' lang='lat' dir='ltr'>alterius</span> <span class='ocrx_word' id='word_1_347' title='bbox 2392 3826 2707 3890; x_wconf 90' lang='lat' dir='ltr'>damnum.</span> <span class='ocrx_word' id='word_1_348' title='bbox 2749 3824 2909 3891; x_wconf 88' lang='lat' dir='ltr'>Cum</span> <span class='ocrx_word' id='word_1_349' title='bbox 2955 3829 3150 3913; x_wconf 87' lang='lat' dir='ltr'>igitur</span> 
     </span>
     <span class='ocr_line' id='line_1_36' title="bbox 705 3927 3147 4017; baseline -0 -20"><span class='ocrx_word' id='word_1_350' title='bbox 705 3934 1068 3997; x_wconf 88' lang='lat' dir='ltr'>alterutrius</span> <span class='ocrx_word' id='word_1_351' title='bbox 1101 3934 1199 4014; x_wconf 82' lang='lat' dir='ltr'>(ex</span> <span class='ocrx_word' id='word_1_352' title='bbox 1232 3932 1588 4017; x_wconf 84' lang='lat' dir='ltr'>hypothesi)</span> <span class='ocrx_word' id='word_1_353' title='bbox 1609 3931 1906 3995; x_wconf 89' lang='lat' dir='ltr'>damnum</span> <span class='ocrx_word' id='word_1_354' title='bbox 1938 3929 2113 4011; x_wconf 89' lang='lat' dir='ltr'>sequi</span> <span class='ocrx_word' id='word_1_355' title='bbox 2143 3927 2381 4005; x_wconf 88' lang='lat' dir='ltr'>debeat,</span> <span class='ocrx_word' id='word_1_356' title='bbox 2416 3928 2633 4012; x_wconf 86' lang='lat' dir='ltr'>regula</span> <span class='ocrx_word' id='word_1_357' title='bbox 2663 3930 2968 4009; x_wconf 84' lang='lat' dir='ltr'>caritatis,</span> <span class='ocrx_word' id='word_1_358' title='bbox 2995 3951 3147 4013; x_wconf 89' lang='lat' dir='ltr'>quae</span> 
     </span>
     <span class='ocr_line' id='line_1_37' title="bbox 695 4032 1731 4117; baseline -0.002 -19"><span class='ocrx_word' id='word_1_359' title='bbox 695 4037 947 4117; x_wconf 85' lang='lat' dir='ltr'>utrique</span> <span class='ocrx_word' id='word_1_360' title='bbox 979 4034 1255 4111; x_wconf 83' lang='lat' dir='ltr'>debetur,</span> <span class='ocrx_word' id='word_1_361' title='bbox 1290 4032 1587 4098; x_wconf 86' lang='lat' dir='ltr'>servanda</span> <span class='ocrx_word' id='word_1_362' title='bbox 1620 4035 1731 4097; x_wconf 92' lang='lat' dir='ltr'>est.</span> 
     </span>
    </p>

    <p class='ocr_par' dir='ltr' id='par_1_8' title="bbox 688 4134 3149 4423">
     <span class='ocr_line' id='line_1_38' title="bbox 786 4134 3149 4220; baseline -0 -21"><span class='ocrx_word' id='word_1_363' title='bbox 786 4139 992 4202; x_wconf 90' lang='lat' dir='ltr'>Multo</span> <span class='ocrx_word' id='word_1_364' title='bbox 1027 4157 1170 4203; x_wconf 85' lang='lat' dir='ltr'>vero</span> <span class='ocrx_word' id='word_1_365' title='bbox 1209 4136 1412 4220; x_wconf 85' lang='lat' dir='ltr'>magis</span> <span class='ocrx_word' id='word_1_366' title='bbox 1458 4136 1520 4199; x_wconf 94' lang='lat' dir='ltr'>id</span> <span class='ocrx_word' id='word_1_367' title='bbox 1567 4136 1813 4199; x_wconf 88' lang='lat' dir='ltr'>videtur</span> <span class='ocrx_word' id='word_1_368' title='bbox 1858 4154 2092 4213; x_wconf 83' lang='lat' dir='ltr'>verum,</span> <span class='ocrx_word' id='word_1_369' title='bbox 2126 4134 2372 4217; x_wconf 91' lang='lat' dir='ltr'>quando</span> <span class='ocrx_word' id='word_1_370' title='bbox 2421 4134 2717 4197; x_wconf 85' lang='lat' dir='ltr'>damnum</span> <span class='ocrx_word' id='word_1_371' title='bbox 2762 4135 2933 4200; x_wconf 89' lang='lat' dir='ltr'>ultro</span> <span class='ocrx_word' id='word_1_372' title='bbox 2965 4135 3149 4200; x_wconf 89' lang='lat' dir='ltr'>susci-</span> 
     </span>
     <span class='ocr_line' id='line_1_39' title="bbox 701 4236 3145 4322; baseline -0 -20"><span class='ocrx_word' id='word_1_373' title='bbox 701 4239 870 4322; x_wconf 87' lang='lat' dir='ltr'>pitur</span> <span class='ocrx_word' id='word_1_374' title='bbox 903 4242 978 4302; x_wconf 87' lang='lat' dir='ltr'>ab</span> <span class='ocrx_word' id='word_1_375' title='bbox 1011 4259 1103 4313; x_wconf 90' lang='lat' dir='ltr'>eo,</span> <span class='ocrx_word' id='word_1_376' title='bbox 1138 4238 1246 4322; x_wconf 91' lang='lat' dir='ltr'>qui</span> <span class='ocrx_word' id='word_1_377' title='bbox 1275 4238 1433 4302; x_wconf 90' lang='lat' dir='ltr'>illud</span> <span class='ocrx_word' id='word_1_378' title='bbox 1465 4237 1722 4321; x_wconf 87' lang='lat' dir='ltr'>patitur.</span> <span class='ocrx_word' id='word_1_379' title='bbox 1757 4237 1920 4301; x_wconf 86' lang='lat' dir='ltr'>Nam</span> <span class='ocrx_word' id='word_1_380' title='bbox 1967 4238 2019 4302; x_wconf 89' lang='lat' dir='ltr'>si</span> <span class='ocrx_word' id='word_1_381' title='bbox 2068 4238 2300 4303; x_wconf 84' lang='lat' dir='ltr'>volenti</span> <span class='ocrx_word' id='word_1_382' title='bbox 2347 4236 2735 4300; x_wconf 89' lang='lat' dir='ltr'>committere</span> <span class='ocrx_word' id='word_1_383' title='bbox 2773 4236 3145 4301; x_wconf 87' lang='lat' dir='ltr'>adulterium</span> 
     </span>
     <span class='ocr_line' id='line_1_40' title="bbox 688 4338 3142 4423; baseline -0.001 -19"><span class='ocrx_word' id='word_1_384' title='bbox 688 4340 949 4404; x_wconf 86' lang='lat' dir='ltr'>suadeas</span> <span class='ocrx_word' id='word_1_385' title='bbox 981 4343 1190 4423; x_wconf 90' lang='lat' dir='ltr'>potius</span> <span class='ocrx_word' id='word_1_386' title='bbox 1221 4341 1709 4416; x_wconf 86' lang='lat' dir='ltr'>fornicationem,</span> <span class='ocrx_word' id='word_1_387' title='bbox 1743 4339 2018 4421; x_wconf 87' lang='lat' dir='ltr'>profecto</span> <span class='ocrx_word' id='word_1_388' title='bbox 2067 4338 2392 4404; x_wconf 84' lang='lat' dir='ltr'>fornicatio</span> <span class='ocrx_word' id='word_1_389' title='bbox 2426 4356 2548 4402; x_wconf 92' lang='lat' dir='ltr'>non</span> <span class='ocrx_word' id='word_1_390' title='bbox 2579 4338 2999 4403; x_wconf 90' lang='lat' dir='ltr'>committitur</span> <span class='ocrx_word' id='word_1_391' title='bbox 3028 4338 3142 4402; x_wconf 88' lang='lat' dir='ltr'>nisi</span> 
     </span>
    </p>
   </div>
   <div class='ocr_carea' id='block_1_5' title="bbox 688 4444 3136 4627">
    <p class='ocr_par' dir='ltr' id='par_1_9' title="bbox 688 4444 3136 4627">
     <span class='ocr_line' id='line_1_41' title="bbox 688 4444 1192 4507; baseline 0.004 -2"><span class='ocrx_word' id='word_1_392' title='bbox 688 4459 726 4505; x_wconf 88' lang='lat' dir='ltr'>a</span> <span class='ocrx_word' id='word_1_393' title='bbox 757 4444 1192 4507; x_wconf 87' lang='lat' dir='ltr'>consentiente.</span> 
     </span>
     <span class='ocr_line' id='line_1_42' title="bbox 777 4543 3136 4627; baseline -0 -20"><span class='ocrx_word' id='word_1_394' title='bbox 777 4544 1102 4609; x_wconf 89' lang='lat' dir='ltr'>Praeterea</span> <span class='ocrx_word' id='word_1_395' title='bbox 1125 4565 1266 4610; x_wconf 88' lang='lat' dir='ltr'>cum</span> <span class='ocrx_word' id='word_1_396' title='bbox 1300 4545 1532 4618; x_wconf 89' lang='lat' dir='ltr'>dicunt,</span> <span class='ocrx_word' id='word_1_397' title='bbox 1560 4543 1740 4607; x_wconf 82' lang='lat' dir='ltr'>licere</span> <span class='ocrx_word' id='word_1_398' title='bbox 1764 4545 2108 4627; x_wconf 81' lang='lat' dir='ltr'>generatim</span> <span class='ocrx_word' id='word_1_399' title='bbox 2132 4544 2432 4608; x_wconf 82' lang='lat' dir='ltr'>divertere</span> <span class='ocrx_word' id='word_1_400' title='bbox 2454 4543 2860 4608; x_wconf 82' lang='lat' dir='ltr'>intentionem</span> <span class='ocrx_word' id='word_1_401' title='bbox 2886 4543 3136 4608; x_wconf 89' lang='lat' dir='ltr'>alterius</span> 
     </span>
    </p>
   </div>
  </div>
 </body>
</html>
