3497 5147
681 350 791 407 806
968 365 1178 405 rnac‘r.
1206 364 1288 405 Vl.
1313 362 1475 405 61161.
1501 363 1609 404 vu.
1634 362 1722 403 11111
1744 361 1982 405 octavo
2006 362 2222 405 Pam.
2250 362 2579 406 nmnnoon
2606 365 2749 407 111111.
2775 365 2843 405 11.
2961 348 3140 425 [1086]

683 484 835 530 num
880 464 1047 548 fugit
1095 483 1165 527 ac
1210 463 1645 527 difficillimum
1718 461 1803 526 sit
1868 482 1992 527 non
2037 480 2179 526 raro
2227 462 2360 527 61116
2406 462 2676 527 indolem
2723 463 2912 546 probe
2970 480 3144 528 nosse

683 566 803 649 ipsi
850 566 1079 650 agenti,
1128 565 1285 631 satis
1333 584 1463 629 esse
1509 565 1709 641 debet,
1744 565 1798 629 si
1828 565 1901 629 de
1932 565 2048 629 1166
2093 563 2434 629 11111166111116
2467 564 2642 629 iuxta
2671 565 2923 650 regulas
2959 584 3148 649 gene—

682 669 842 733 rales
891 670 1052 733 circa
1087 671 1263 733 actus
1295 669 1622 733 humanos

863 770 934 833 40
978 770 1271 851 Denique
1317 775 1653 833 excusatur
1700 787 1736 832 a
1769 767 2067 833 servando
2115 771 2369 845 secreto,
2404 770 2459 833 si
2488 770 2656 834 iusta
2704 770 2957 835 accedat
2986 789 3147 834 reve-

682 872 936 937 lationis
968 892 1176 948 causa,
1232 892 1451 956 nempe
1501 872 1555 936 si
1601 890 1846 936 servare
1901 873 2207 935 secretum
2243 872 2515 936 verteret
2543 871 2609 935 in
2646 870 2944 935 damnum
2989 890 3150 937 com-

679 994 884 1053 mune,
924 975 1022 1038 vel
1053 975 1314 1040 alterius
1339 974 1707 1047 innocentie,
1742 973 1844 1037 vel
1876 972 2069 1037 etiam
2107 973 2303 1055 ipsius
2336 974 2787 1039 committentis
2821 974 3140 1038 autetiam

678 1078 850 1141 illius
883 1097 1072 1160 grave
1110 1077 1425 1154 damnum,
1462 1077 1565 1140 cui
1612 1076 2015 1141 commissum
2050 1066 2146 1139 est
2176 1077 2502 1140 secretum.

771 1176 981 1249 1086.
1016 1179 1253 1243 Verum
1284 1180 1445 1242 hanc
1478 1181 1858 1262 postremam
1903 1178 2185 1262 regulam
2221 1178 2427 1242 minus
2458 1179 2622 1243 clare
2653 1179 2946 1262 proponit
2976 1197 3026 1243 s.
3051 1178 3150 1241 Al·

679 1282 956 1366 phonsus
1004 1282 1349 1365 generatim
1396 1281 1621 1357 dicens,
1672 1281 1854 1345 licere
1886 1280 2097 1357 etiam,
2133 1279 2379 1361 quando
2427 1279 2722 1344 damnum
2754 1280 3041 1345 imminet
3070 1280 3151 1345 111·

677 1383 957 1448 nocenti:
1010 1385 1078 1447 at
1123 1384 1467 1466 periculum
1515 1401 1816 1467 magnum
1863 1385 1958 1446 est
2003 1382 2530 1447 hallucinationis.
2567 1383 2668 1447 Ita
2714 1383 2766 1447 si
2813 1401 3150 1467 proponam

679 1488 842 1551 hunc
886 1505 1137 1550 casum:
1189 1486 1394 1550 Titius
1442 1486 1683 1550 ratione
1729 1484 1976 1567 petendi
2022 1484 2266 1549 consilii
2305 1484 2420 1548 sub
2453 1488 2689 1549 secreto
2736 1485 2976 1549 revelat
3004 1484 3149 1549 Caio

681 1608 745 1654 se
793 1588 1085 1653 occidisse
1132 1587 1598 1671 Sempronium3
1634 1586 1825 1651 Caius
1873 1587 2124 1651 interim
2174 1586 2361 1660 videt,
2389 1587 2621 1651 lulium
2655 1589 2856 1651 morte
2892 1587 3146 1651 damna·

681 1697 820 1758 tum
868 1693 1046 1775 quasi
1082 1712 1257 1756 reum
1290 1692 1461 1756 iUius
1504 1691 1835 1756 homicidii.
1871 1691 2164 1754 Potestne
2199 1693 2311 1755 aut
2342 1690 2523 1754 debet
2549 1691 2823 1755 revelare
2853 1693 3152 1756 secretum

682 1798 755 1860 ut
803 1796 1192 1860 innocentem
1241 1795 1473 1858 Iulium
1519 1794 1788 1858 liberet?
1835 1792 1926 1855 Ex
1971 1792 2252 1856 doctrina
2301 1810 2348 1855 s.
2399 1792 2702 1874 Alphonsi
2762 1792 3152 1875 responderes

685 1899 1081 1962 affirmative.
1116 1898 1198 1961 Et
1228 1900 1440 1961 tamen
1486 1896 1736 1962 falsum.
1767 1895 1828 1959 id
1877 1896 1990 1959 est.

778 1999 1005 2063 Melius
1039 2017 1186 2083 ergo
1236 2000 1324 2062 616
1369 1999 1546 2062 illam
1594 1998 2010 2062 conditionem
2043 1996 2334 2079 proponit
2365 1996 2544 2081 Lugo
2576 1996 2732 2080 disp.
2772 1998 2874 2060 14.
2907 2017 2969 2061 n.
3009 1999 3150 2061 142.

686 2101 1034 2182 Postquam
1079 2101 1245 2164 enim
1291 2100 1466 2176 dixit,
1502 2100 1846 2183 generatim
1894 2100 1956 2164 te
2003 2100 2098 2163 uti
2146 2118 2266 2164 non
2316 2117 2495 2182 posse
2526 2101 2761 2164 secreto
2807 2100 3156 2177 commisso,

686 2203 884 2268 veluti
934 2203 988 2267 si
1024 2221 1155 2266 rem
1204 2221 1325 2267 non
1373 2203 1579 2279 661166,
1639 2201 1877 2265 subdit:
1925 2225 1961 2259 «
1994 2200 2172 2281 Quod
2220 2203 2431 2265 tamen
2477 2201 2748 2286 intelligi
2793 2201 2975 2266 debet
3021 2221 3158 2266 cum

690 2306 1114 2371 moderatione
1160 2306 1366 2388 posita
1398 2307 1466 2369 et
1498 2305 1803 2387 explicata
1828 2304 2130 2386 superius,
2170 2304 2278 2368 ubi
2309 2303 2597 2381 (1111111116,
2632 2306 2938 2368 secretum
2967 2304 3157 2368 etiam

696 2410 1096 2474 commissum
1144 2429 1264 2475 non
1313 2409 1538 2473 habere
1585 2408 1793 2472 locum
1838 2408 1903 2470 in
1950 2407 2028 2470 iis
2075 2407 2340 2484 casibuS‚
2376 2406 2441 2470 in
2487 2407 2714 2489 quibus
2750 2407 2902 2490 ipse,
2936 2408 3043 2489 qui
3073 2426 3162 2471 se·

689 2512 931 2577 cretum
984 2512 1314 2588 commisit,
1342 2510 1571 2575 16111616
1618 2511 1804 2573 vexat
1849 2509 2341 2592 Rempublicam,
2376 2510 2475 2573 vel
2523 2509 2716 2573 alium
2749 2510 3150 2586 innocentem,

693 2633 803 2679 nec
837 2615 973 2678 vult
1022 2615 1097 2678 ab
1135 2615 1364 2679 iniuria
1396 2612 1708 2677 desistere.
1743 2612 1918 2676 Tunc
1949 2612 2113 2676 enim
2150 2613 2458 2694 quantum
2482 2630 2638 2694 opus
2672 2612 2861 2677 fuerit
2893 2613 2970 2677 ad
3003 2612 3162 2677 iniu-

700 2717 860 2781 riam
894 2718 1303 2794 evertendam‚
1344 2716 1576 2800 poteris
1610 2715 1918 2780 secretum
1964 2715 2364 2779 commissum
2397 2715 2703 2793 revelare,
2739 2716 2987 2779 etiamsi
3018 2735 3159 2799 pro-

698 2820 973 2882 misisses
1022 2821 1085 2882 et
1132 2820 1471 2905 obligasses
1509 2821 1573 2884 te
1622 2819 1698 2882 ad
1770 2817 2194 2882 sustinendam
2239 2820 2505 2882 mortem
2554 2820 2619 2882 et
2674 2819 2988 2900 quaelibet
3034 2819 3158 2884 alia

699 2921 868 2983 mala
904 2938 1014 3001 pro
1047 2922 1329 2984 custodia
1376 2921 1595 2986 secreti
1628 2946 1689 2984 ».

790 3022 880 3085 Ex
929 3021 1152 3102 quibus
1199 3023 1391 3103 patet,
1428 3042 1499 3086 ea
1548 3024 1697 3086 tunc
1743 3022 1946 3086 solum
1995 3024 2218 3101 valere,
2265 3022 2512 3105 quando
2562 3023 2777 3108 agitur
2819 3023 2895 3088 de
2941 3024 3167 3089 damno

704 3123 904 3188 adhuc
936 3124 1268 3188 inferendo.

793 3225 1051 3306 Quando
1101 3245 1242 3292 vero
1292 3228 1520 3310 agatur
1565 3228 1639 3291 de
1671 3227 1926 3292 crimine
1955 3228 2084 3292 iam
2115 3229 2464 3305 commisso,
2492 3229 2580 3292 sic
2611 3230 2821 3293 exacte
2846 3228 3169 3313 Laymann

566 3381 587 3398 .
703 3329 810 3394 lib.
846 3330 907 3393 3.
935 3331 1014 3393 tr.
1050 3331 1111 3393 3.
1147 3348 1278 3413 cap.
1333 3332 1394 3393 5.
1442 3349 1501 3393 n.
1539 3331 1599 3393 2.
1662 3355 1695 3386 «ι
1729 3331 1942 3395 Iustae
1991 3349 2214 3396 causae
2261 3331 2566 3396 secretum
2614 3331 2927 3395 revelandi
2973 3334 3164 3396 sunt:

702 3432 914 3496 Prima
960 3432 1013 3496 si
1059 3433 1237 3497 cedat
1269 3433 1333 3496 in
1367 3431 1767 3514 Reipublicae
1799 3432 2305 3497 detrimentum...
2338 3432 2504 3497 Nam
2539 3451 2611 3497 611
2643 3432 2854 3499 ordine
2886 3434 3173 3498 caritatis

705 3535 964 3616 quisque
1013 3536 1331 3620 obligatus
1379 3537 1473 3598 est
1524 3534 1602 3599 ad
1648 3535 2035 3599 liberandum
2079 3536 2468 3600 innocentem
2503 3535 2582 3600 ab
2611 3535 2840 3600 iniuria
2885 3537 3169 3601 nocentis

705 3637 895 3701 etiam
945 3657 1085 3702 cum
1136 3637 1346 3720 aliquo
1394 3638 1674 3702 nocentis
1722 3638 1968 3714 damno,
2018 3638 2071 3702 si
2139 3637 2430 3702 innocens
2479 3638 2603 3702 alia
2648 3639 2891 3704 ratione
2936 3639 3174 3703 salvari

704 3758 827 3803 non
866 3740 1080 3820 possit.
1140 3741 1391 3822 Loquor
1439 3741 1651 3804 autem
1689 3739 1764 3804 de
1810 3738 2063 3803 crimine
2097 3739 2455 3819 pernicioso
2489 3760 2565 3803 ac
2598 3740 2909 3819 pendente
2955 3741 3028 3804 in
3070 3739 3177 3820 tic-

708 3843 933 3903 turum.
985 3841 1049 3905 Si
1097 3842 1258 3907 enim
1308 3842 1537 3906 crimen
1587 3842 1836 3907 omnino
1869 3842 2258 3905 transactum
2303 3841 2406 3916 sit,
2442 3860 2566 3906 non
2613 3841 2794 3906 debes
2830 3842 2992 3906 illud
3027 3861 3174 3925 pro-

707 3942 866 4007 dere.
906 3942 1121 4008 Veluti
1148 3943 1199 4007 si
1226 3945 1431 4009 Titius
1454 3945 1764 4009 homicida
1787 3944 1987 4008 lateat
2010 3945 2075 4008 et
2097 3962 2207 4027 pro
2241 3963 2313 4009 eo
2350 3942 2541 4009 Caius
2567 3945 2858 4009 innocens
2889 3945 2954 4008 in
2986 3964 3176 4027 quae-

708 4046 974 4110 stionem
1023 4046 1324 4110 adductus
1357 4050 1420 4110 et
1468 4046 1831 4111 occidendus
1880 4047 1981 4121 sit,
2017 4064 2138 4110 non
2178 4047 2426 4129 oportet
2463 4044 2598 4110 Caii
2628 4046 2929 4111 liberandi
2962 4049 3175 4132 gratia

710 4148 963 4232 prodere
1010 4147 1269 4225 Titium,
1304 4149 1413 4230 qui
1444 4149 1674 4213 crimen
1722 4149 2037 4213 occultum
2085 4148 2501 4224 commiserat,
2537 4148 2700 4212 sicut
2735 4148 2998 4214 resolvit
3041 4149 3183 4215 Mo·

706 4252 836 4316 lina
882 4255 961 4316 tr.
996 4253 1059 4314 4.
1094 4251 1248 4334 disp.
1300 4253 1359 4315 5.
1395 4250 1907 4331 Quandoquidem
1953 4269 2063 4315 nec
2108 4250 2239 4332 ipse
2263 4247 2513 4328 “fitius
2564 4249 2673 4332 qui
2704 4250 3011 4315 secretum
3058 4251 3180 4316 tibi

708 4354 1041 4430 commisit,
1092 4373 1156 4418 se
1203 4374 1345 4419 cum
1393 4353 1637 4434 aequali
1684 4351 1957 4433 periculo
2005 4371 2117 4417 suo
2151 4352 2406 4435 prodere
2437 4352 2685 4418 tenetur
2722 4352 2801 4416 ad
2845 4353 3184 4436 impedien-

713 4455 856 4517 dam
901 4459 1170 4518 mortem
1218 4454 1373 4532 Caii,
1412 4455 1589 4518 cuius
1636 4471 1889 4517 causam
1937 4473 2059 4519 non
2107 4455 2414 4537 praebuit,
2465 4454 2586 4519 nisi
2631 4453 2928 4519 indirecte
2957 4473 3033 4520 ac
3067 4474 3184 4539 per

713 4554 1054 4618 accidens...
1105 4555 1170 4620 Si
1218 4557 1423 4620 tamen
1471 4554 1678 4618 Titius
1723 4554 1876 4640 fuga
1921 4556 2040 4620 sibi
2078 4559 2395 4623 consulere
2443 4559 2670 4642 posset,
2719 4558 2858 4621 tum
2904 4556 3185 4635 deberet,
