3497 5147
712 390 815 444 166
886 403 1098 444 'raama
1127 404 1181 444 v.
1204 403 1364 443 secr.
1398 404 1487 443 111.
1516 403 1601 442 mr
1625 401 1947 444 canr'rxrrs
1971 400 2360 441 nmmum-rs,
2387 399 2587 441 capu-r
2614 400 2679 440 11.
2705 399 2848 441 nun.
2874 400 2956 440 1v.
3022 384 3169 459 [223]

706 502 947 577 ctioniS‚
997 500 1145 581 quia
1192 518 1313 564 non
1361 499 1614 563 labitur.
1652 499 1779 562 Nec
1812 498 1935 563 alio
1974 501 2320 581 praecepto,
2355 516 2550 579 quum
2598 497 2742 560 illae
2790 497 3063 561 actiones
3094 516 3165 560 ex

708 622 772 666 se
804 602 1006 666 malae
1037 621 1155 666 non
1191 602 1315 665 sint
1346 604 1409 665 et
1442 621 1478 666 a
1509 602 1775 678 malitia,
1809 620 1998 683 quam
2031 601 2327 665 haberent
2353 619 2423 663 ex
2458 599 2845 683 oppositione
2893 599 2970 663 ad
2999 600 3167 683 leges

706 705 1030 780 humanaS‚
1081 706 1404 767 excusetur
1449 722 1552 768 eas
1591 723 1871 767 exercens
1907 704 1985 768 ob
2032 703 2472 786 ignorantiam.
2508 702 2635 765 Nec
2665 702 2833 786 leges
2859 702 3164 765 humanae

709 807 1011 889 positivae
1059 805 1219 869 tanti
1268 807 1414 869 sunt
1452 806 1772 882 momenti,
1799 807 1873 870 ut
1919 824 2129 869 omnes
2175 807 2498 868 teneamur
2543 822 2646 867 eas
2691 804 2755 867 in
2801 804 3162 868 memoriam

709 908 848 971 aliis
878 927 1185 985 revocare,
1219 908 1464 989 quoties
1496 927 1568 970 ex
1599 927 1815 971 earum
1847 907 2202 992 ignorantia
2241 907 2354 970 aut
2384 905 2692 970 oblivione
2724 905 3011 970 imminet
3039 923 3169 969 ma·

707 1011 944 1074 terialis
969 1030 1180 1074 earum
1197 1010 1608 1094 transgressio
1642 1036 1702 1072 ».
1738 1009 1895 1073 Vide
1915 1009 2121 1091 plures
2138 1009 2295 1073 alios
2320 1008 2627 1093 allegatos
2645 1027 2681 1071 a
2698 1008 2901 1072 Diana
2923 1010 3079 1072 tom.
3103 1008 3160 1071 7.

706 1114 785 1176 tr.
822 1115 882 1175 4.
916 1114 1096 1177 resol.
1133 1112 1237 1176 68.
1274 1134 1331 1176 n.
1371 1114 1450 1187 1.,
1486 1113 1592 1194 qui
1623 1111 1772 1175 ibid.
1806 1132 1865 1174 n.
1905 1111 2007 1174 11.
2043 1130 2113 1174 ex
2150 1111 2395 1174 Bannez
2429 1110 2720 1187 affirmat,
2755 1110 2920 1191 quod
2954 1110 3005 1173 si
3037 1129 3166 1173 ma-

706 1216 944 1281 terialis
981 1217 1092 1281 illa
1137 1218 1292 1302 legis
1325 1218 1583 1282 violatio
1622 1219 1716 1281 est
1754 1218 1928 1300 parvi
1974 1216 2294 1294 momenti,
2342 1234 2565 1298 parum
2613 1217 2725 1279 aut
2771 1216 2874 1280 vix
2923 1216 3165 1300 obligor

707 1319 1055 1401 proximum
1087 1320 1165 1382 ab
1197 1339 1266 1384 eo
1305 1320 1469 1384 facto
1518 1318 1777 1394 auferre,
1812 1319 2175 1402 praesertim
2208 1318 2260 1382 si
2307 1317 2497 1380 levem
2530 1316 2815 1397 aliquam
2858 1317 3167 1382 rationem

706 1421 988 1494 habeam,
1038 1441 1148 1485 cur
1193 1422 1254 1486 id
1300 1442 1423 1487 non
1469 1421 1716 1485 faciam.

795 1519 975 1593 223.
1023 1524 1444 1589 Veruntamen
1493 1523 1656 1606 quod
1703 1522 1932 1586 dicitur
1967 1522 2042 1585 de
2089 1521 2467 1606 obligatione
2516 1520 2879 1585 admonendi
2920 1541 3030 1586 seu
3063 1522 3167 1586 do-

706 1624 900 1701 cendi,
950 1626 1065 1690 hoc
1110 1628 1375 1690 maxime
1421 1626 1687 1709 pertinet
1733 1624 1811 1688 ad
1851 1626 2160 1707 praelatos
2199 1624 2264 1688 et
2295 1624 2638 1708 generatim
2671 1623 2748 1687 ad
2781 1643 2904 1700 eos,
2940 1625 3168 1706 quibus

707 1746 1096 1810 quocumque
1135 1729 1322 1794 titulo
1353 1730 1516 1793 inest
1548 1727 1851 1812 obligatio
1875 1726 2131 1792 docendi
2161 1728 2225 1790 et
2256 1726 2601 1790 instruendi
2635 1726 2812 1803 aliea,
2844 1726 2908 1790 in
2941 1727 3169 1808 quibus

707 1831 771 1894 et
806 1830 1215 1895 confessarius
1247 1830 1805 1914 comprehenditur.

799 1933 1022 2007 Rati03
1073 1934 1219 2015 quia
1267 1934 1382 1998 hoc
1427 1952 1655 1998 munus
1702 1934 1798 1996 est
1841 1933 2121 2015 ipsorum
2167 1932 2487 2016 proprium
2534 1934 2597 1996 et
2642 1931 2997 2016 ignorantia
3046 1949 3168 1996 non

708 2033 890 2098 modo
941 2037 1035 2098 est
1081 2035 1318 2099 malum
1365 2055 1436 2100 ac
1481 2035 1730 2099 miseria
1777 2034 2142 2118 ignorantia,
2193 2034 2296 2098 sed
2331 2035 2454 2098 alia
2487 2035 2875 2099 incommoda
2904 2034 3165 2107 inducit,

710 2136 786 2200 ad
832 2156 991 2219 quae
1037 2138 1306 2201 cavenda
1354 2139 1599 2202 tenetur
1644 2136 1754 2218 qui
1799 2154 2012 2199 curam
2060 2135 2327 2199 aliorum
2374 2137 2437 2200 et
2484 2136 2767 2201 servandi
2816 2137 3046 2202 ordinis
3092 2155 3163 2200 ac

708 2238 1067 2321 disciplinae
1087 2240 1280 2324 gerit.

795 2340 1037 2406 Motiva
1087 2343 1234 2406 sunt
1284 2344 1352 2406 1⁰
1396 2343 1544 2424 quia
1591 2339 1947 2425 ignorantia
2003 2341 2099 2403 est
2144 2359 2333 2424 grave
2381 2343 2619 2405 malum
2665 2342 2953 2424 proximi,
3002 2342 3165 2426 quod

707 2443 968 2525 quisque
1014 2445 1280 2527 prudens
1327 2443 1466 2507 vult
1498 2462 1534 2506 a
1582 2461 1645 2505 se
1678 2442 1950 2505 amoveri
1990 2442 2054 2505 et
2085 2443 2332 2507 tenetur
2364 2444 2563 2507 vitare
2593 2445 2899 2525 quantum
2938 2446 3163 2528 potest,

706 2545 854 2629 quia
900 2547 1162 2630 quisque
1210 2545 1363 2609 scire
1410 2545 1656 2608 tenetur
1686 2563 1846 2626 quae
1877 2547 2159 2627 spectant
2192 2546 2268 2610 ad
2307 2548 2469 2611 recte
2500 2546 2851 2611 vivendum.

885 2652 954 2712 2⁰
977 2650 1134 2728 Quia
1160 2650 1430 2730 peccata,
1457 2647 1807 2710 materialia
1832 2667 2097 2730 quoque,
2124 2651 2342 2713 contra
2364 2650 2567 2732 legem
2591 2652 2852 2714 naturae
2877 2650 3169 2716 dedecent

707 2752 1001 2814 naturam
1039 2750 1397 2813 humanam.

886 2852 957 2914 3⁰
972 2851 1327 2915 Periculum
1348 2853 1598 2934 aliquod
1617 2855 1731 2931 est,
1753 2872 1827 2916 ne
1850 2854 1997 2918 talis
2022 2854 2276 2918 tandem
2309 2857 2515 2937 peccet
2530 2854 2900 2929 formaliter,
2919 2856 3165 2937 quando

704 2954 1060 3039 ignorantia
1084 2956 1352 3036 coeperit
1375 2973 1505 3020 esse
1521 2956 1829 3019 vincibilis
1854 2955 2037 3037 idque
2055 2957 2306 3038 propter
2322 2955 2848 3035 consuetudinem,
2876 2958 2956 3022 ob
2980 2977 3166 3040 quam

703 3056 1018 3121 difficilius
1066 3058 1184 3122 erit
1232 3059 1309 3121 ab
1346 3058 1424 3122 iis
1473 3059 1780 3123 abstinere
1819 3059 1932 3122 aut
1963 3058 2109 3140 quia
2141 3060 2559 3141 perseverabit
2596 3080 2667 3124 ex
2698 3062 3044 3143 pervicacia
3089 3063 3169 3128 ob

704 3159 1001 3242 pudorem
1037 3159 1273 3224 fatendi
1304 3179 1573 3224 errorem
1605 3180 1791 3224 suum
1822 3161 2262 3243 precedentem.

885 3263 956 3324 4⁰
984 3260 1145 3341 Quia
1169 3262 1507 3344 periculum
1533 3264 1652 3327 erit
1675 3262 1892 3327 deinde
1922 3261 2221 3340 scandali3
2250 3263 2397 3345 quia
2422 3263 2554 3328 eius
2578 3265 2854 3355 exemplo
2890 3265 2999 3331 alii
3031 3286 3166 3350 per-

705 3364 1052 3427 trahentur.

884 3468 954 3530 50
982 3464 1142 3545 Quia
1189 3467 1530 3550 periculum
1578 3468 1690 3543 est,
1740 3487 1815 3531 ne
1853 3487 1923 3532 ex
1962 3467 2353 3533 conniventia
2390 3470 2654 3551 praelati
2687 3470 2999 3553 quispiam
3046 3472 3160 3537 sibi

703 3570 1089 3652 persuadeat,
1139 3588 1210 3633 ea
1257 3588 1386 3633 esse
1431 3569 1639 3641 licita:
1690 3570 1838 3652 quia
1885 3570 2054 3635 videt
2100 3571 2479 3652 superiorem
2536 3590 2657 3635 non
2705 3575 3157 3656 reprehendere.

704 3673 875 3737 Haec
904 3692 974 3736 ex
1006 3673 1209 3736 Diana
1247 3672 1351 3735 cit.
1384 3671 1565 3735 resol.
1603 3672 1707 3735 68.
1742 3693 1844 3736 nn.
1896 3674 2045 3737 6.-8.

794 3773 910 3837 Sed
955 3792 1170 3837 rursus
1217 3773 1618 3855 requiruntur
1654 3794 1894 3858 semper
1938 3776 2337 3853 conditioneS‚
2379 3795 2646 3857 quarum
2683 3779 3016 3861 praecipua
3049 3781 3162 3856 est,

706 3881 781 3945 ut
812 3881 1091 3962 speretur
1121 3879 1361 3943 fructus
1410 3883 1472 3944 et
1519 3901 1591 3944 ne
1624 3882 1934 3947 contrario
1976 3883 2051 3947 ob
2086 3883 2571 3948 admonitionem
2604 3883 2717 3948 fiat
2748 3883 3009 3950 formale
3039 3906 3171 3971 pec-

706 3985 937 4063 catum,
987 3985 1150 4067 quod
1198 3987 1332 4049 erat
1376 3987 1718 4063 materiale,
1747 4007 1900 4053 neve
1938 3990 2279 4069 sequantur
2325 3989 2616 4054 scandala
2654 3989 2942 4067 aliorum,
2977 4012 3037 4055 v.
3072 4009 3164 4075 gr.

599 4150 602 4153 ,
704 4087 812 4151 ubi
845 4087 1057 4171 agitur
1088 4086 1162 4151 de
1194 4088 1617 4166 matrimonio,
1657 4089 1822 4171 quod
1856 4089 2265 4154 confessarius
2299 4089 2696 4173 deprehendit
2727 4092 2998 4157 invalide
3034 4112 3172 4157 con-

707 4191 999 4254 tractum.

796 4290 1188 4373 Quamquam
1235 4311 1448 4357 rursus
1496 4294 1775 4375 superior
1820 4294 2150 4373 tenebitur,
2191 4295 2435 4360 etiamsi
2472 4295 2747 4361 fructum
2781 4316 2903 4362 non
2945 4299 3164 4381 speret,

707 4413 782 4458 ne
815 4394 1174 4459 scandalum
1207 4394 1344 4458 inde
1379 4395 1637 4468 oriatur,
1672 4398 1784 4459 aut
1821 4394 2139 4478 disciplina
2173 4401 2514 4463 enervetur.
