3497 5147
350 405 459 481 [56]
568 420 653 461 Art
690 418 1052 467 ALIQUANDO
1089 418 1311 461 121anoe
1348 419 1651 461 laxa-nnius
1688 420 1883 461 mmm
1924 424 2135 465 vanam
2175 426 2428 467 mmmm
2469 428 2597 468 mc.
2744 415 2818 471 35

351 514 603 570 hominum
644 519 704 569 ab
744 515 839 571 alio
878 523 927 569 et
967 528 1061 568 non
1100 514 1301 582 proprie
1340 514 1616 581 protessiva
1655 515 1784 568 ndei.
1817 517 1955 584 Quae
1993 519 2228 573 sententia
2274 522 2537 587 probabilis
2580 532 2669 577 est.
2700 525 2814 580 vid.

351 604 586 664 saneim,
614 605 664 655 2.
687 603 829 657 Mor.
855 616 897 655 c.
929 601 976 656 t.
1007 602 1120 655 Bee.
1146 603 1196 654 2.
1218 603 1267 653 2.
1289 615 1333 654 c.
1361 602 1411 653 9.
1440 614 1486 665 q.
1510 601 1558 653 5.
1578 602 1626 653 d.
1649 603 1698 653 6.
1721 602 1892 664 Laym.
1918 602 2002 655 lib.
2025 607 2077 657 2.
2106 612 2143 657 t.
2168 607 2214 657 t.
2256 610 2465 673 eap.ll.
2503 609 2626 663 Con.
2648 617 2815 664 contra

350 685 507 741 Caiet.
529 687 651 739 Nav.
677 688 788 740 Tol.

441 807 562 882 56.
596 811 631 851 *
664 809 758 877 Cf.
793 811 868 877 de
900 811 1016 877 hac
1060 830 1125 875 re
1173 812 1351 897 Lugo
1383 811 1537 897 disp.
1578 814 1682 877 cit.
1722 815 1869 879 sect.
1907 817 1966 879 5.
2004 836 2104 880 nn.
2143 817 2357 882 70-97.
2393 818 2813 898 disserentem,

350 915 457 979 ubi
492 916 556 980 et
587 917 769 979 acute
810 915 1137 979 discrimen
1178 914 1469 992 ostendit,
1508 915 1692 996 quod,
1728 917 1932 998 quoad
1965 918 2091 981 vim
2124 919 2512 1003 significandi
2544 923 2607 986 et
2630 942 2815 986 usum

350 1017 842 1102 significationis,
868 1016 1195 1081 intercedit
1216 1017 1379 1081 inter
1401 1016 1763 1082 huiusmodi
1788 1019 1963 1104 signa
1998 1022 2184 1102 atque
2217 1040 2414 1087 voces,
2442 1023 2523 1087 Et
2546 1024 2608 1087 in
2634 1044 2814 1107 quae-

348 1121 569 1196 stione,
603 1137 680 1184 an
710 1120 898 1185 liceat
930 1118 1282 1183 christianis
1330 1138 1480 1185 usus
1531 1139 1744 1184 earum
1794 1122 2081 1200 vestium,
2117 1142 2274 1205 quae
2306 1128 2689 1208 usurpantur
2737 1127 2813 1190 ad

348 1221 775 1287 discernendos
820 1221 1115 1297 infideles,
1164 1221 1510 1287 formaliter
1556 1224 1630 1286 ut
1661 1222 1938 1288 infideles
1972 1226 2136 1301 sunt,
2170 1245 2204 1288 a
2254 1226 2556 1305 fidelibus,
2607 1248 2816 1310 quem·

349 1324 684 1390 admodum
718 1325 974 1403 Romae,
1001 1325 1133 1390 eius
1167 1326 1392 1402 aetate»,
1429 1325 1642 1390 Iudaei
1673 1326 2052 1392 iubebantur
2081 1330 2325 1413 gestare
2356 1330 2639 1413 galerum
2665 1331 2811 1396 flavi

344 1427 589 1503 coloriS,
637 1427 768 1511 ipse
813 1428 1022 1491 censet
1052 1446 1125 1491 ex
1172 1428 1353 1512 gravi
1383 1446 1572 1491 causa
1608 1427 1855 1491 licitum
1903 1447 2033 1493 esse
2080 1430 2178 1493 uti
2225 1431 2459 1495 talibus
2507 1433 2811 1509 vestibus3

347 1531 493 1612 quia
530 1529 596 1594 id
625 1542 1201 1614 reapse‘possumus
1245 1529 1446 1594 facere
1495 1530 1725 1612 absque
1772 1530 1914 1595 fidei
1958 1532 2307 1615 negatione,
2350 1552 2420 1598 eo
2464 1535 2627 1615 qnod
2677 1554 2812 1618 pos-

350 1651 565 1697 sumus
602 1632 699 1698 uti
735 1631 1011 1697 vestibus
1036 1632 1152 1711 his,
1178 1650 1301 1696 non
1340 1631 1414 1696 ut
1445 1632 1659 1716 signia
1695 1632 1800 1697 sed
1825 1634 1898 1697 ut
1923 1634 2217 1711 vestibuS,
2249 1634 2324 1698 ad
2357 1634 2540 1699 finem
2568 1637 2812 1720 tegendi

347 1753 589 1817 corpus»,
624 1734 702 1798 ad
739 1753 923 1816 quem
960 1733 1142 1798 finem
1182 1733 1580 1818 potissimum
1618 1734 1820 1799 vestes
1861 1737 2009 1799 sunt
2044 1736 2453 1801 introductae.

443 1835 509 1900 Si
531 1855 675 1900 vero
701 1838 926 1920 agatur
957 1836 1030 1899 de
1067 1836 1364 1914 vestibuS,
1385 1836 1611 1918 quibus
1640 1837 1906 1901 utuntur
1928 1837 2223 1917 infideles,
2258 1858 2376 1903 non
2405 1840 2607 1904 solum
2635 1842 2707 1904 ut
2730 1840 2816 1905 di-

350 1937 866 2022 gnoscantur,sed
884 1938 1076 2002 etiam
1101 1937 1179 2001 ad
1204 1937 1615 2020 profitendam
1643 1942 1821 2002 suam
1839 1937 2064 2003 falsam
2081 1940 2814 2024 religionem,cuiusmodi

349 2042 556 2104 essent
603 2040 762 2123 apud
809 2040 1085 2104 infideles
1131 2042 1354 2117 vestes,
1389 2059 1547 2122 quae
1581 2041 2017 2122 responderent
2053 2043 2330 2108 vestibus
2377 2046 2808 2110 communibus

343 2144 704 2206 nostrorum
735 2142 1115 2217 clericorum,
1151 2142 1614 2219 monachorum,
1650 2141 2129 2227 Episcoporum;
2167 2145 2312 2227 quia
2345 2165 2468 2210 non
2502 2150 2810 2231 repugnat

344 2245 441 2308 vel
479 2264 552 2308 ex
583 2243 842 2328 imperio
874 2243 1179 2328 Principis
1224 2244 1323 2309 vel
1370 2245 1620 2329 propter
1660 2248 1972 2329 receptam
2018 2247 2523 2313 consuetudinem
2556 2250 2811 2314 circum-

343 2347 613 2412 stantias
645 2365 779 2412 esse
817 2346 994 2421 tales,
1020 2347 1095 2412 ut
1124 2345 1319 2411 vestis
1343 2346 1649 2429 quaedam
1672 2347 1919 2423 habeat,
1948 2366 2138 2430 aeque
2172 2368 2242 2413 ac
2273 2369 2472 2426 voces,
2500 2351 2812 2435 significa-

344 2450 580 2514 tionem
611 2449 1091 2514 determinatam
1122 2447 1520 2531 professionis
1545 2467 1725 2513 verae
1750 2450 1853 2514 vel
1881 2450 2074 2514 falsae
2105 2452 2456 2536 religionis,
2492 2453 2569 2516 ad
2597 2453 2816 2517 diiudi-

343 2551 610 2618 candum
657 2570 736 2617 an
784 2551 1117 2635 aliquando
1167 2550 1354 2616 liceat
1400 2552 1679 2617 vestibus
1724 2552 2097 2636 supradictis
2144 2554 2262 2634 uti,
2313 2553 2812 2638 quandoquidem

348 2658 557 2721 totum
588 2656 888 2722 iudicium
935 2655 1006 2720 de
1055 2656 1171 2721 hoc
1210 2657 1458 2740 peccato
1511 2656 1922 2721 reducendum
1969 2659 2063 2722 est
2111 2658 2188 2722 ad
2236 2659 2812 2726 determinationem

349 2758 838 2842 significationis,
874 2777 1031 2840 quae
1081 2758 1313 2841 optime
1360 2757 1680 2842 colligitur
1729 2777 1766 2822 a
1814 2761 2174 2842 posterior-i:
2209 2761 2338 2844 ipse
2379 2763 2609 2827 statuit
2655 2762 2814 2827 hanc

346 2860 630 2945 regulam
676 2860 1044 2944 generalem.
1102 2883 1139 2918 ‹
1184 2858 1441 2939 Quoties
1490 2878 1640 2924 usus
1688 2861 1957 2925 vestium
2003 2863 2150 2926 talis
2183 2863 2391 2940 fuerit,
2426 2864 2499 2928 ut
2530 2866 2636 2946 qui
2684 2884 2816 2948 per·

344 2981 564 3027 sonam
596 2962 779 3026 antea
811 2963 1130 3038 noverant,
1174 2980 1316 3027 eum
1354 2963 1606 3045 propter
1637 2979 1740 3026 eas
1775 2963 2023 3027 omnino
2070 2964 2344 3029 iudicent
2373 2965 2558 3029 fidem
2590 2986 2816 3051 negare

343 3067 409 3129 et
445 3064 671 3129 falsam
706 3064 1072 3148 religionem
1104 3064 1416 3148 amplecti,
1450 3083 1602 3128 usus
1626 3063 1733 3128 ille
1763 3065 1937 3129 nullo
1970 3084 2116 3129 casu
2148 3066 2359 3132 licitus
2392 3068 2537 3132 erit:
2565 3068 2814 3151 quando

344 3186 490 3232 vero
538 3167 645 3250 qui
693 3185 1022 3250 personam
1070 3167 1320 3245 norunt,
1359 3168 1655 3249 poterunt
1704 3166 1990 3232 dubitare
2023 3187 2098 3232 an
2150 3169 2226 3233 ob
2274 3170 2467 3234 alium
2504 3171 2689 3236 finem
2726 3171 2816 3235 di-

343 3288 596 3334 versum
626 3269 820 3334 vestis
856 3269 1218 3352 usurpetur,
1251 3268 1484 3352 poterit
1522 3268 1854 3351 aliquando
1901 3289 2052 3335 usus
2100 3270 2311 3336 licitus
2343 3291 2474 3337 esse
2519 3293 2592 3337 ex
2636 3274 2815 3358 gravi

343 3390 555 3450 causa,
605 3388 765 3454 quae
811 3389 882 3436 eo
936 3370 1189 3456 gravior
1234 3389 1365 3435 esse
1411 3370 1609 3444 debet,
1650 3388 1773 3453 quo
1821 3388 1892 3435 ex
1938 3373 2422 3439 circumstantiis
2467 3376 2658 3440 vestis
2703 3376 2814 3440 illa

342 3474 549 3560 magis
588 3472 841 3538 accedat
872 3472 948 3537 ad
982 3472 1467 3558 significandam
1498 3472 1892 3557 negationem
1940 3493 2119 3539 verae
2165 3475 2325 3553 fidei,
2360 3479 2644 3558 quamvis
2693 3498 2812 3543 non

347 3577 600 3642 omnino
632 3575 1039 3640 determinate
1070 3594 1208 3639 eam
1240 3574 1546 3660 significet
1576 3599 1637 3638 ».

436 3678 748 3762 Loquitur
782 3677 961 3762 Lugo
994 3677 1069 3741 de
1100 3695 1362 3760 persona
1397 3680 1549 3742 nota
1580 3676 1679 3756 iis,
1714 3679 1878 3742 inter
1909 3697 2064 3760 quos
2099 3681 2299 3744 vestes
2338 3679 2498 3744 tales
2527 3682 2718 3765 gerit:
2758 3684 2811 3747 si

354 3783 560 3846 autem
598 3781 685 3847 sit
716 3779 953 3865 ignota,
987 3779 1153 3844 idem
1190 3780 1515 3845 dicendum
1549 3799 1620 3845 ac
1650 3781 1712 3844 in
1746 3782 1926 3846 resol.
1963 3782 2237 3866 praeced.
2273 3784 2331 3846 8.
2361 3785 2394 3821 *

458 3915 639 3970 XXIX.
684 3916 768 3969 lo.
808 3913 992 3969 Licitns
1028 3913 1146 3968 item
1186 3915 1358 3967 modus
1397 3920 1488 3976 est,
1526 3928 1636 3967 eum
1675 3913 1961 3968 Catholicus
2001 3914 2173 3968 transit
2213 3929 2296 3981 per
2335 3918 2437 3969 loca
2480 3916 2725 3969 haeretica
2765 3924 2814 3971 et

349 4001 622 4066 periculum
642 4015 792 4066 grave
818 4000 863 4054 ei
892 3998 1113 4053 imminet
1139 3996 1269 4052 vitae
1303 4012 1350 4050 v.
1377 4012 1451 4061 gr.
1479 4003 1557 4051 vel
1592 4000 1833 4052 bonorum
1864 4000 1982 4064 (non
2012 4008 2185 4063 tamen,
2218 4001 2258 4053 si
2291 4000 2474 4054 derisio
2504 4009 2691 4055 tantum
2729 4006 2808 4056 vel

350 4086 549 4141 vexatio
575 4094 629 4140 ut
654 4088 805 4139 hahet
830 4087 941 4140 Bec.
969 4100 1012 4138 c.
1041 4086 1113 4148 9.)
1138 4085 1200 4137 ad
1226 4081 1623 4136 dissimulandam
1652 4085 1813 4143 fldem,
1840 4084 1971 4138 vesci
2002 4085 2235 4138 carnibus
2260 4085 2339 4140 die
2374 4086 2651 4151 proliibit03
2693 4087 2807 4152 quia

347 4178 661 4238 praeceptum
686 4170 934 4224 Ecclesiae
961 4184 1055 4223 non
1083 4169 1266 4234 obl'mat
1292 4171 1383 4221 sub
1414 4168 1496 4221 tali
1525 4167 1762 4234 periculo.
1790 4170 1889 4222 Nec
1928 4173 2020 4222 hoc
2053 4177 2128 4222 cst
2156 4172 2300 4224 fldem
2327 4185 2521 4235 negare,
2544 4186 2653 4226 cum
2693 4187 2809 4227 esus

346 4255 562 4310 carnium
600 4269 698 4309 non
739 4252 803 4307 sit
838 4252 1091 4306 institutus
1117 4254 1179 4305 ad
1206 4252 1560 4320 professionem
1587 4252 1839 4316 religionis
1866 4260 1914 4305 ct
1946 4252 2189 4308 Catholici
2227 4253 2372 4306 etiam
2415 4255 2527 4308 mali
2565 4263 2615 4308 et
2650 4257 2811 4319 gulosi

349 4339 395 4392 id
434 4339 626 4394 faciant.
654 4339 707 4393 Si
745 4344 903 4392 tamen
943 4351 1003 4390 ex
1044 4336 1421 4390 circumstantiis
1461 4339 1598 4391 fleret
1637 4336 1827 4402 signum
1855 4337 2195 4404 professitum,
2228 4345 2280 4390 ut
2318 4339 2361 4390 si
2391 4354 2436 4392 v.
2466 4354 2536 4403 gr.
2568 4340 2615 4393 in
2645 4341 2810 4395 odium

351 4424 459 4477 ndei
496 4424 737 4478 convivae
764 4428 1050 4488 statuerent,
1080 4427 1131 4473 ut
1169 4420 1253 4486 qui
1292 4427 1366 4474 est
1408 4421 1563 4475 hostis
1602 4422 1714 4474 ssdei
1757 4422 2052 4485 Pontificiae,
2096 4425 2318 4475 comedat
2357 4437 2538 4486 carnes,
2585 4433 2810 4491 peccaret

351 4517 519 4562 contra
538 4511 699 4574 fldem,
719 4506 803 4574 qni
831 4507 996 4561 ederet
1018 4504 1124 4558 sine
1144 4505 1523 4570 protestatione:
1552 4519 1714 4569 εοεαε,
1750 4505 1792 4559 si
1819 4512 2197 4573 protestaretur.
2219 4510 2392 4560 Sancti.
2424 4508 2566 4568 Azor,
2585 4509 2695 4560 Bec.
2718 4516 2809 4561 etc.

352 4606 524 4647 comm.
551 4594 588 4647 1.
614 4608 658 4648 c.

446 4695 629 4761 Clara
667 4715 763 4760 res
795 4697 909 4760 est.
