3497 5147
331 327 475 405 [412]
842 345 1082 388 nocam
1117 345 1558 389 smiunmmu.
1597 345 1899 388 Pomm-10
1938 345 2276 388 nccnnsun
2694 335 2804 390 805

422 442 621 525 Atqui
659 444 714 507 si
747 443 928 526 pauci
958 443 1052 507 illi
1086 443 1224 507 aliis
1256 444 1528 508 revelent
1560 445 1672 507 aut
1693 462 1837 507 reus
1868 443 2161 521 fateatur,
2195 445 2448 509 ecclesia
2479 449 2642 511 certe
2666 449 2802 531 pol-

333 545 471 609 luta
508 548 796 610 censetur
827 547 891 609 et
928 545 1046 610 erit
1076 545 1505 630 sacrilegium!
1538 546 1625 609 At
1655 544 1822 609 enim
1853 545 2156 628 numquid
2188 547 2282 610 ita
2306 547 2567 631 ineptire
2590 551 2801 632 potuit

333 647 518 712 homo
567 649 642 711 ut
687 648 959 731 putaret,
995 647 1302 731 sacrilegii
1348 651 1593 711 reatum
1641 648 1859 730 postea
1906 646 2216 724 advenire,
2256 650 2502 730 quando
2552 650 2660 714 alii
2706 671 2801 716 re-

330 748 542 813 velant
564 752 595 812 P

418 851 842 916 Dimittantur
872 853 1085 934 itaque
1109 852 1259 916 haec
1283 853 1346 915 et
1368 850 1809 915 concludamus
1841 870 1950 915 nec
1979 851 2299 916 rationum
2329 853 2568 934 pondus
2593 854 2794 920 ullum

329 972 437 1036 pro
468 954 637 1019 hisce
667 954 941 1018 militare
973 957 1037 1018 et
1074 953 1480 1019 auctoritates
1527 972 1683 1017 vane
1730 953 2019 1038 confingi.
2060 953 2142 1018 Et
2188 953 2414 1020 idcirco
2462 974 2584 1019 non
2632 956 2795 1021 inter

330 1054 645 1138 opiniones
706 1055 1055 1139 probabiles
1110 1056 1341 1121 censeri
1400 1056 1514 1120 has
1570 1054 1883 1120 doctrinas
1950 1074 2148 1139 posse,
2197 1055 2302 1120 sed
2361 1075 2613 1140 prorsus
2660 1077 2792 1124 esse

325 1157 703 1223 reiiciendas.

411 1254 573 1330 412.
606 1260 891 1325 Breviter
922 1279 995 1324 ex
1025 1260 1204 1346 Lugo
1242 1261 1316 1324 de
1349 1258 1600 1324 Poenit.
1635 1259 1791 1343 disp.
1837 1259 1938 1324 16.
1974 1280 2030 1324 3.
2070 1282 2129 1325 3.
2164 1261 2349 1325 461.:

506 1363 575 1426 1⁰
606 1361 968 1428 Communis
1016 1363 1079 1427 et
1108 1362 1310 1428 verior
1341 1362 1647 1427 sententia
1688 1362 1981 1436 affirmat,
2016 1363 2301 1427 contrahi
2333 1364 2645 1429 malitiam
2692 1386 2791 1431 sa-

324 1462 572 1546 crileyii
612 1465 677 1528 in
724 1464 1102 1529 confessione
1149 1465 1570 1547 explicandam
1628 1483 1735 1548 per
1798 1483 1871 1528 ea
1914 1463 2104 1541 facta,
2152 1485 2313 1546 quae
2362 1486 2469 1549 per
2523 1486 2588 1531 se
2643 1472 2791 1533 sunt

324 1566 687 1648 pollutionis
734 1567 1022 1632 ecelesiae
1067 1567 1377 1632 sufficiens
1424 1586 1631 1642 causa,
1680 1566 1929 1631 etiamsi
1974 1568 2099 1631 ista
2145 1567 2310 1631 facta
2356 1572 2650 1633 maneant
2689 1590 2790 1636 oc-

323 1670 513 1748 culta,
563 1690 622 1734 n.
673 1671 823 1735 461.

505 1775 573 1836 2⁰
605 1774 748 1856 Ipsa
779 1773 1002 1856 copula
1033 1772 1380 1857 coniugalis
1413 1770 1663 1836 eandem
1697 1771 2010 1836 malitiam
2048 1772 2381 1852 contrahit,
2415 1773 2535 1838 nisi
2566 1775 2681 1839 fiat
2717 1796 2788 1840 ex

324 1874 600 1939 humana
632 1876 1015 1952 necessitate,
1057 1874 1303 1956 quando
1334 1875 1587 1958 propter
1617 1873 1980 1937 diuturnam
2010 1873 2395 1939 mansionem
2432 1874 2495 1940 in
2528 1877 2784 1942 ecclesia

319 1975 409 2040 sit
438 1976 776 2059 periculum
807 1977 1289 2042 incontinentiae
1320 1977 1407 2057 (n.
1443 1976 1645 2058 463.).

498 2079 572 2142 3⁰
601 2078 815 2159 Quoad
849 2081 1005 2144 alios
1038 2081 1216 2144 actus
1246 2078 1610 2161 impudicos,
1661 2076 1771 2141 alii
1817 2078 2039 2143 volunt
2075 2093 2347 2144 coNc‘ros
2393 2079 2618 2146 habere
2654 2075 2786 2148 ma?

309 2180 519 2246 litiam
545 2182 874 2268 sacrilegii,
902 2182 1011 2247 alii
1041 2197 1278 2246 NULLos
1302 2181 1460 2245 hanc
1483 2179 1795 2245 malitiam
1827 2181 2206 2246 contrahere.
2227 2182 2440 2248 Tertia
2473 2185 2781 2250 sententia

309 2284 595 2350 concedit
625 2284 699 2349 de
725 2284 997 2350 tactibus
1042 2285 1247 2369 magis
1282 2282 1631 2367 impudicis,
1666 2284 1856 2367 negat
1886 2282 1960 2347 de
1993 2283 2133 2347 aliis
2167 2284 2446 2349 actibus:
2481 2288 2545 2350 et
2577 2287 2783 2353 verior

304 2387 559 2453 videtur
594 2389 720 2453 ista
756 2387 1064 2454 sententia
1111 2387 1315 2470 quoad
1363 2388 1559 2465 actus,
1594 2387 1703 2468 qui
1748 2385 1980 2450 habent
2023 2386 2388 2468 pollutionis
2434 2390 2780 2471 periculum

303 2488 391 2570 (n.
429 2489 729 2575 464.).1n
745 2490 921 2575 praxi
951 2489 1160 2554 fideles
1190 2489 1394 2554 solent
1421 2490 1639 2572 sponte
1666 2489 1817 2553 haec
1833 2489 2068 2571 aperire
2093 2492 2157 2554 et
2180 2508 2252 2554 03
2268 2489 2330 2553 in
2356 2511 2421 2555 re
2443 2493 2671 2557 melius
2710 2513 2782 2559 ex

300 2594 624 2658 communi
657 2612 842 2659 sensu
879 2593 1151 2658 humano
1175 2592 1447 2658 iudicare
1478 2591 1786 2669 videntur,
1822 2611 2011 2673 quam
2044 2592 2297 2674 quidam
2332 2595 2630 2660 Doctores
2669 2597 2779 2679 qui

296 2695 512 2762 nimiis
554 2696 1017 2762 subtilitatibus
1051 2695 1391 2760 dementati
1421 2694 1735 2759 videntur.

479 2802 557 2864 4⁰
607 2799 749 2864 Non
797 2799 1006 2864 omnia
1061 2800 1313 2881 peccata
1357 2796 1423 2860 in
1470 2796 1726 2860 ecclesia
1783 2797 2114 2862 commissa
2169 2798 2474 2864 inducunt
2517 2800 2782 2867 circum-

289 2904 611 2970 stantiam
658 2904 967 2989 sacrilegii
1012 2905 1078 2968 in
1122 2900 1502 2982 confessione
1549 2900 2025 2981 explicandam:
2071 2923 2268 2986 neque
2305 2906 2440 2990 ipsa
2472 2905 2776 2971 desideria

287 3009 581 3086 actuum,
624 3007 850 3090 quibus
886 3007 1193 3091 polluitur
1238 3005 1513 3083 eeclesia,
1541 3003 1593 3067 si
1625 3022 1747 3068 non
1781 3004 1946 3067 intra
1978 3005 2083 3069 sed
2115 3008 2289 3071 extra
2320 3008 2639 3072 ecclesiam
2672 3027 2777 3091 pa-

285 3110 517 3176 tranda
553 3110 917 3195 cogitentur
947 3110 1036 3192 (n.
1076 3109 1278 3191 465.).

470 3216 548 3277 5⁰
584 3210 840 3277 Seclusa
871 3211 1229 3297 ignorantia
1260 3211 1325 3274 et
1357 3208 1834 3283 inadvertentia‚
1876 3209 2083 3273 omnia
2115 3213 2366 3292 peccata
2402 3212 2466 3276 in
2514 3212 2772 3277 ecclesia

275 3317 656 3392 commissa,
688 3314 835 3379 licet
878 3333 1002 3379 non
1049 3312 1426 3378 contrahant
1460 3311 1773 3376 malitiam
1811 3311 2125 3395 sacrilegii
2153 3333 2408 3394 yravem
2436 3315 2499 3378 et
2527 3314 2593 3378 in
2625 3335 2771 3381 con-

273 3416 554 3483 fessione
593 3416 939 3481 necessario
970 3415 1395 3499 explicandam
1418 3414 1659 3478 ratione
1682 3413 1824 3490 loci,
1859 3412 2149 3478 videntur
2174 3414 2383 3478 tamen
2408 3417 2769 3482 contrahere

271 3520 568 3603 aliquam
610 3518 1074 3583 irreverentiam
1114 3518 1476 3601 specialem:
1515 3516 1643 3580 imo
1674 3514 1845 3590 haec,
1880 3514 2028 3578 licet
2061 3514 2216 3579 levis
2249 3515 2352 3592 sit,
2387 3517 2654 3597 pertinet
2692 3519 2771 3582 ad

265 3624 611 3688 malitiam
643 3620 987 3705 sacrilegii;
1019 3639 1143 3685 non
1177 3620 1342 3685 enim
1381 3619 1657 3701 apparet,
1693 3616 1793 3680 cui
1825 3616 2050 3681 virtuti
2089 3620 2458 3700 opponatur,
2486 3618 2606 3682 nisi
2636 3620 2773 3685 reli-

264 3726 444 3812 gioni
483 3727 574 3791 ob
619 3724 950 3808 specialem
979 3722 1411 3797 reverentiam,
1450 3738 1609 3802 quae
1641 3719 1899 3782 debetur
1931 3718 2068 3783 loco
2108 3738 2281 3783 sacro
2314 3719 2402 3801 (n.
2438 3720 2639 3805 466.).

357 3829 539 3894 Hinc
572 3827 868 3904 infertur,
900 3845 1022 3891 non
1056 3844 1185 3890 esse
1216 3821 1650 3888 universaliter
1686 3839 1898 3884 veram
1936 3821 2220 3904 regulam
2252 3822 2448 3900 illam,
2484 3825 2648 3906 quod
2696 3845 2768 3891 ea

270 3935 411 3999 sola
446 3930 848 3998 contrahant
876 3928 1189 3994 malitiam
1221 3926 1548 4010 specialem
1579 3922 1889 4008 sacrilegii
1919 3943 2194 4006 yravem,
2233 3945 2393 4007 quae
2424 3928 2774 4010 specialiter

263 4036 705 4120 prohibentur
752 4032 830 4096 ab
875 4030 1149 4096 Ecclesia
1184 4030 1261 4094 ob
1292 4029 1424 4093 eius
1455 4026 1886 4091 reverentiam.
1934 4025 2099 4091 Nam
2147 4029 2356 4110 potest
2385 4029 2764 4115 contingere,

261 4140 487 4222 aliqua
538 4138 655 4201 ita
699 4133 978 4219 graviter
1023 4132 1250 4216 opponi
1293 4128 1671 4195 reverentiae
1718 4127 1962 4193 debitae
2008 4129 2144 4195 loco
2183 4149 2380 4208 sacro,
2421 4133 2494 4196 ut
2528 4133 2770 4198 seclusa

261 4242 463 4308 etiam
518 4236 846 4303 Ecclesiae
891 4234 1327 4318 prohibitione,
1359 4232 1673 4297 malitiam
1718 4250 1975 4317 gravem
2021 4232 2334 4317 sacrilegii
2379 4234 2760 4313 contineant,

258 4346 333 4408 ut
364 4346 418 4408 si
457 4343 557 4407 ibi
597 4338 847 4423 publice
893 4337 1181 4421 copulam
1228 4336 1367 4419 quis
1414 4335 1643 4400 habeat
1679 4355 1822 4399 cum
1867 4335 2209 4412 meretrice,
2250 4337 2314 4400 et
2358 4335 2635 4401 iumenta
2674 4339 2762 4404 in-

259 4448 452 4514 ducat
489 4442 678 4510 sicut
704 4440 771 4504 in
796 4440 1135 4516 stabulum,
1163 4439 1360 4504 autin
1392 4439 1528 4521 ipso
1562 4456 1736 4503 sacro
1764 4438 1949 4501 altari
1983 4438 2202 4503 offerat
2234 4438 2533 4503 sacrificia
2558 4440 2759 4504 idolis.

418 4601 740 4645 numm.
758 4615 812 4627 -
831 4594 998 4641 Horo-l.
1024 4594 1159 4637 Tom.
1188 4593 1258 4637 11.
2544 4594 2602 4636 m
