3497 5147
803 351 912 405 474
948 365 1160 406 macr.
1188 367 1269 407 vr.
1292 366 1455 407 snc‘r.
1482 366 1547 406 11.
1567 367 1653 406 nn
1677 365 1959 408 sis-emmo
1985 366 2200 409 manc.
2222 368 2553 410 nncanool.
2580 369 2708 411 car.
2729 369 2810 409 111.
2833 370 2958 410 nnn.
2974 370 3026 409 11.
3061 358 3177 426 [613]

910 463 1019 514 xtl.
1048 464 1096 514 9.
1117 463 1191 515 Ad
1218 468 1388 515 votum
1416 477 1510 516 non
1536 462 1717 516 sufficit
1740 464 1923 517 nudum
1951 463 2277 531 propositum,
2303 463 2418 518 licet
2440 463 2762 518 firmissimum
2777 479 2792 531 ;
2819 464 2920 531 quia
2943 464 3013 530 qni
3033 473 3178 519 tantum

805 547 1075 612 proposuit,
1102 561 1198 600 non
1230 555 1423 601 tenetur
1448 551 1539 600 sub
1576 554 1777 614 peccato
1805 557 2086 614 praestare:
2107 548 2192 615 qui
2219 556 2379 603 autem
2408 549 2647 616 promisit,
2670 549 2898 614 obligatur
2920 552 2998 604 sub
3021 559 3179 615 peceato

801 638 851 683 et
889 630 981 684 nisi
1020 640 1246 698 praestet,
1270 632 1370 696 agit
1408 638 1573 686 contra
1612 635 1757 686 fldem
1798 635 1902 686 Deo
1940 636 2119 687 datam.
2149 636 2270 688 Bou.
2294 649 2342 700 p.
2376 636 2420 688 l.
2450 636 2618 699 Laym.
2645 639 2677 687 l.
2702 649 2743 688 c.

828 743 842 761 '
894 735 1045 809 513.
1080 739 1421 819 Quaerunt,
1457 760 1535 805 an
1572 743 1781 823 peccet
1811 741 2154 819 venialiter,
2195 743 2304 824 qui
2341 742 2579 827 frangit
2615 743 2992 826 propositum.

892 838 953 904 S.
986 842 1171 924 Alph.
1204 862 1266 905 n.
1306 843 1451 907 199.
1490 842 1702 907 allatis
1748 842 1891 907 hinc
1936 843 2077 907 inde
2100 844 2237 907 DD.
2271 844 2605 921 concludit,
2653 846 2960 925 utramque
2998 843 3185 907 senten·

802 943 960 1007 tiam
1007 962 1136 1008 esse
1182 944 1585 1028 probabilem.
1620 945 1721 1009 Ita
1767 964 1817 1009 s.
1855 946 2122 1010 Doctor:
2169 970 2205 1005 ‹
2236 947 2334 1010 An
2372 946 2693 1031 negligens
2740 945 3084 1029 propositum
3107 944 3186 1008 bo-

802 1064 951 1109 num
998 1048 1207 1128 peccet
1236 1047 1461 1111 saltem
1492 1047 1834 1123 venialiter,
1870 1047 2187 1111 affirmant
2215 1048 2484 1126 Lessius‚
2523 1050 2754 1114 Palaus
2783 1051 2892 1114 etc.
2927 1046 3065 1130 apud
3089 1046 3188 1111 Sal·

803 1149 1212 1213 manticenses
1243 1148 1319 1211 de
1368 1147 1502 1212 Vot.
1535 1168 1668 1232 cap.
1713 1151 1770 1213 1.
1807 1169 1864 1213 ιι.
1906 1150 2031 1226 17.,
2068 1151 2145 1215 ob
2190 1150 2676 1216 inconstantiam
2708 1152 2834 1217 sine
2876 1169 3038 1215 causa
3074 1150 3188 1212 tunc

801 1250 1333 1315 intervenientem.
1367 1250 1619 1336 Negant
1658 1253 1867 1315 tamen
1914 1251 2206 1316 Busemb.
2241 1251 2461 1318 Sanch.
2494 1251 2717 1318 Decal.
2749 1253 2852 1317 lib.
2899 1253 2953 1315 3.
2995 1270 3101 1332 cap.
3143 1252 3187 1311 l.

801 1373 860 1416 ιι.
897 1354 1002 1416 21.
1036 1373 1179 1418 cum
1226 1352 1397 1431 Sot0,
1437 1355 1734 1439 Aragon„
1768 1354 1932 1418 Azor
1979 1357 2043 1418 et
2079 1353 2595 1420 Salmanticenses
2631 1355 2717 1419 ib.
2749 1375 2808 1420 n.
2851 1354 2945 1418 18.
2974 1371 3088 1417 cum
3111 1350 3192 1414 Di·

801 1458 978 1531 cast.,
1026 1455 1168 1519 Val.
1218 1455 1396 1521 Suar.
1446 1456 1647 1521 Tolet.
1697 1457 1845 1532 etc.;
1895 1456 2043 1538 quia
2090 1456 2362 1541 (dicunt)
2408 1457 2682 1523 defectus
2730 1457 3077 1523 constantiae
3113 1472 3192 1536 per

804 1576 867 1622 se
899 1577 1020 1622 non
1054 1563 1147 1624 est
1185 1560 1369 1643 culpa
1400 1560 1517 1624 nisi
1553 1561 1952 1642 praeceptum
1984 1559 2169 1623 adsit.
2206 1559 2488 1642 Utraque
2520 1562 2616 1625 est
2652 1559 2979 1644 probabilis
3006 1583 3057 1620 ».

893 1660 1108 1725 Dicere
1141 1661 1301 1725 alius
1327 1661 1578 1744 poterit,
1611 1661 1862 1743 utrique
1897 1661 2236 1726 sententiae
2273 1681 2382 1745 pro
2418 1663 2606 1727 variis
2653 1661 3071 1747 hypothesibus
3097 1675 3192 1721 esse

804 1762 1259 1827 adhaerendum
1298 1765 1362 1827 et
1406 1762 1567 1828 forte
1615 1763 1805 1826 etiam
1845 1763 2066 1827 tertiae
2113 1764 2473 1840 sententiae,
2507 1783 2667 1846 quae
2699 1765 2885 1842 dicat,
2915 1763 3196 1827 inconstan-

802 1864 960 1927 tiam
990 1865 1303 1928 interdum
1336 1882 1466 1929 esse
1490 1865 1896 1942 meritoriam,
1932 1866 1986 1929 si
2009 1885 2226 1949 nempe
2259 1868 2427 1930 recta
2451 1867 2614 1931 ratio
2633 1867 2910 1944 suadeat,
2934 1863 3197 1929 consilium

803 1984 934 2029 esse
969 1966 1363 2030 mutandum.

911 2089 1038 2141 xlll.
1068 2091 1150 2142 lo.
1177 2091 1253 2142 Ad
1292 2096 1460 2142 votum
1499 2088 1761 2154 aliquando
1800 2090 1978 2143 sufficit
2018 2089 2280 2157 promissio
2318 2090 2569 2158 implicita,
2601 2098 2655 2144 ut
2695 2098 2832 2157 patet
2867 2090 2914 2145 in
2949 2086 3199 2154 susceptione

801 2173 1037 2228 Ordinum
1063 2188 1331 2238 sacrorum,
1362 2175 1447 2228 ubi
1487 2174 1598 2228 licet
1625 2190 1722 2228 non
1760 2174 1978 2229 dicatur:
2006 2189 2166 2230 voveo
2211 2178 2291 2231 vel
2318 2177 2548 2244 promitto
2585 2177 2881 2242 castitatem,
2907 2182 3057 2230 votum
3082 2181 3199 2226 umen

800 2263 895 2312 boc
931 2262 984 2313 nt
1019 2259 1272 2326 implicite,
1299 2263 1395 2314 hoc
1420 2259 1530 2327 ipso
1567 2262 1698 2326 quod
1738 2260 1898 2314 sciens
1929 2261 2197 2316 Ecclesiam
2222 2261 2518 2316 annexuisse
2541 2261 2604 2316 iis
2628 2262 2888 2316 ordinibus
2918 2261 3036 2314 istud
3060 2264 3201 2319 votum,

799 2358 887 2396 eos
913 2344 1139 2412 suscipis.
1166 2348 1239 2398 An
1267 2359 1402 2409 vero,
1431 2344 1471 2397 si
1498 2343 1610 2409 quis
1642 2348 1784 2411 plane
1815 2345 1865 2399 id
1893 2345 2159 2414 ignoraret,
2185 2350 2344 2401 adhuc
2383 2354 2669 2401 censeretur
2714 2362 2898 2402 vovere
2932 2362 2989 2400 ex
3021 2340 3201 2408 implicita

799 2427 1083 2492 intentione,
1110 2429 1315 2483 dubium
1356 2437 1445 2484 est.
1474 2429 1637 2496 Aliqui
1676 2429 1830 2496 aiunt,
1858 2430 2005 2495 aliqui
2033 2431 2337 2498 probabilius
2363 2438 2537 2497 negant
2563 2431 2832 2500 dicuntque
2857 2436 2993 2486 talem
3017 2426 3139 2483 teneri
3157 2425 3202 2478 ad

798 2513 1087 2578 castitatem,
1116 2529 1210 2568 non
1237 2529 1297 2567 ex
1324 2521 1460 2579 voto,
1486 2515 1572 2568 sed
1593 2528 1657 2568 ex
1675 2514 1926 2568 Ecclesiae
1945 2523 2219 2584 praecepto
2243 2519 2419 2571 Sancb.
2441 2516 2506 2571 de
2531 2517 2780 2573 Matrim.
2803 2522 2835 2572 1.
2855 2520 2905 2572 7.
2927 2520 2972 2571 d.
2993 2516 3066 2569 27.
3082 2529 3120 2566 ιι.
3142 2512 3203 2562 lt.

802 2601 980 2654 Bonac.
1007 2615 1050 2654 c.
1085 2603 1133 2654 2.
1160 2615 1208 2667 p.
1238 2604 1285 2652 l.
1311 2608 1359 2654 et
1397 2615 1574 2655 comm.

893 2704 1051 2779 514.
1106 2709 1203 2773 Ad
1264 2710 1484 2774 votum
1529 2709 1811 2774 sufficere
1856 2712 2063 2794 potest
2115 2711 2444 2794 promissio
2489 2711 2818 2796 implicita.
2868 2712 2965 2776 Ita
3007 2706 3205 2791 quidam

800 2810 1102 2895 Religiosi
1149 2812 1299 2875 vota
1344 2811 1644 2877 emittunt
1687 2831 1853 2876 mere
1898 2811 2242 2895 profitendo
2273 2812 2681 2877 obedientiam
2711 2816 2899 2879 iuxta
2932 2807 3204 2894 Reyulam

800 2911 1045 2978 Clarius
1075 2913 1139 2977 id
1160 2916 1337 2996 patet
1368 2914 1755 2997 susceptione
1785 2933 2103 2980 sacrorum
2138 2914 2467 2993 Ordinum3
2500 2936 2648 2982 nam
2675 2917 2827 2984 licet
2849 2936 2967 2983 non
2983 2916 3205 2979 dicatur:

800 3036 978 3080 voveo
1024 3016 1121 3080 vel
1140 3017 1445 3096 promitto
1492 3017 1869 3093 castitatem,
1920 3021 2140 3082 votum
2186 3020 2395 3083 tamen
2442 3020 2560 3085 hoc
2604 3019 2761 3086 facis
2808 3018 3088 3105 implicite
3123 3013 3209 3077 hoc

800 3121 935 3203 ipso
974 3116 1140 3200 quod
1187 3118 1402 3195 sciens,
1437 3117 1776 3182 Ecclesiam
1825 3118 2186 3184 adnexuisse
2215 3120 2294 3185 iis
2344 3121 2661 3187 ordinibus
2690 3123 2867 3188 istud
2891 3125 3107 3193 votum,
3132 3130 3210 3178 90⁸

801 3222 1079 3305 suscipis.
1114 3221 1291 3301 Quod
1338 3223 1391 3286 si
1437 3222 1577 3305 quis
1610 3223 1726 3286 hoc
1757 3223 1938 3305 plane
1968 3224 2305 3308 ignoraret,
2340 3227 2547 3291 censet
2582 3245 2631 3292 a.
2671 3227 3026 3311 Alphonsus
3055 3222 3145 3288 lib.
3164 3216 3210 3279 ὃ.

800 3344 859 3388 ιι.
896 3325 1068 3401 809.,
1118 3344 1259 3388 eum
1297 3324 1680 3407 probabilius
1726 3327 1875 3390 voto
1923 3345 2047 3391 non
2095 3327 2400 3412 obstringi
2431 3328 2616 3411 idque
2646 3329 2845 3394 videri
2877 3328 3112 3394 dubium
3135 3319 3210 3383 vix

799 3428 1041 3511 potest;
1073 3426 1373 3511 obligatio
1406 3426 1569 3491 enim
1599 3428 1733 3492 voti
1773 3429 1909 3491 tota
1943 3430 2037 3492 est
2069 3448 2105 3492 a
2130 3429 2475 3507 voltmtate,
2509 3449 2667 3512 quae
2704 3431 2828 3497 sibi
2865 3450 3000 3497 eam
3031 3425 3215 3508 obliga-

799 3530 1034 3595 tionem
1079 3529 1386 3613 imponit:
1435 3529 1610 3594 nulla
1656 3532 1871 3595 autem
1917 3534 2014 3596 est
2050 3532 2360 3610 voluntas,
2419 3533 2527 3597 ubi
2588 3533 2761 3598 nulla
2818 3536 2915 3599 est
2967 3526 3210 3616 cognitio·

798 3632 1071 3697 Ecclesia
1118 3634 1329 3697 tamen
1368 3634 1577 3714 posset
1622 3632 1787 3696 hunc
1825 3633 2093 3718 adigere,
2143 3636 2218 3698 ut
2263 3636 2362 3699 vel
2408 3655 2444 3699 a
2491 3654 2667 3701 sacro
2700 3636 3044 3702 ministerio
3071 3627 3216 3696 absti-

799 3737 946 3800 neat
990 3735 1089 3799 vel
1134 3734 1490 3800 castitatem
1523 3736 1587 3799 et
1623 3735 1872 3817 quidem
1906 3739 2128 3802 votum
2166 3738 2524 3816 emittendo,
2562 3741 2639 3804 ut
2658 3740 3042 3824 probabilius
3067 3730 3215 3800 habet

800 3856 847 3900 s.
904 3836 1259 3918 Alphonsus
1304 3837 1412 3901 lib.
1464 3838 1523 3901 3.
1573 3858 1633 3902 n.
1701 3839 1850 3903 200.
1915 3842 2057 3922 post
2120 3839 2441 3925 Laymann
2503 3845 2725 3921 servet,
2777 3845 2894 3908 aut
2959 3841 3108 3907 certe
3161 3834 3216 3896 ut

798 3937 1120 4019 sacrileyiz‘
1154 3958 1294 4003 reus
1343 3938 1445 4016 sit,
1473 3939 1594 4004 nisi
1624 3943 1861 4015 servet;
1888 3942 2037 4023 quia
2061 3961 2198 4007 eam
2223 3945 2522 4028 praecipit
2553 3964 2626 4009 ex
2656 3944 2892 4011 virtute
2922 3935 3217 4028 religionis.

798 4045 873 4106 ut
918 4040 1081 4106 idem
1115 4059 1164 4104 s.
1196 4040 1379 4124 Alph.
1413 4040 1521 4105 lib.
1558 4040 1617 4105 6.
1645 4062 1705 4105 ιι.
1743 4042 1893 4107 809.
1928 4044 2218 4109 advertit.
2260 4042 2353 4109 Cf.
2390 4048 2469 4111 tr.
2504 4046 2616 4111 IX.
2650 4066 2704 4111 c.
2738 4048 2800 4112 2.
2834 4067 2897 4112 ιι.
2933 4047 3033 4111 27.

904 4164 1042 4220 XIV.
1072 4167 1152 4217 ll.
1180 4164 1231 4218 si
1252 4164 1363 4231 quis
1402 4167 1601 4219 liaberet
1636 4166 1956 4221 intentionem
1995 4168 2309 4234 promittendi
2349 4170 2562 4240 quidem,
2589 4174 2676 4226 sed
2715 4180 2875 4226 tamen
2920 4185 2974 4225 se
3000 4182 3089 4223 non
3123 4160 3219 4219 obli·

794 4250 957 4316 gandi,
978 4252 1162 4304 nullum
1192 4256 1325 4303 esset
1350 4256 1533 4312 votum,
1561 4253 1827 4304 secundum
1861 4253 1981 4305 Nav.
2011 4254 2151 4318 sylv.
2181 4257 2358 4307 Sancti.
2386 4269 2430 4308 n.
2460 4256 2547 4310 27.
2574 4258 2710 4310 Lesa
2740 4258 2773 4311 1.
2806 4259 2856 4309 2.
2879 4271 2924 4309 c.
2952 4256 3033 4309 40.
3058 4253 3159 4305 ἀπὺ.
3181 4247 3215 4297 l·

796 4349 841 4387 n.
870 4338 920 4388 6.
948 4336 1070 4387 Bon.
1097 4341 1145 4388 et
1183 4334 1306 4387 alios
1342 4341 1513 4388 contra
1543 4334 1733 4402 Caiet.;
1763 4336 1875 4402 quia
1902 4337 2014 4391 talis
2041 4353 2134 4392 non
2160 4342 2266 4392 vult
2304 4353 2509 4404 vovere,
2534 4355 2644 4394 cum
2682 4348 2895 4408 apponat
2927 4336 3218 4393 conditionem

797 4427 961 4473 contra
994 4418 1317 4472 substantiam
1353 4424 1506 4471 actus.
1534 4421 1673 4473 Unde
1713 4423 1849 4485 Lugo
1889 4424 1935 4474 d.
1966 4424 2049 4475 23.
2075 4421 2143 4478 de
2181 4426 2314 4479 lust.
2344 4429 2395 4480 et
2436 4427 2554 4480 Iur.
2583 4440 2632 4479 n.
2659 4427 2709 4479 9.
2735 4433 2784 4479 et
2821 4424 2906 4478 alii
2940 4422 3217 4479 contendum.

799 4507 943 4557 talem
970 4518 1064 4557 non
1093 4516 1238 4569 posse
1256 4501 1352 4555 dici
1371 4501 1673 4568 promittere.
1697 4506 1883 4558 Verum
1914 4505 2108 4562 videtur
2132 4522 2243 4561 esse
2267 4509 2492 4574 quaestio
2518 4511 2579 4563 de
2605 4509 2810 4564 nomine.
2835 4510 2889 4563 Si
2908 4523 3024 4563 vero
3049 4506 3223 4559 baberet

797 4588 1007 4643 animum
1050 4586 1260 4641 vovendi
1285 4594 1411 4640 etse
1436 4587 1699 4652 obligandi,
1728 4605 1823 4643 non
1864 4597 2022 4645 tamen
2063 4593 2466 4661 implendi31unc
2507 4594 2650 4649 etiam
2689 4594 2904 4660 graviter
2943 4598 3150 4663 peccaret
3182 4593 3226 4639 01

798 4679 969 4725 votum
999 4678 1131 4725 esset
1161 4670 1394 4723 validum.
1421 4674 1597 4726 Sancti.
1622 4674 1733 4728 Fill.
1759 4676 1881 4727 Bon.
1913 4692 1960 4743 p.
1989 4680 2036 4731 l.
2064 4692 2110 4732 n.
2140 4679 2225 4731 «14.
2250 4681 2420 4744 Laym.
2445 4687 2538 4734 etc.
