3497 5147
383 352 571 429 [1051]
1394 363 1483 402 nn
1516 363 1837 405 munero
2749 353 2856 410 779

390 461 832 543 consequenter
861 459 1244 542 prohibetur,
1292 460 1369 523 ut
1414 459 1507 523 ait
1550 461 1806 538 Auctor,
1857 461 2178 543 quodlibet
2223 464 2633 540 mendacium,
2674 484 2858 546 quae-

387 565 543 644 libet
572 563 809 628 iniusta
875 561 1068 626 laesio
1114 561 1319 626 famae
1364 562 1429 625 et
1472 562 1726 627 honoris
1783 565 2066 646 proximi,
2123 584 2284 647 quae
2340 566 2454 630 fiat
2509 567 2711 630 verbis
2755 568 2856 630 vel

392 664 926 749 aequivalentibus
972 664 1187 748 signis,
1227 664 1574 729 cuiusmodi
1620 668 1769 729 sunt
1813 668 2209 746 contumelia,
2245 668 2567 746 detractio,
2608 668 2856 746 derisi0,

391 767 765 834 maledictiO.
805 767 903 831 Ad
932 767 1102 844 haec,
1140 768 1395 850 propter
1424 767 1802 852 analogiam,
1837 771 2132 834 revocant
2153 771 2292 834 DD.
2327 770 2740 853 suspicionem
2771 773 2858 835 te-

391 873 742 948 merariam,
778 869 1129 952 opinionem
1165 869 1559 934 temerariam
1595 888 1666 935 ac
1696 871 2098 936 temerarium
2145 871 2444 937 iudicium
2470 873 2545 936 de
2577 873 2856 955 proximo

392 978 579 1058 atque
624 973 816 1038 etiam
862 972 1161 1037 iniustam
1207 972 1651 1037 revelationem
1702 974 1940 1050 secreti,
1967 975 2118 1056 quia
2141 973 2345 1039 verbis
2375 973 2508 1039 fieri
2541 976 2718 1039 solet.

480 1077 768 1142 Advertit
797 1093 848 1140 s.
876 1074 1149 1139 Thomas
1178 1076 1234 1137 1.
1264 1076 1324 1137 2.
1359 1093 1417 1156 q.
1457 1075 1604 1138 101.
1638 1093 1695 1138 a.
1735 1077 1816 1151 1.‚
1856 1077 2162 1157 quaedam
2195 1095 2326 1141 esse
2344 1077 2507 1141 inter
2531 1079 2859 1160 praecepta

393 1179 677 1255 moralia,
718 1195 875 1259 quae
906 1194 1029 1241 non
1076 1178 1223 1241 sunt
1258 1176 1516 1240 cuilibet
1544 1176 1877 1241 manifesta
1910 1177 2014 1241 sed
2049 1178 2435 1261 sapientibus
2472 1178 2575 1259 (cf.
2616 1197 2676 1259 q.
2706 1180 2856 1242 100.

395 1301 450 1346 a.
486 1283 579 1362 3.)
611 1282 799 1362 atque
832 1279 1191 1343 huiusmodi
1229 1279 1439 1343 addita
1487 1280 1551 1342 in
1597 1279 1734 1363 lege
1783 1279 1972 1344 fuisse
2019 1280 2234 1345 deinde
2279 1281 2624 1364 praeceptis
2670 1281 2860 1344 Deca-

254 1460 271 1478 ·
390 1384 541 1468 logi.
581 1383 665 1446 Et
709 1382 874 1464 quod
921 1381 1162 1464 spectat
1199 1381 1276 1445 ad
1324 1382 1615 1446 octavum
1664 1383 2081 1465 praeceptum,
2118 1382 2284 1464 quod
2320 1385 2417 1447 est
2462 1383 2536 1446 de
2582 1381 2859 1465 prohibi·

389 1487 559 1551 tione
589 1484 733 1549 falsi
769 1483 1129 1560 testimonii,
1170 1507 1206 1542 ‹
1238 1483 1488 1548 additur
1524 1483 1863 1566 prohibitio
1895 1484 2039 1548 falsi
2061 1483 2295 1560 iudicii,
2330 1483 2668 1549 secundum
2698 1484 2856 1548 illud

390 1588 498 1652 Ex.
533 1587 772 1676 XXIII.
810 1586 945 1650 Nec
991 1587 1063 1649 in
1107 1586 1341 1649 iudicio
1360 1584 1784 1666 plurimorum
1818 1587 2167 1666 acquiesces
2202 1587 2566 1659 sentcntiae,
2593 1591 2664 1649 ut
2691 1605 2733 1648 a
2763 1605 2858 1648 ve-

390 1691 577 1753 ritate
623 1690 827 1752 devies
872 1689 937 1753 et
979 1688 1323 1771 prohibitio
1378 1687 1707 1761 mendacii,
1743 1689 1909 1753 sicut
1935 1687 2040 1752 'ibi
2087 1689 2409 1752 subditur:
2465 1688 2858 1752 mendacium

389 1793 593 1873 fuyies
639 1794 703 1856 et
747 1790 1085 1875 prohibitio
1133 1789 1535 1854 detractionis
1579 1790 1916 1854 secundum
1964 1790 2119 1854 illud
2173 1789 2319 1854 Lev.
2353 1789 2528 1854 XIX.
2577 1809 2705 1853 non
2735 1790 2860 1852 erit

392 1895 758 1958 criminator
800 1898 863 1957 et
903 1911 1164 1957 susurro
1210 1893 1282 1954 in
1319 1892 1571 1972 popidis
1601 1917 1662 1956 ».

414 2049 423 2054 .
482 1998 891 2080 Praeceptum
920 1995 1091 2061 istud
1138 1998 1203 2059 et
1246 1995 1610 2079 negativum
1659 1999 1758 2060 est
1817 1998 1882 2060 et
1927 1996 2397 2061 affirmativum.
2452 1996 2552 2059 Ita
2598 1992 2850 2059 Catech.

393 2100 571 2164 Rom.
612 2098 687 2161 de
732 2099 794 2161 8.
832 2096 1059 2162 Praec.
1093 2118 1153 2161 n.
1190 2099 1249 2160 2.
1292 2118 1327 2155 «
1358 2098 1432 2161 In
1478 2097 1595 2162 1100
1642 2101 2033 2180 praecepto...
2070 2097 2648 2162 animadvertantur
2694 2097 2853 2161 duae

392 2202 580 2286 leges,
620 2201 817 2264 altera
863 2199 1209 2283 prohibenS,
1241 2218 1319 2263 ne
1348 2199 1580 2264 falsum
1625 2200 1870 2265 dicatur
1900 2200 2357 2265 testimonium:
2392 2199 2609 2264 iubens
2657 2198 2858 2263 altera

394 2306 468 2368 ut
511 2303 929 2367 simulationex
952 2302 1339 2384 fallaciisque
1384 2303 1669 2378 sublatis,
1702 2303 1869 2368 dicta
1893 2307 1957 2367 et
1986 2303 2152 2367 facta
2197 2303 2412 2367 nostra
2458 2301 2725 2384 simplici
2759 2317 2856 2363 ve·

397 2407 587 2472 ritate
620 2407 955 2471 metiamur
986 2431 1047 2470 ».
1081 2405 1172 2469 Ex
1202 2423 1326 2488 quo
1372 2425 1748 2489 consequens
1782 2408 1895 2484 est,
1925 2405 2234 2489 prohiberi
2257 2423 2333 2470 ea
2363 2406 2572 2472 omnia
2603 2424 2852 2487 quoque

395 2508 561 2575 dicta
608 2510 705 2573 vel
744 2508 1200 2591 aequivalentia
1243 2507 1411 2572 facta
1456 2528 1616 2592 quae
1647 2511 1797 2573 sunt
1826 2511 2044 2575 contra
2075 2508 2425 2572 veritatem.
2454 2507 2598 2572 Ideo
2638 2509 2850 2571 autem

395 2613 470 2675 ad
519 2613 967 2677 affirmativum
1014 2614 1410 2695 praeceptum
1458 2614 1656 2678 altera
1702 2633 1845 2697 pars
1876 2613 2280 2696 pertrahitur,
2315 2613 2389 2676 ut
2431 2612 2734 2677 innuatur
2762 2611 2847 2688 id,

393 2715 558 2795 quod
605 2715 890 2779 omnibus
936 2714 1332 2778 affirmativis
1367 2717 1709 2798 praeceptis
1740 2718 1836 2781 est
1857 2734 2202 2791 commune,
2237 2734 2454 2797 nempe
2485 2733 2558 2779 ea
2589 2732 2847 2797 semper,

393 2816 497 2881 sed
542 2836 665 2881 non
692 2836 816 2896 pro
858 2836 1098 2897 semper
1144 2816 1439 2901 obligare,
1474 2836 1616 2881 cum
1663 2837 1695 2881 e
1742 2820 2055 2883 contrario
2104 2818 2350 2901 saepius
2387 2817 2722 2882 veritatem
2757 2835 2852 2880 oc-

392 2917 631 2982 cultare
674 2937 917 2983 necesse
942 2919 1046 2983 sit.

485 3022 554 3085 In
585 3020 746 3085 falsa
764 3021 1203 3086 testificatione
1234 3019 1529 3098 iudiciali,
1564 3022 1664 3085 cui
1699 3022 2124 3087 iuramentum
2173 3022 2520 3097 adhibetur,
2547 3021 2853 3104 reperitur

393 3126 529 3189 tum
561 3124 922 3209 periurium,
955 3126 1095 3189 tum
1131 3122 1523 3189 mendacium
1555 3124 1989 3208 perniciosum.
2023 3122 2116 3188 De
2147 3124 2416 3206 periurio
2452 3126 2663 3187 autem
2694 3123 2852 3186 nihil

388 3230 587 3292 restat
622 3248 785 3292 nunc
816 3226 1141 3292 dicendum
1174 3229 1316 3310 post
1347 3227 1787 3292 tractationem
1826 3227 1898 3290 de
1930 3225 2311 3289 Iuramento.
2344 3226 2671 3309 Agendum
2703 3243 2852 3309 ergo

391 3328 465 3393 de
509 3330 832 3395 Mendacio
866 3328 1060 3410 (quod
1091 3330 1165 3391 A.
1195 3328 1436 3411 omisit)
1470 3328 1733 3409 aliisque
1781 3329 2050 3411 peccatis
2083 3327 2370 3409 superius
2402 3329 2800 3392 enumeratis).

1328 3507 1363 3543 *
1397 3524 1477 3569 nn
1511 3522 1827 3570 MnNnAcro
1860 3507 1895 3543 *

485 3644 670 3717 1051.
719 3648 1033 3713 Malitiam
1080 3647 1383 3712 mendacii
1428 3648 1702 3711 declarat
1747 3667 1797 3711 s.
1839 3648 2109 3711 Thomas
2150 3650 2211 3710 2.
2264 3650 2322 3710 2.
2373 3667 2431 3729 q.
2479 3648 2626 3710 110.
2679 3670 2735 3711 n.
2792 3652 2850 3713 1.

390 3750 804 3815 Praemiserat
849 3754 1059 3815 tamen
1104 3771 1162 3834 q.
1199 3751 1472 3834 praeced.
1504 3749 1802 3814 notitiam
1849 3750 2123 3828 virtutis,
2175 3750 2275 3814 cui
2322 3750 2717 3815 mendacium
2752 3770 2857 3833 op-

389 3852 661 3936 ponitur,
711 3871 899 3935 quam
945 3856 1129 3918 vocat
1173 3855 1493 3917 veritatem
1538 3870 1649 3916 seu
1697 3853 2114 3915 veracitatem.
2166 3848 2359 3916 Cuius
2410 3853 2728 3936 proprium
2761 3856 2858 3918 est

392 3956 666 4020 ordinem
714 3975 935 4038 ponere
981 3957 1045 4020 in
1092 3958 1593 4021 manifestatione
1633 3955 1820 4037 (quae
1870 3955 2177 4020 ordinarie
2222 3955 2424 4019 verbis
2471 3955 2571 4038 fit)
2620 3975 2852 4035 eorum,

390 4084 548 4146 quae
597 4064 760 4147 apud
806 4083 918 4129 nos
964 4068 1131 4142 sunt,
1178 4066 1240 4129 h.
1291 4084 1343 4130 0.
1399 4067 1758 4130 nostrorum
1805 4062 2221 4127 iudiciorum:
2271 4063 2376 4145 qui
2434 4062 2583 4127 ordo
2631 4062 2693 4125 in
2741 4063 2858 4127 hoc

391 4167 552 4231 situs
599 4170 712 4246 est,
752 4168 826 4229 ut
870 4166 1049 4251 signa
1095 4167 1515 4249 adaequentur
1562 4166 1649 4231 rei
1696 4166 2001 4250 signatae,
2044 4168 2115 4229 ut
2163 4165 2563 4230 conformitas
2603 4164 2857 4247 proinde

389 4270 473 4333 sit
516 4270 680 4335 inter
724 4269 1047 4334 interiores
1095 4269 1286 4333 animi
1332 4288 1545 4334 sensus
1585 4274 1648 4334 et
1685 4288 1900 4334 eorum
1949 4268 2538 4333 manifestationem.

475 4374 669 4438 Porro
702 4392 760 4456 q.
801 4373 945 4436 110.
989 4390 1044 4435 a.
1091 4372 1147 4435 1.
1182 4371 1361 4435 docet
1404 4371 1795 4436 mendacium
1830 4371 2056 4455 opponi
2088 4372 2344 4435 veritati
2382 4390 2489 4435 seu
2530 4371 2856 4436 veracitati

385 4474 499 4539 hoc
517 4479 720 4559 pacto.
746 4499 781 4535 ⁴<
800 4475 1055 4539 Dictum
1073 4476 1186 4552 est,
1207 4473 1373 4556 quod
1399 4474 1600 4537 virtus
1632 4474 1919 4538 veritatis
1944 4473 2008 4537 in
2035 4471 2539 4538 manifestatione
2574 4475 2860 4538 consistit

392 4575 481 4657 (h.
532 4600 582 4644 e.
633 4581 794 4645 01103,
841 4578 1017 4643 illam
1066 4578 1399 4662 versatur),
1434 4596 1592 4659 quae
1639 4575 1714 4640 fit
1759 4596 1866 4660 per
1901 4577 2112 4658 aliqua
2160 4577 2369 4661 signa:
2419 4596 2577 4659 quae
2610 4576 2859 4661 quidem
