3497 5147
751 364 857 420 118
924 376 1138 418 ‘rancun
1164 378 1219 418 v.
1247 375 1409 418 sno‘r.
1434 375 1525 417 111.
1564 374 1649 414 nn
1683 372 2006 414 cama-Ans
2042 370 2433 412 pannorum-rs.
2472 370 2675 412 captu·
2714 370 2780 410 11.
2808 368 2954 412 nun.
2986 369 3029 409 1.
3063 353 3209 431 [160]

839 475 1005 559 Ergo
1051 475 1325 538 extrema
1368 472 1701 537 necessitas
1746 469 2094 553 spiritualis
2126 470 2241 547 est,
2280 488 2405 552 qua
2436 468 2577 551 quis
2617 468 2747 533 sine
2795 466 3054 532 alterius
3102 485 3209 531 au-

748 578 895 643 xilio
920 578 1161 641 certum
1191 594 1263 639 ac
1291 574 1642 657 proximum
1672 573 1845 638 subit
1874 572 2293 638 damnationis
2318 572 2605 637 aeternae
2642 570 3007 654 periculum.
3042 569 3208 634 Male

749 681 960 745 autem
991 676 1246 760 quidam
1276 676 1413 741 11010
1443 675 1680 741 addunt
1701 675 1893 739 etiam
1929 674 2282 758 proximum
2311 674 2656 758 periculum
2679 672 3005 753 peccandi.
3045 671 3209 736 Nam

745 782 1069 865 peccatum
1112 779 1188 843 fit
1217 778 1466 862 propria
1496 779 1855 853 voluntate3
1889 796 2070 842 nemo
2109 796 2256 863 ergo
2296 777 2506 861 potest
2551 794 2684 841 esse
2728 775 2795 840 in
2841 774 3206 839 necessitate

747 884 1021 947 extrema
1044 879 1352 964 peccandi,
1384 883 1457 945 ut
1488 899 1612 945 non
1634 879 1852 963 possit,
1888 879 2017 944 sine
2040 878 2304 962 proximi
2327 879 2580 957 auxilio,
2608 898 2645 943 a
2676 879 2927 962 peccato
2965 896 3204 942 cavere:

749 1005 799 1051 s.
837 984 1023 1067 Alph.
1057 1004 1116 1048 n.
1153 984 1259 1048 27.

835 1086 1033 1152 Casus
1062 1105 1209 1171 ergo
1242 1087 1361 1150 erit
1392 1106 1450 1150 v.
1483 1105 1576 1171 gr.
1618 1085 1670 1150 si
1702 1085 1929 1167 aliquis
1946 1085 2230 1150 decedere
2261 1084 2483 1150 debeat
2516 1085 2649 1149 sine
2681 1083 3014 1166 baptismo.
3042 1082 3204 1147 Nam

743 1193 800 1256 si
834 1191 1039 1256 solum
1076 1193 1304 1275 agatur
1335 1189 1408 1253 de
1446 1188 1839 1254 absolutione
1871 1188 2298 1270 impertienda,
2339 1207 2462 1253 non
2488 1187 2691 1253 aderit
2720 1187 2848 1251 ista
2876 1185 3207 1251 necessitas

743 1298 1035 1369 extrema,
1074 1293 1173 1358 cui
1206 1294 1419 1357 tenear
1463 1311 1607 1357 cum
1652 1291 1925 1374 periculo
1975 1291 2143 1357 vitae
2190 1291 2537 1368 subvenire,
2589 1290 2643 1355 si
2688 1289 2890 1372 possit
2925 1288 3045 1353 sibi
3075 1307 3209 1371 pro·

740 1396 944 1461 ximus
976 1415 1082 1478 per
1118 1395 1556 1460 contritionem
1600 1392 1941 1476 providere.

832 1493 984 1568 160.
1013 1495 1191 1576 Quod
1215 1496 1426 1560 autem
1459 1495 1599 1577 quis
1623 1497 1913 1560 teneatur
1942 1496 2105 1560 ratio
2138 1498 2234 1561 est
2258 1494 2423 1578 quod
2448 1494 2600 1559 dicit
2623 1494 2885 1560 Ioannes
2908 1493 3127 1576 Apost.
3151 1494 3206 1556 1.

737 1601 849 1684 Ep.
890 1599 1007 1663 ΙΙΙ.
1047 1599 1148 1662 16.
1188 1597 1282 1661 Et
1323 1618 1438 1662 nos
1476 1597 1763 1661 debemus
1788 1617 1911 1677 pro
1949 1595 2261 1676 fratribus
2306 1598 2557 1661 aninms
2580 1615 2834 1676 ponere.
2885 1595 2968 1659 Et
3001 1595 3210 1680 Augu-

737 1704 941 1770 stinus
988 1701 1061 1765 de
1099 1699 1395 1765 Mendac.
1442 1721 1574 1783 cap.
1612 1701 1707 1764 6.:
1766 1725 1801 1758 ‹<
1838 1700 2271 1784 Temporalem
2317 1700 2517 1764 vitam
2569 1718 2749 1763 suam
2794 1717 2904 1781 pro
2954 1701 3203 1763 aeterna

740 1807 874 1872 vita
911 1804 1177 1889 proximi
1196 1823 1322 1869 non
1359 1803 1674 1868 dubitabit
1704 1803 2082 1868 christianus
2121 1804 2411 1868 amittere
2447 1826 2509 1866 ›.

831 1907 921 1971 Ut
938 1909 1147 1971 tamen
1186 1907 1410 1988 urgeat
1438 1907 1590 1970 haec
1607 1905 1932 1989 obligatio,
1959 1905 2083 1970 duo
2114 1907 2537 1988 requiruntur,
2571 1905 2635 1968 1⁰
2655 1906 2730 1969 ut
2753 1923 2892 1987 spes
2924 1903 3204 1968 salvandi

739 2009 1091 2093 proximum
1123 2008 1207 2071 sit
1229 2006 1550 2071 moraliter
1581 2010 1768 2072 certa.
1803 2007 1967 2072 Hinc
2002 2009 2204 2073 mater
2236 2028 2358 2073 non
2391 2010 2638 2074 tenetur
2668 2009 2837 2073 vitae
2867 2007 3209 2090 periculum

739 2109 964 2187 subire,
1000 2112 1072 2174 ut
1103 2109 1305 2192 proles
1351 2108 1549 2191 possit
1584 2109 1923 2190 baptizari;
1973 2110 2120 2192 quia
2166 2112 2340 2176 salus
2400 2110 2659 2176 infantis
2707 2131 2830 2177 non
2878 2112 2970 2175 est
3016 2111 3205 2173 certa.

739 2212 997 2278 Addunt
1041 2229 1274 2284 casum,
1325 2210 1378 2273 si
1424 2209 1668 2274 videam
1714 2210 1991 2289 Petrum,
2043 2212 2107 2275 in
2153 2215 2404 2295 peccato
2452 2214 2894 2291 constitutum,
2930 2215 3206 2295 tempore

741 2313 944 2378 somni
973 2312 1071 2377 vel
1096 2312 1410 2395 phrenesis
1437 2312 1708 2376 occisum
1732 2314 1830 2377 iri.
1867 2314 1953 2377 At
1983 2313 2189 2395 quoad
2221 2315 2568 2398 phrenesim
2599 2315 2789 2380 debeo
2821 2316 3027 2380 certus
3060 2333 3207 2390 esse,

740 2435 885 2481 eum
924 2414 1002 2480 ad
1031 2416 1306 2479 mentem
1337 2433 1461 2479 non
1493 2433 1905 2480 reversurum.

933 2522 1006 2585 2ο
1041 2519 1423 2602 Requjritur,
1471 2521 1546 2585 ut
1588 2537 1769 2584 nemo
1819 2518 1980 2584 alius
2034 2519 2135 2597 sit,
2171 2521 2279 2602 qui
2316 2520 2515 2603 possit
2563 2519 2626 2585 id
2672 2522 3008 2604 praestare.
3042 2519 3202 2586 Nam

743 2643 917 2690 secus
954 2643 1077 2689 non
1124 2626 1219 2688 est
1263 2621 1608 2687 necessaria
1656 2640 1843 2704 opera
1874 2641 2031 2686 mea.

833 2728 999 2790 Bene
1029 2724 1411 2809 Reginaldus
1435 2722 1685 2787 Praoeis
1713 2722 1843 2802 fori
1871 2722 2124 2788 Poenit.
2150 2725 2257 2789 lib.
2294 2726 2354 2789 4
2383 2744 2515 2810 cap.
2541 2727 2645 2791 25.
2671 2728 2817 2790 sect.
2847 2725 2906 2790 6.
2935 2746 2995 2790 11.
3025 2728 3195 2792 357.:

753 2854 790 2889 ‹
819 2828 917 2893 Ad
947 2828 1235 2892 vitandos
1266 2828 1608 2910 scrupuloS‚
1644 2827 1752 2910 qui
1784 2827 1945 2891 01103
1991 2828 2184 2892 talem
2213 2828 2660 2912 obligationem
2693 2828 3105 2895 conscientias
3136 2831 3208 2895 ti-

747 2934 1137 2996 moratorum
1182 2948 1402 2994 vexare
1448 2931 1732 3012 possent3
1784 2929 2129 2995 notandum
2175 2931 2271 2995 est
2307 2948 2447 2994 cum
2494 2930 2871 3008 Valentia...,
2911 2950 3036 2996 non
3084 2952 3210 2998 esse

749 3032 1117 3098 censendum
1163 3032 1513 3113 proximum
1558 3032 1842 3096 laborare
1889 3033 2162 3096 extrema
2199 3032 2583 3109 necessitate,
2633 3033 2687 3097 si
2733 3034 3211 3116 quomodocum-

750 3153 869 3217 que
917 3133 993 3197 ad
1040 3134 1285 3214 tempus
1330 3130 1580 3197 futurus
1618 3134 1705 3199 sit
1750 3136 1923 3199 extra
1970 3135 2085 3200 Dei
2130 3135 2422 3219 gratiam,
2465 3134 2571 3200 sed
2618 3137 2673 3200 si
2720 3140 2888 3202 certo
2939 3141 3053 3203 aut
3077 3159 3209 3224 pro-

751 3235 1041 3301 babiliter
1086 3235 1342 3317 putetur
1388 3236 1559 3299 extra
1591 3236 1934 3300 moriturus
1966 3237 2029 3300 et
2058 3237 2195 3302 ideo
2227 3237 2588 3302 incursurus
2614 3240 2929 3304 aeternam
2963 3240 3212 3306 damna-

751 3338 1011 3412 tionem;
1061 3336 1171 3418 qui
1213 3337 1509 3402 nimirum
1541 3340 1798 3421 apparet
1842 3339 2014 3403 brevi
2061 3340 2402 3405 moriturus
2460 3342 2572 3404 aut
2605 3359 2677 3404 ex
2722 3341 3207 3409 circumstantiis

749 3439 1064 3506 iudicatur
1106 3439 1295 3524 longo
1326 3442 1602 3523 tempore
1631 3442 1695 3505 in
1729 3441 1899 3505 malo
1938 3442 2114 3507 statu
2137 3443 2639 3526 perseveraturus
2676 3444 3199 3530 probabiliterque

750 3544 816 3608 in
847 3561 919 3607 eo
964 3543 1351 3627 migraturus
1398 3562 1469 3607 ex
1515 3544 1630 3606 hac
1675 3543 1829 3607 vita.
1881 3580 1962 3592 —
2011 3544 2373 3609 Notandum
2410 3547 2505 3609 est
2551 3545 2763 3625 etiam,
2811 3567 2925 3613 nos
2973 3549 3049 3614 de
3095 3550 3207 3615 tali

750 3646 1115 3711 necessitate
1161 3646 1582 3728 proximorum
1627 3665 1750 3710 non
1798 3648 1992 3711 teneri
2036 3648 2363 3729 inquirere,
2397 3647 2505 3729 qui
2543 3667 2757 3713 curam
2801 3650 3057 3717 illorum
3090 3672 3207 3717 non

749 3749 1044 3833 gerimus.
1077 3748 1324 3812 Etenim
1360 3767 1432 3812 ea
1469 3748 1791 3829 inquisitio
1825 3752 2002 3814 actus
2026 3752 2121 3814 est
2150 3749 2573 3833 providentiae
2608 3752 2922 3818 habendae
2962 3755 3036 3819 de
3061 3729 3207 3820 alio-

747 3870 890 3914 rum
935 3849 1274 3915 commodis
1321 3849 1418 3913 vel
1465 3850 1889 3926 incommodiS,
1939 3871 2098 3934 quae
2144 3852 2451 3916 incumbit
2500 3854 2752 3919 tantum
2796 3855 2895 3932 iis,
2945 3859 3056 3939 qui
3102 3878 3205 3922 cu·

750 3972 884 4018 ram
932 3953 1183 4017 illorum
1230 3969 1302 4015 ex
1348 3951 1549 4016 officio
1582 3954 1836 4035 gerunt;
1873 3972 1983 4016 1100
2013 3954 2231 4017 ceteris
2271 3954 2440 4019 aliud
2477 3956 2802 4036 incumbit,
2844 3977 3038 4040 quam
3069 3960 3205 4024 sub-

748 4055 955 4122 venire
1002 4053 1346 4120 occurrenti
1389 4053 1476 4116 eis
1523 4054 1946 4134 proximorum
1998 4056 2373 4120 necessitati.
2436 4057 2710 4137 Accedit,
2763 4060 2929 4141 quod
2976 4081 3105 4139 nec,
3156 4062 3206 4128 si

748 4180 887 4226 eam
932 4175 1396 4243 cognoscamuS,
1437 4156 1726 4221 debemus
1772 4177 1885 4222 nos
1932 4178 2041 4241 pro
2088 4178 2159 4222 ea
2209 4160 2356 4244 angi
2401 4162 2836 4239 sollicitudine,
2887 4164 2941 4229 si
2988 4168 3202 4249 proba-

747 4263 956 4327 biliter
1000 4261 1341 4336 credamus,
1392 4260 1547 4325 alios
1587 4259 1817 4337 adesse,
1852 4262 1959 4343 qui
1989 4262 2301 4329 laboranti
2349 4284 2528 4349 opem
2574 4267 2702 4332 sint
2747 4268 2944 4333 laturi
2992 4273 3105 4335 aut
3149 4270 3200 4335 si

750 4367 1055 4433 neminem
1103 4367 1370 4431 sciamus
1417 4365 1685 4450 quidem,
1721 4368 1825 4431 sed
1872 4387 1981 4432 nec
2026 4389 2197 4453 spem
2243 4373 2626 4455 probabilem
2666 4374 2985 4453 habemus,
3037 4375 3199 4460 quod

747 4471 1055 4554 possimus
1102 4489 1208 4553 per
1256 4489 1505 4554 operam
1536 4473 1818 4536 nostram
1849 4474 2202 4539 necessitati
2234 4475 2591 4541 huiusmodi
2623 4476 2955 4543 efficaciter
2988 4482 3200 4546 subve-

749 4575 880 4640 nire
927 4572 1199 4657 adeoque
1230 4574 1424 4639 simus
1454 4572 1517 4638 id
1547 4572 1783 4639 frustra
1830 4577 2141 4642 conaturi:
2190 4578 2356 4661 quod
2393 4597 2517 4644 non
2561 4580 2657 4643 est
2702 4580 3067 4664 prudentiae
3098 4608 3157 4646 ».
