3497 5147
347 353 496 430 [435]
1169 370 1440 414 smomA.
1481 374 1691 415 munus
1725 376 1768 415 A
1805 376 1979 416 MANU
2698 366 2809 420 323

352 470 499 534 licet
529 470 721 534 simul
767 470 1088 534 mutuanti
1132 490 1328 533 unum
1377 469 1605 552 aliquid
1655 474 1949 537 mutuum
1983 474 2230 554 (datum
2273 475 2408 539 scil.
2442 496 2520 539 ea:
2566 477 2811 540 benevo-

359 573 551 637 lentia
591 577 653 636 et
696 573 1060 655 spontanee)
1108 573 1407 655 recipere:
1441 592 1562 637 non
1597 576 1807 638 autem
1853 576 2000 640 licet
2043 597 2184 641 eum
2234 579 2509 662 obligare
2556 579 2633 643 ad
2677 599 2810 644 mu-

357 679 541 740 tuum
586 676 651 739 in
698 677 1019 758 posterum
1066 674 1413 739 faciendum
1463 700 1522 739 ».
1556 676 1723 740 Male
1770 697 1917 762 ergo
1964 678 2479 745 Salmanticenses
2524 682 2811 746 tribuunt

350 798 403 842 s,
436 779 714 843 Thomae
748 778 1228 858 permissionem
1264 778 1615 860 imponendi
1660 781 1913 860 pactum
1960 781 2295 845 mutuandi
2338 783 2412 845 de
2444 785 2771 862 praesenti
2787 805 2807 860 ,-

354 900 498 946 nam
530 901 579 945 s.
616 882 890 945 Thomas
922 881 996 945 de
1027 881 1421 945 mutuatione
1450 885 1796 959 spontanea
1825 882 2125 965 loquitur,
2151 904 2272 949 non
2313 884 2386 949 de
2416 886 2811 950 mutuatione

347 1005 427 1048 ex
466 988 649 1064 pacto
682 985 1027 1063 praesenti.

443 1088 764 1173 Laymann
796 1087 904 1150 lib.
938 1089 1001 1150 4.
1034 1088 1216 1150 tract.
1256 1087 1359 1149 10.
1393 1106 1524 1169 cap.
1560 1088 1765 1150 ultim.
1804 1090 1862 1170 ξ.
1898 1090 1957 1151 3.
1991 1109 2052 1152 11.
2087 1091 2216 1166 25.,
2255 1092 2330 1154 ut
2360 1090 2646 1155 conciliet
2674 1110 2811 1174 gra·-

354 1193 647 1256 tuitatem
673 1191 883 1255 mutui
906 1210 1047 1254 cum
1072 1190 1337 1254 simonia
1361 1190 1424 1253 in
1449 1191 1744 1273 exigendo
1761 1192 2004 1269 mutuo,
2032 1194 2279 1258 scribit:
2305 1218 2340 1253 ‹
2365 1194 2579 1277 Neque
2601 1194 2808 1268 refert,

350 1295 518 1376 quod
552 1294 827 1358 officium
875 1293 1207 1356 mutuandi
1240 1293 1439 1375 pretio
1489 1293 1874 1357 aestimabile
1912 1314 2033 1359 non
2058 1296 2176 1360 sit:
2210 1315 2352 1360 cum
2392 1297 2668 1380 alioquin
2699 1316 2810 1379 pro

352 1396 682 1460 mutuandi
717 1395 921 1460 officio
955 1395 1189 1476 aliquid
1236 1413 1423 1477 supra
1456 1397 1686 1459 sortem
1726 1397 1997 1481 accipere
2042 1398 2286 1462 licitum
2319 1402 2497 1464 esset.
2547 1398 2810 1464 Constat

350 1500 512 1562 enim
547 1519 619 1563 ex
655 1499 712 1581 ἓ.
761 1497 1149 1580 praecedenti
1186 1518 1243 1560 n.
1296 1498 1400 1560 25.
1448 1517 1670 1561 nomen
1718 1499 1902 1580 pretii
1947 1500 2010 1562 in
2042 1501 2304 1564 materia
2337 1501 2636 1566 simoniae
2680 1502 2808 1565 late

354 1600 775 1684 accipiendum
814 1618 962 1677 esse,
990 1600 1065 1663 ut
1099 1618 1220 1663 non
1246 1599 1450 1663 solum
1474 1600 1954 1681 comprehendat
1981 1602 2226 1684 proprie
2257 1602 2492 1666 dictum
2517 1603 2805 1685 pretium,

349 1705 516 1786 quod
548 1705 643 1768 est
672 1704 931 1786 pecunia
954 1704 1020 1767 et
1048 1703 1348 1785 quidquid
1379 1703 1636 1785 pecunia
1663 1704 2048 1767 aestimabile
2079 1706 2191 1778 est,
2219 1706 2321 1769 sed
2348 1707 2536 1769 etiam
2563 1726 2804 1771 omnem

354 1814 545 1877 aliam
576 1811 1080 1876 commoditatem
1121 1792 1545 1892 temporalem,
1596 1829 1754 1890 quae
1804 1811 1988 1874 alicui
2037 1830 2106 1874 ex
2140 1815 2320 1894 pacto
2355 1813 2540 1876 datur
2584 1832 2694 1896 pro
2742 1832 2807 1876 re

356 1916 702 1999 spirituali:
726 1934 870 1978 nam
902 1914 1116 1977 in‘hoc
1152 1913 1286 1994 ipso
1321 1911 1666 1976 essentialis
1697 1912 1944 1975 malitia
1976 1912 2274 1977 simoniae
2305 1914 2607 1989 consistit,
2641 1914 2806 1996 quod

350 2021 413 2083 in
450 2039 520 2083 ea
554 2018 873 2102 spirituale
905 2036 1045 2080 cum
1078 2015 1407 2097 temporali
1440 2017 1820 2096 exaequatur
1857 2033 1928 2078 ac
1958 2018 2384 2080 commutatur
2414 2041 2474 2078 ›.

440 2123 675 2187 Verum
713 2124 863 2187 haec
909 2123 1111 2205 reipsa
1159 2123 1307 2185 sunt
1355 2121 1727 2204 pugnantia:
1778 2140 1921 2183 nam
1968 2122 2377 2186 commoditas
2423 2124 2802 2205 temporaliS,

348 2246 507 2309 quae
532 2226 732 2308 pretio
756 2244 878 2289 non
904 2224 986 2288 sit
1012 2222 1438 2300 aestimabiliS,
1466 2223 1560 2285 est
1583 2241 1755 2286 mera
1779 2222 2109 2286 chimaera.
2141 2223 2305 2287 Hinc
2328 2243 2375 2286 s,
2403 2224 2622 2288 Thom.
2652 2227 2711 2288 2.
2741 2227 2800 2289 2.

344 2351 404 2413 q.
450 2331 600 2393 100.
637 2328 753 2392 art.
792 2329 887 2391 5.:
935 2351 969 2384 «
1002 2325 1180 2404 Quod
1213 2325 1437 2406 aliquis
1476 2325 1825 2389 satisfaciat
1855 2326 2137 2408 precibus
2164 2325 2426 2389 alicuius
2458 2326 2535 2389 ad
2564 2328 2806 2410 tempo-

344 2433 538 2495 ralem
586 2430 861 2516 gratiam
908 2427 1340 2512 quaerendam,
1392 2427 1715 2491 ordinatur
1771 2426 1847 2490 ad
1895 2427 2169 2509 aliquam
2222 2428 2585 2507 utilitatem,
2646 2449 2804 2511 quae

341 2537 553 2621 potest
576 2534 885 2615 pecuniae
922 2531 1121 2615 pretio
1156 2530 1490 2594 aestimari.

436 2638 552 2702 Sed
588 2638 821 2701 mirum
844 2654 965 2700 non
1000 2636 1095 2698 cst
1131 2634 1433 2697 Auctores
1467 2632 1789 2715 implicari,
1824 2632 2069 2715 quando
2103 2633 2337 2714 aliquid
2361 2635 2571 2698 minus
2592 2654 2804 2698 verum

343 2741 693 2816 intercedit,
720 2740 910 2822 prout
931 2738 1065 2801 heic
1091 2739 1185 2800 est
1199 2736 1358 2799 falsa
1374 2736 1548 2800 notio
1576 2736 1837 2800 actionis
1861 2735 2046 2799 dandi
2064 2738 2382 2819 pecuniam
2409 2739 2484 2801 ad
2503 2738 2801 2803 utendum

342 2865 537 2927 quam
575 2844 809 2927 negant
840 2840 1036 2924 pretio
1071 2838 1541 2902 aestimabilem.

434 2948 646 3011 Etiam
696 2943 1211 3008 Salmanticenscs
1258 2940 1333 3003 de
1380 2939 1683 3015 Simom'a,
1733 2960 1866 3023 cap.
1920 2943 1974 3004 1.
2008 2962 2109 3005 nn.
2161 2943 2264 3005 35.
2302 2944 2407 3006 36.
2442 2943 2799 3008 solvendam

340 3050 605 3114 sumunt
636 3048 795 3111 hanc
827 3045 1281 3110 difficultatem.
1315 3043 1498 3123 Nam,
1534 3044 1609 3106 ut
1644 3044 1952 3125 inquiunt,
1989 3063 2199 3108 omnes
2239 3046 2633 3110 consentiunt
2661 3065 2803 3109 cum

338 3175 391 3219 s.
428 3153 673 3217 Thoma
706 3153 766 3214 2.
810 3152 869 3213 2.
909 3151 1055 3213 100.
1099 3151 1213 3212 art.
1252 3151 1310 3213 5.
1348 3147 1423 3211 ad
1462 3148 1789 3212 simoniam
1829 3148 2073 3228 requiri
2084 3151 2359 3228 pretium
2404 3153 2520 3212 aut
2558 3147 2810 3230 aliquid

330 3256 545 3337 pretio
569 3250 977 3317 aestimabile.
1005 3250 1120 3315 Sed
1145 3252 1461 3315 mutuatio
1494 3270 1615 3314 non
1656 3252 1751 3314 est
1775 3250 1921 3331 quid
1955 3251 2152 3333 pretio
2187 3252 2602 3316 aestimabile:
2630 3272 2803 3317 secus

336 3360 488 3423 licet
529 3357 801 3439 accipere
835 3354 1068 3435 aliquid
1105 3353 1274 3417 ultra
1312 3355 1562 3417 sortem.

432 3456 615 3530 435.
646 3458 764 3523 Sed
789 3458 1009 3521 misere
1040 3455 1270 3521 nodum
1305 3456 1576 3519 solvunt.
1611 3456 2006 3539 Respondent
2039 3457 2198 3519 enim
2239 3457 2303 3518 1ο
2335 3456 2395 3519 in
2429 3458 2649 3521 mutuo
2681 3477 2803 3521 non

332 3583 474 3629 esse
508 3560 918 3626 necessariam
964 3560 1209 3623 tantam
1255 3558 1614 3640 puritatem,
1663 3558 1899 3638 quanta
1946 3559 2215 3641 exigitur
2250 3559 2312 3621 in
2352 3558 2799 3639 spiritualibus.

337 3669 430 3732 At
462 3666 649 3731 verba
685 3684 844 3729 vana
879 3666 1059 3740 sunt:
1109 3663 1350 3745 puritas
1399 3662 1581 3739 enim,
1632 3679 1790 3742 quae
1838 3663 2129 3743 utrinque
2177 3663 2464 3744 exigitur,
2498 3663 2646 3726 haec
2687 3665 2800 3741 est,

336 3773 414 3834 ut
462 3769 783 3833 removeat
829 3766 1251 3850 spiritualium
1281 3763 1693 3829 mutationem
1728 3782 1868 3827 cum
1901 3782 1967 3827 re
2012 3765 2339 3845 temporali
2387 3765 2584 3846 pretio
2624 3766 2805 3831 aesti-

334 3873 584 3937 mabili.

523 3974 596 4038 2⁰
619 3974 872 4050 Dicunt,
913 3992 1025 4035 ceu
1056 3971 1385 4034 simoniam
1424 3970 1737 4045 damnari:
1775 3971 1921 4053 quia
1945 3971 2355 4034 communiter
2391 3972 2589 4053 pretio
2624 3974 2805 4038 aesti-

332 4078 501 4142 mari
550 4077 730 4140 solet.
766 4075 957 4157 Atqui
1008 4075 1123 4138 hoc
1172 4094 1311 4138 vere
1360 4075 1472 4138 aut
1507 4074 1661 4137 false
1708 4074 1952 4137 dicitur.
1995 4072 2055 4137 Si
2105 4093 2264 4151 vere,
2299 4092 2444 4157 ergo
2483 4075 2800 4141 mutuatio

332 4183 434 4246 est
470 4180 673 4262 pretio
708 4178 1134 4256 aestimabilis,
1171 4177 1333 4260 quod
1366 4177 1483 4260 ipsi
1518 4178 1767 4263 negant.
1805 4176 1866 4241 Si
1901 4177 2078 4251 sals0‚
2106 4177 2380 4258 profecto
2411 4175 2568 4239 falsa
2594 4178 2800 4260 opinio

335 4283 614 4347 aliorum
662 4301 787 4347 non
835 4282 1043 4345 mutat
1092 4281 1176 4345 rei
1223 4283 1516 4345 naturam
1571 4285 1759 4362 atque
1807 4280 1956 4344 adeo
2005 4278 2122 4341 erit
2170 4277 2433 4341 simonia
2480 4279 2684 4345 solum
2732 4302 2801 4344 ex

332 4387 494 4451 falsa
546 4386 855 4472 opinione.
2605 4438 2612 4445 .

520 4490 592 4554 3⁰
624 4487 786 4568 Quia
826 4486 1037 4551 eadem
1069 4486 1465 4552 irreverentia
1505 4486 1630 4549 imo
1663 4486 1865 4548 maior
1903 4486 2093 4563 adest,
2144 4483 2250 4547 ubi
2301 4482 2447 4563 quid
2479 4483 2801 4565 spirituale

334 4592 525 4658 datur
574 4611 687 4677 pro
737 4611 801 4655 re
840 4590 1187 4674 temporali,
1224 4609 1381 4671 quae
1422 4588 1592 4651 nullo
1626 4588 1826 4669 pretio
1861 4586 2228 4650 aestimabili
2279 4585 2619 4659 confertur:
2655 4588 2798 4665 quia
