3497 5147
295 360 427 430 [563]
1000 371 1083 411 AN
1122 373 1199 411 m
1236 371 1488 419 QUANDO
1527 372 1748 413 121anae
1787 374 2024 416 munuc
2636 362 2742 416 431

291 474 361 536 ut
401 468 571 533 illius
619 468 955 533 affirmatio
1002 467 1117 532 fiat
1161 469 1337 533 nobis
1384 469 1669 533 sollemni
1715 472 1898 536 modo
1946 474 2235 538 securior.
2285 471 2378 537 Cf.
2413 473 2636 538 Suarez
2670 473 2744 536 de

293 573 523 637 Iuram.
556 570 600 634 1.
637 571 700 634 3.
734 589 819 634 cc.
859 571 960 634 13.
1001 571 1101 633 14.

391 725 577 777 XXlV.
601 726 684 776 lo.
715 726 819 777 Non
852 722 1107 791 peieravit‚
1135 723 1219 788 qui
1256 722 1438 776 iuravit
1464 723 1644 790 aliquid
1673 723 1834 790 reipsa
1864 727 2052 798 falsum,
2079 728 2209 791 quod
2247 726 2353 792 ipse
2392 728 2519 778 bona
2565 726 2660 777 ilde
2698 731 2748 776 et

290 824 392 864 cum
427 808 618 863 ratione
655 808 846 876 putavit
880 823 990 863 esse
1029 822 1218 862 verum.

373 918 561 982 Ratio
593 917 856 1001 petenda
889 936 961 981 ex
991 917 1271 981 doctrina
1304 918 1376 982 de
1410 919 1785 982 conscientia
1817 919 2256 983 invincibiliter
2294 938 2567 983 erronea.

390 1069 557 1123 XXV.
587 1070 669 1121 ll.
695 1067 936 1122 Excusari
962 1067 1168 1122 subinde
1206 1068 1403 1134 quidam
1429 1068 1679 1135 simplices
1702 1084 1728 1120 a
1758 1069 1949 1122 mortali
1977 1069 2189 1134 periurio
2223 1069 2448 1121 videntur
2476 1082 2642 1134 posse,
2668 1082 2748 1119 ra-

291 1153 411 1207 tione
446 1152 926 1215 inconsiderationi&
964 1167 1074 1206 cuni
1122 1162 1360 1221 usurpant
1409 1156 1641 1219 quasdam
1694 1155 1929 1208 formulas
1960 1154 2231 1219 iuratoriaS,
2273 1161 2324 1207 ut
2359 1168 2461 1223 per
2493 1153 2745 1207 animam

289 1251 499 1292 meam:
519 1237 726 1306 puniat
761 1251 848 1291 me
886 1238 1047 1291 Deus·
1077 1237 1179 1291 Etsi
1216 1238 1344 1291 enim
1384 1238 1537 1292 sciant
1574 1238 1623 1291 id
1665 1240 1830 1292 vocari
1868 1240 2204 1302 iuramentum,
2233 1254 2327 1292 non
2371 1247 2531 1291 tamen
2574 1252 2742 1305 appre-

290 1323 515 1385 hendunt,
535 1323 665 1387 quod
692 1320 859 1374 iurare
885 1320 949 1375 sit
975 1321 1160 1388 aliquid
1186 1337 1338 1386 grave
1361 1331 1409 1375 et
1427 1323 1661 1376 invocare
1688 1326 1844 1377 Deum
1866 1323 1915 1377 in
1944 1332 2132 1386 testem,
2153 1326 2239 1377 sed
2265 1331 2450 1376 tantum
2476 1326 2749 1390 apprehen-

289 1408 401 1460 dunt
422 1409 676 1459 contusam
701 1406 913 1472 aliquam
939 1406 1178 1460 rationem
1204 1408 1318 1460 mali
1343 1422 1437 1461 uon
1466 1408 1584 1461 tanti
1612 1408 1860 1462 momenti.
1897 1408 2012 1462 Vid.
2040 1411 2159 1461 Bon.
2188 1413 2218 1459 l.
2246 1423 2289 1461 6.
2319 1410 2487 1473 Laym.
2514 1423 2556 1460 6.
2581 1408 2663 1460 14.

375 1519 548 1594 562.
585 1523 999 1609 intelligenda
1054 1525 1149 1589 est
1194 1526 1374 1590 resol.
1411 1527 1601 1590 etiam
1648 1527 1721 1590 de
1755 1528 1915 1591 veris
1949 1526 2333 1602 iuramentis„
2385 1525 2749 1608 praesertim

289 1626 735 1705 exsecratoriiS,
770 1646 927 1709 quae
959 1627 1162 1711 magis
1196 1630 1343 1693 sunt
1367 1628 1428 1691 in
1454 1649 1571 1693 usu
1619 1629 1897 1694 rudibus.

371 1729 566 1794 Addit
601 1748 651 1794 S.
686 1729 870 1812 Alph.
906 1750 965 1793 11.
1019 1730 1167 1794 150.
1217 1749 1288 1794 ea
1336 1749 1495 1812 quae
1532 1750 1641 1813 pro
1692 1732 1832 1795 aliis
1878 1731 2069 1795 etiam
2114 1730 2392 1794 materiis
2430 1729 2750 1794 retinenda

288 1834 450 1896 sunt.
497 1855 536 1891 ‹
581 1831 717 1897 Imo
766 1832 1132 1910 notandum,
1182 1832 1347 1915 quod
1394 1834 1804 1898 communiter
1851 1833 2068 1898 rustici
2115 1853 2238 1898 non
2287 1833 2755 1917 apprehendunt

289 1933 669 2019 gravitatem
733 1934 1008 2018 periurii,
1065 1934 1214 1999 dum
1272 1953 1334 1999 se
1397 1936 1758 2000 confitentes
1814 1936 1886 1999 de
1943 1936 2327 2013 iuramentis,
2384 1955 2606 2019 parum
2654 1935 2753 1999 vel

286 2037 546 2101 minime
590 2037 987 2122 distinguunt
1033 2038 1389 2102 iuramenta
1427 2057 1571 2102 vera
1620 2059 1656 2102 a
1702 2038 1878 2103 falsis
1918 2041 1980 2102 et
2025 2039 2143 2103 hoc
2189 2059 2260 2103 ex
2305 2038 2482 2121 praxi
2511 2039 2577 2101 in
2608 2037 2754 2101 mis-

281 2140 563 2205 sionibus
593 2140 959 2205 iamdudum
990 2141 1283 2205 intellexi.
1324 2139 1525 2220 Quare
1574 2161 1683 2224 pro
1715 2142 1815 2218 iis,
1859 2143 1966 2223 qui
1998 2142 2505 2206 consuetudinem
2538 2141 2752 2205 taliter

282 2242 357 2306 ad
404 2243 808 2327 peierandum
869 2244 1119 2320 habent,
1185 2243 1587 2308 confessarios
1635 2244 1846 2327 potius
1910 2263 2121 2309 censeo
2180 2243 2575 2308 abstinendos
2623 2262 2753 2307 esse

281 2345 357 2409 ab
401 2344 786 2410 instruendis
832 2346 929 2410 his
967 2345 1200 2410 talibus
1247 2345 1320 2409 de
1372 2349 1623 2428 peccato
1673 2346 1873 2431 gravi,
1925 2347 2091 2429 quod
2137 2365 2350 2410 revera
2397 2350 2490 2409 est
2528 2345 2589 2408 in
2625 2364 2754 2428 per-

278 2448 471 2527 iurio;
524 2468 604 2513 ne
652 2451 904 2532 peccata
942 2448 1291 2513 materialia
1324 2449 1387 2512 in
1426 2449 1522 2528 iis,
1560 2450 1636 2514 ob
1668 2450 1908 2514 malum
1941 2450 2247 2526 habitum,
2283 2468 2466 2532 quem
2499 2448 2749 2525 habent,

278 2550 570 2618 formalia
620 2551 906 2629 evadant,
956 2570 1027 2616 ex
1071 2550 1289 2636 regula
1341 2552 1680 2636 generali...
1717 2553 1881 2617 Beue
1928 2554 2139 2617 tamen
2171 2551 2330 2617 tales
2363 2549 2755 2616 consuetudi-

277 2656 435 2720 narii
459 2657 616 2721 sunt
653 2654 900 2720 fortiter
927 2654 1234 2731 monendi,
1268 2658 1341 2719 ut
1373 2654 1652 2738 deinceps
1678 2656 1920 2721 desinat
1942 2655 2171 2720 falsum
2204 2655 2429 2720 iurare.
2462 2652 2754 2718 Ceterum

275 2776 396 2822 non
444 2777 695 2842 semper
744 2756 985 2842 expedit
1034 2776 1282 2821 monere
1328 2757 1685 2821 huiusmodi
1723 2758 2138 2840 poenitentem
2171 2758 2243 2822 de
2275 2757 2590 2842 gravitate
2622 2775 2754 2839 pec-

273 2861 416 2940 cati,
453 2860 509 2926 si
542 2859 813 2925 monitio
857 2859 1294 2943 praevideatur
1324 2879 1447 2924 non
1487 2860 1558 2924 de
1590 2859 1759 2924 facili
1791 2860 2117 2943 profutura
2148 2885 2209 2924 ».

1366 3089 1527 3153 Dus.
1570 3089 1678 3154 IV.

739 3232 852 3298 An
890 3231 1079 3296 liceat
1120 3234 1217 3296 uti
1261 3234 1764 3314 aequivocatione
1813 3235 1882 3297 in
1931 3235 2302 3298 iuramento.

377 3421 583 3475 xxvi.
613 3420 761 3483 Resp.
782 3419 949 3470 iurare
976 3430 1087 3469 cum
1115 3414 1532 3480 aequivocatione,
1554 3417 1747 3480 quando
1774 3416 1899 3468 iusta
1930 3430 2075 3469 causa
2104 3424 2178 3468 est
2207 3424 2253 3468 et
2281 3416 2384 3480 ipsa
2416 3416 2753 3480 aequivocatio

267 3507 399 3569 licet,
426 3521 531 3558 non
562 3510 643 3558 est
669 3502 877 3568 malum;
908 3500 1017 3567 quia
1048 3499 1132 3555 ubi
1158 3500 1335 3553 estius
1376 3499 1650 3552 occultandi
1680 3500 1936 3553 veritatem
1977 3504 2025 3551 et
2051 3504 2328 3553 occultatur
2355 3498 2457 3551 sine
2484 3499 2752 3558 mendacio,

270 3594 402 3644 nulla
434 3586 778 3643 irreverentia
804 3590 858 3639 nt
883 3586 1173 3640 iuramento.
1195 3586 1339 3652 Quod
1367 3583 1409 3636 si
1434 3583 1537 3637 sine
1563 3583 1691 3638 iusta
1718 3598 1866 3637 eausa
1894 3587 1991 3643 liat,
2016 3597 2110 3635 non
2137 3582 2231 3636 erit
2252 3581 2445 3647 quidem
2470 3581 2755 3648 periurium,

265 3690 376 3730 cum
397 3678 590 3730 saltem
611 3673 883 3726 secundnm
906 3670 1115 3737 aliquem
1136 3685 1333 3723 sensum
1359 3672 1625 3722 verborum
1646 3671 1725 3722 vel
1752 3667 2111 3722 restrictionem
2132 3672 2388 3721 mentalem
2411 3682 2577 3721 verum
2598 3667 2756 3724 iuret:

269 3761 363 3815 erit
390 3768 568 3814 tamen
604 3771 665 3810 ex
690 3770 866 3819 genere
891 3770 981 3809 suo
1012 3757 1212 3809 mortale
1240 3761 1409 3808 contra
1448 3752 1734 3817 religionem
1751 3768 1767 3819 ;
1795 3768 1905 3806 611111
1936 3751 2001 3806 sit
2024 3752 2191 3817 gravis
2217 3751 2557 3818 irreverentia,
2583 3755 2646 3807 ad
2682 3758 2753 3809 al·

270 3852 429 3899 terum
451 3844 507 3898 in
530 3858 593 3897 re
613 3840 755 3906 gravi
776 3839 1115 3907 decipiendum
1141 3854 1381 3905 usurpare
1407 3839 1748 3893 iuramentum.
1772 3842 1838 3893 lta
1862 3837 2183 3893 communiter
2203 3840 2311 3892 DD.
2333 3842 2510 3893 Sancti.
2529 3841 2561 3893 l.
2581 3842 2629 3894 3.
2647 3856 2690 3894 c.
2706 3843 2756 3895 6.

271 3931 392 3985 Bon.
422 3945 475 3996 p.
510 3931 606 3983 42.
633 3929 803 3993 Laym.
829 3940 873 3981 e.
904 3928 985 3979 ⁴3.
1012 3923 1142 3979 ‘Hac
1173 3928 1234 3979 de
1265 3939 1319 3978 re
1346 3924 1516 3977 videas
1541 3926 1686 3990 Prop.
1716 3924 1800 3978 25.
1827 3923 1952 3977 inter
1978 3925 2230 3977 damnatas
2256 3927 2315 3977 ab
2343 3926 2507 3979 lnnoc.
2534 3926 2659 3979 XL·

358 4054 551 4130 563.
599 4053 664 4119 S.
704 4054 1057 4138 Alphonsus
1093 4073 1153 4130 n,
1192 4054 1338 4117 151.
1373 4052 1525 4116 dicit
1559 4052 1718 4116 hanc
1753 4052 2084 4117 materiam
2116 4052 2431 4117 difficilem
2462 4054 2526 4116 et
2555 4054 2758 4135 reipsa

267 4160 541 4226 subinde
578 4158 682 4221 est
710 4156 1045 4221 salebrosa.

356 4256 822 4328 Praenotanda
877 4257 955 4322 ad
1026 4256 1375 4321 claritatem
1424 4276 1497 4320 ex
1542 4277 1591 4321 s.
1640 4257 1825 4342 Alph.
1875 4258 2022 4322 ibid.
2071 4254 2588 4341 Amphibologiae
2650 4275 2760 4321 seu

272 4358 831 4449 aequivocationis
864 4358 1089 4442 triplex
1119 4359 1530 4423 communiter
1562 4360 1786 4425 modus
1834 4359 2261 4444 distinguitur.

458 4468 535 4530 1⁰
596 4460 858 4541 Quando
903 4480 1024 4526 vox
1071 4461 1480 4544 multiplicem
1526 4462 1713 4526 habet
1761 4463 2298 4546 significationem,
2354 4462 2503 4544 quia
2546 4482 2759 4546 reapse

276 4567 634 4652 multiplex
681 4565 777 4628 est
808 4583 945 4642 voit,
972 4564 1047 4626 ut
1077 4582 1165 4637 os,
1205 4564 1382 4641 essia,
1418 4566 1481 4628 et
1511 4583 1600 4640 οε,
1638 4566 1786 4629 oris.
