3497 5147
243 382 372 458 [693]
922 395 1007 435 m:
1046 393 1185 435 von
1222 394 1622 435 mmunorzn
1664 396 1999 439 mmmm-ra
2576 387 2706 441 525.

242 494 361 557 ille:
392 517 424 550 «
455 490 628 572 Quod
660 492 714 556 si
744 492 887 575 post
918 491 979 555 id
1018 493 1236 555 votum
1269 491 1581 556 castitatis
1614 493 1838 557 mutuo
1872 513 2176 559 consensu
2203 497 2516 573 emissum,
2544 517 2681 562 0011-

242 597 399 680 iuges
442 593 585 658 dent
615 593 733 659 sibi
763 592 1026 659 invicem
1058 594 1424 659 facultatem
1454 594 1520 658 in
1550 613 1773 678 corpus
1806 595 2003 678 (quod
2033 597 2322 679 quamvis
2362 600 2677 684 sacrilege,

240 696 422 762 valide
444 700 652 760 tamen
677 696 808 760 fieri
838 696 1105 759 diximus
1130 695 1285 780 disp.
1327 696 1432 758 37.
1459 715 1519 759 n.
1554 697 1679 773 15„
1709 701 1771 761 et
1803 697 2084 781 deinceps
2118 700 2311 764 teneri
2345 702 2686 784 utrumque

238 799 307 890 ad
341 799 524 864 debiti
571 798 1023 882 redditionem),
1073 798 1250 864 credo
1289 818 1465 881 posse
1515 799 1717 864 virum
1759 800 1820 864 id
1854 801 2073 865 votum
2108 803 2422 867 castitatis
2471 805 2683 868 uxoris

236 920 502 966 revocare
548 901 695 983 quia
741 900 1211 966 matrimonium
1258 901 1621 974 restitutum
1669 905 1764 966 est
1808 903 1983 984 plene
2017 903 2093 968 ad
2125 905 2392 988 priorem
2439 907 2686 971 statum

235 1007 291 1069 et
321 1003 695 1069 renuntiatio
719 1003 828 1066 illa
867 1002 1021 1067 iuris
1052 1001 1338 1066 irritandi
1361 1003 1456 1067 est
1480 1003 1680 1068 valide
1719 1005 1992 1070 remissa.
2029 1004 2247 1086 Solum
2277 1007 2474 1092 igitur
2496 1011 2685 1091 putat

238 1106 514 1191 sacrilege
548 1106 802 1188 pactum
839 1104 1078 1170 remitti
1111 1130 1171 1168 ».

311 1208 501 1291 Atqui
533 1209 685 1272 haec
721 1226 841 1272 non
889 1207 984 1271 est
1014 1206 1193 1271 firma
1231 1208 1523 1289 exceptio.
1557 1208 1628 1272 Id
1669 1210 1832 1273 enim
1865 1210 2116 1288 valeret,
2152 1211 2206 1275 si
2236 1215 2515 1295 potestas
2548 1213 2681 1277 irri-

232 1310 391 1376 tandi
421 1312 572 1375 vota
604 1310 813 1375 uxoris
842 1309 1213 1374 inniteretur
1236 1311 1438 1375 solum
1470 1310 1612 1390 iuri,
1648 1312 1813 1393 quod
1837 1313 2104 1378 maritus
2136 1314 2326 1379 habet
2362 1315 2425 1378 in
2458 1335 2683 1400 corpus

228 1417 454 1502 uxoris;
491 1435 623 1493 sen,
652 1415 821 1510 squod
858 1415 1022 1481 idem
1053 1417 1166 1492 est,
1202 1414 1254 1480 si
1278 1414 1649 1482 indirectam
1686 1419 1940 1484 tantum
1985 1421 2362 1502 potestatem
2389 1421 2680 1485 irritandi

228 1505 585 1598 hocvotum
628 1518 901 1583 haberet.
950 1516 1037 1582 At
1084 1536 1225 1582 cum
1272 1517 1356 1582 sit
1388 1519 1485 1583 ius
1522 1517 1587 1583 in
1620 1518 2008 1586 voluntatem
2043 1522 2273 1600 uxoriS,
2307 1522 2424 1586 hoc
2469 1523 2568 1587 ius
2616 1524 2681 1592 et

222 1621 485 1703 potestas
537 1639 789 1703 prorsus
821 1619 1227 1704 independens
1261 1620 1357 1685 est
1394 1620 1471 1684 ab
1517 1621 1626 1685 illo
1674 1624 1879 1705 pacto,
1920 1624 1984 1687 et
2016 1642 2158 1687 cum
2204 1624 2514 1689 innitatur
2551 1625 2680 1688 vin-

222 1722 351 1786 culo
376 1721 790 1806 matrimonii,
823 1722 1043 1787 tandiu
1080 1720 1265 1785 durat
1294 1721 1445 1786 haec
1477 1722 1777 1788 subiectio
1812 1724 2022 1789 uxoris
2047 1725 2252 1807 quoad
2287 1725 2680 1790 voluntatem

216 1826 276 1889 et
302 1825 451 1889 haec
479 1824 699 1889 mariti
735 1825 1031 1907 potestas
1070 1842 1391 1906 quousque
1424 1825 1555 1889 stat
1598 1825 2096 1892 matrimonium.
2135 1827 2366 1892 Exinde
2402 1827 2493 1906 fit,
2512 1828 2680 1909 quod

215 1928 577 2016 silmaritus
610 1927 975 1996 concesserit
1007 1927 1186 1994 uxori
1229 1930 1450 1994 votum
1499 1929 1938 2008 continentiae,
1970 1930 2095 1995 iuri
2140 1949 2254 1995 suo
2302 1931 2536 2008 cedens,
2572 1931 2679 1996 sed

212 2031 343 2110 sine
388 2033 540 2096 voto
589 2049 661 2098 ex
705 2030 881 2114 parte
930 2029 1046 2107 sui,
1078 2029 1208 2112 ipse
1241 2027 1509 2094 Sanchez
1541 2029 1689 2095 ibid.
1723 2051 1782 2096 n.
1818 2032 1879 2095 4.
1915 2032 2213 2111 concedit,
2250 2032 2451 2097 valide
2499 2052 2682 2116 posse.

213 2133 414 2198 virum
446 2132 606 2197 illud
644 2134 865 2198 votum
894 2132 1140 2197 irritare
1179 2134 1242 2198 et
1272 2131 1675 2198 nihilominus
1716 2152 1915 2199 11011110
1949 2136 2216 2202 cesserat
2246 2135 2369 2202 iuri
2401 2140 2564 2201 suo?
2596 2135 2683 2199 Et

208 2237 514 2304 rationem
566 2236 745 2301 affert
791 2234 1088 2300 Sanchez:
1146 2235 1308 2317 Quia
1352 2233 1554 2299 adh-ue
1599 2236 1884 2317 superior
1926 2237 2157 2301 retinet
2199 2235 2542 2300 clo-minium
2582 2257 2682 2300 vo-

205 2337 472 2405 luntates
503 2338 786 2408 subditi.-
811 2339 1095 2420 quamvis
1126 2340 1351 2423 peccet,
1393 2338 1447 2403 si
1484 2337 1675 2406 faciat
1698 2338 1829 2404 sine
1855 2357 2063 2405 causa.
2097 2339 2233 2404 Hoc
2272 2342 2483 2404 autem
2512 2340 2683 2404 valet

206 2443 392 2507 etiam
430 2442 498 2506 in
542 2461 697 2506 casu
735 2443 968 2508 nostro.

283 2545 486 2612 Porro
512 2546 855 2630 postquam
874 2562 1029 2608 uxor
1053 2543 1261 2608 soluta
1292 2542 1538 2608 vinculo
1564 2543 1648 2609 sit
1665 2542 1820 2621 voti,
1847 2542 2004 2608 nihil
2033 2542 2318 2629 impedit,
2344 2544 2700 2629 quominus.

196 2647 441 2714 irritare
474 2649 697 2714 valeat
726 2649 946 2712 votum
977 2647 1188 2731 mariti
1221 2647 1294 2711 de
1334 2646 1711 2711 continentia
1761 2647 2087 2712 servanda.
2128 2648 2316 2712 Ratio
2365 2650 2479 2727 est,
2529 2648 2680 2731 quia

191 2752 339 2817 tunc
384 2753 534 2836 ipsa
584 2750 755 2815 licite
801 2752 1008 2834 potest
1044 2768 1334 2831 quaerere
1367 2749 1747 2813 solutionem
1793 2749 2041 2833 pristini
2087 2749 2271 2831 pacti.
2308 2749 2471 2834 Ergo
2504 2749 2678 2816 licite

185 2856 396 2937 potest
445 2856 554 2919 uti
582 2854 891 2937 potestate
923 2871 1036 2916 sua
1076 2851 1152 2916 ad
1183 2851 1625 2916 removendum
1669 2850 1753 2927 id,
1802 2850 1969 2933 quod
2003 2851 2284 2916 obstaret
2331 2852 2675 2917 executioni

183 2957 374 3023 huius
433 2957 611 3022 liciti
669 2955 971 3020 desiderii.
1034 2954 1229 3037 Atqui
1282 2954 1533 3019 unicum
1591 2953 2103 3037 impedimentum
2158 2954 2342 3019 huius
2390 2954 2677 3019 desiderii

183 3060 346 3127 foret
402 3060 764 3136 vinculum,
813 3078 934 3141 quo
983 3058 1247 3125 maritus
1295 3056 1724 3142 obstringitur.
1782 3057 1949 3142 Ergo
1996 3058 2306 3141 potestate
2350 3057 2672 3136 indirecta,

183 3183 307 3245 qua
340 3165 584 3248 pollet,
618 3161 904 3227 irritandi
934 3162 1083 3226 vota
1129 3161 1360 3239 mariti,
1401 3179 1559 3242 quae
1607 3160 1723 3223 sibi
1769 3178 2107 3253 gravamen
2139 3159 2431 3237 inferunt,
2467 3161 2680 3243 potest

180 3264 339 3352 illud
378 3266 674 3349 irritare.
706 3334 713 3341 ‚
888 3254 895 3255 f

272 3368 565 3434 Sublato
602 3368 811 3437 autem
835 3365 951 3431 hoc
974 3365 1247 3442 vineuIO,
1266 3364 1422 3431 nihil
1454 3364 1760 3448 prohibet,
1795 3363 2123 3445 quominus
2148 3363 2397 3443 solvant
2422 3368 2677 3449 pactum

176 3474 496 3547 mutuum
537 3469 917 3539 nonutendi
942 3470 1081 3537 iure
1113 3468 1381 3551 proprio.
1415 3467 1603 3550 Ergo.

269 3571 465 3646 893.
496 3572 726 3654 Neque
758 3572 1031 3648 obiicias,
1067 3570 1359 3653 coniuges
1382 3568 1578 3652 igitur
1608 3586 1731 3631 non
1764 3585 1942 3649 posse
1980 3566 2071 3630 ita
2096 3585 2160 3629 se
2183 3567 2330 3629 voto
2361 3566 2577 3649 ligare,
2604 3567 2700 3628 ut

172 3698 298 3744 non
338 3680 435 3744 sit
469 3678 547 3742 in
584 3676 896 3760 potestate
926 3676 1205 3759 ipsorum
1242 3671 1559 3735 vinculum
1609 3670 1868 3733 abiicere
1894 3670 1957 3732 et
1987 3670 2079 3733 ita
2113 3686 2326 3732 eorum
2358 3669 2506 3731 vota
2547 3685 2680 3731 esse

172 3800 427 3866 semper
462 3778 927 3855 conditionata,
963 3779 1034 3842 ut
1072 3777 1295 3841 durent
1326 3776 1549 3850 solum,
1590 3773 1651 3837 si
1678 3773 1814 3854 ipsi,
1838 3772 2050 3837 velint.

256 3886 411 3953 Hoc
446 3881 635 3949 enim
674 3881 979 3961 absonum
1000 3899 1124 3945 non
1155 3880 1269 3957 est,
1303 3879 1466 3945 sicut
1511 3878 1814 3942 absonum
1845 3894 1968 3941 non
2006 3878 2121 3955 est,
2157 3894 2405 3943 manere
2439 3894 2679 3960 semper

162 3988 230 4051 in
278 3985 606 4054 voventis
650 3984 981 4066 potestate.
1010 3984 1087 4048 ut
1130 3982 1326 4065 possit
1372 4000 1662 4063 quaerere
1695 3978 2243 4061 dispensationem,
2296 3982 2360 4043 et
2405 3978 2569 4044 sicut
2613 3979 2678 4042 in

159 4091 511 4174 superiore
558 4104 803 4169 semper
846 4086 1060 4149 manet
1100 4084 1368 4148 facultas
1414 4080 1830 4166 dispensandi,
1879 4078 2132 4169 etiamsi
2180 4079 2333 4144 velit
2371 4098 2436 4143 se
2482 4080 2681 4162 ligare

158 4192 270 4272 ita,
309 4196 396 4259 ut
440 4189 754 4255 videatur
791 4207 913 4253 non
952 4205 1129 4271 posse
1176 4185 1546 4269 dispensare.
1580 4185 1715 4249 Hoc
1755 4185 1966 4248 autem
2006 4183 2176 4246 valet
2211 4181 2399 4245 etiam
2449 4180 2520 4243 de
2569 4199 2680 4263 po-

159 4298 409 4361 testate
436 4292 771 4360 irritandi.
798 4291 883 4355 Et
904 4291 1105 4355 simile
1130 4289 1277 4372 quid
1308 4289 1496 4353 habes
1527 4288 1593 4351 in
1614 4286 1938 4364 Pontifice,
1967 4285 2076 4368 qui
2109 4284 2264 4349 velit
2287 4282 2680 4367 praecludere

159 4390 425 4464 aditum
483 4393 852 4459 rescissioni
900 4392 1162 4457 alicuius
1210 4390 1549 4455 sententiae
1594 4388 1921 4453 iudicialis.
1972 4386 2136 4451 Nam
2185 4385 2413 4470 poterit
2463 4385 2683 4467 utique

157 4501 549 4570 decernere,
593 4515 666 4560 ne
695 4513 838 4560 reus
871 4484 1070 4578 possit
1101 4493 1418 4577 postulare
1448 4492 1871 4556 rescissionem
1914 4491 2057 4573 (hoc
2096 4489 2218 4553 dici
2242 4489 2421 4565 solet,
2455 4507 2684 4572 negare

147 4603 628 4688 aperitionem
671 4598 826 4681 oris)
860 4598 923 4661 et
968 4596 1305 4671 decernere,
1354 4613 1429 4657 ne
1463 4592 1778 4657 audientia
1813 4593 2203 4676 praebeatur.
2237 4591 2323 4655 At
2355 4608 2554 4654 nonne
2579 4589 2684 4653 de-
