3497 5147
663 317 773 371 636
894 331 1106 373 mor.
1131 331 1212 373 vr.
1239 329 1401 371 snc‘r.
1430 331 1485 371 v.
1513 330 1597 368 nn
1623 328 1850 376 Qmwro
1874 328 2090 370 Panno,
2117 327 2447 369 Dmcnnom.
2471 326 2604 367 cap,
2626 327 2666 366 1.
2687 326 2830 368 nnn.
2851 327 2890 366 1.
2985 310 3139 386 [859]

668 426 824 491 satis
860 428 1172 491 remotum
1220 427 1493 491 videtur:
1527 445 1649 490 non
1685 426 1852 489 enim
1898 425 2269 508 sperandum
2304 424 2468 488 foret
2510 442 2636 502 rec,
2669 423 2853 487 hosce
2900 424 3135 489 amicos

669 528 747 592 ad
781 548 1041 593 manum
1066 530 1313 611 praesto
1345 528 1438 593 ita
1471 546 1622 605 esse,
1650 530 1723 593 ut
1758 527 1875 610 ipsi
1900 546 2096 610 poena
2121 546 2245 592 non
2276 527 2361 591 sit
2389 524 2894 609 pertimescenda.
2917 525 3139 590 Potior

673 630 836 694 ratio
884 631 998 707 est,
1047 630 1113 694 id
1157 630 1466 713 postulari
1512 630 1591 693 ad
1638 628 1913 693 ordinem
1958 629 2240 693 iustitiae
2285 627 2677 705 servandum,
2723 646 2909 709 quem
2956 626 3138 692 iudex

670 732 1005 816 infringere
1042 752 1165 798 non
1202 734 1429 816 potest.

762 834 980 914 Quoad
1015 835 1296 899 tabulam
1345 834 1675 900 cedendam
1707 834 1906 899 amico
1953 835 2015 898 in
2049 833 2377 917 naufragio
2409 834 2618 915 (casus
2667 832 2879 895 autem
2911 831 3136 896 similis

669 938 952 1013 recurrit,
987 937 1041 1001 si
1083 939 1313 1020 agatur
1342 936 1415 999 de
1452 955 1608 1019 pane
1640 936 1904 1000 cedendo
1938 936 2120 1000 alteri
2148 936 2212 999 in
2254 938 2528 999 extrema
2574 933 2900 1015 utriusque
2936 951 3138 997 neces-

671 1041 882 1113 sitate,
915 1039 1014 1103 vel
1061 1039 1325 1103 cedendo
1374 1057 1553 1120 equ0‚
1587 1038 1833 1120 quando
1880 1039 1989 1119 qui
2020 1037 2184 1102 cedit
2228 1056 2477 1119 equum,
2512 1036 2645 1101 obit
2672 1037 2941 1100 mortem
2986 1036 3135 1116 quia

670 1142 888 1225 fugere
919 1160 1041 1206 non
1076 1143 1302 1224 potest,
1335 1142 1400 1204 et
1432 1141 1556 1203 alia
1589 1140 1974 1222 huiusmodi)
1997 1140 2250 1204 celebris
2288 1141 2383 1203 est
2415 1137 2721 1202 sententia
2753 1156 2802 1201 s.
2836 1137 3132 1214 Thomae,

675 1244 838 1307 hunc
869 1262 999 1307 esse
1031 1242 1546 1327 perfectissimum
1584 1244 1795 1306 actum
1829 1242 2102 1306 virtutis.
2200 1309 2213 1316 ,

764 1345 825 1410 S.
860 1345 1070 1429 Ligor.
1106 1365 1165 1409 n.
1201 1345 1351 1409 366.
1386 1345 1603 1409 inserit
1633 1345 1934 1408 nonnulla
1965 1344 2111 1408 huic
2146 1344 2538 1428 paragrapho
2574 1342 2999 1407 Busembaum
3016 1342 3132 1408 sic:

679 1471 718 1506 «
742 1446 1008 1511 Etiamsi
1045 1446 1263 1511 tabula
1293 1447 1420 1511 iam
1452 1448 1536 1511 sit
1566 1449 1770 1529 capta,
1805 1448 1881 1510 ut
1915 1448 2132 1511 contra
2164 1444 2385 1512 Sotum
2415 1445 2652 1527 ,docent
2690 1443 2939 1529 Sylvius
2971 1445 3138 1527 apud

672 1549 985 1633 Tournely
1032 1551 1096 1613 et
1141 1548 1501 1614 Salmantic.
1538 1574 1600 1612 ».
1636 1548 1869 1613 Deinde
1915 1549 2101 1632 paulo
2150 1550 2292 1632 post
2338 1548 2583 1613 subdit:
2623 1572 2659 1605 «
2697 1548 2887 1612 Recte
2925 1548 3138 1612 autem

674 1651 946 1715 advertit
977 1650 1246 1735 SylviUS,
1286 1671 1427 1715 eum
1460 1670 1580 1715 non
1616 1669 1794 1734 posse
1834 1650 1911 1714 ad
1958 1650 2239 1714 tabulam
2288 1650 2618 1714 cedendam
2651 1669 2715 1714 se
2747 1650 3043 1733 proiicere
3073 1650 3138 1715 in

674 1773 873 1830 mare3
895 1753 1042 1835 quia
1067 1772 1245 1817 nemo
1271 1755 1479 1836 potest
1502 1753 1767 1835 positive
1790 1772 1854 1817 se
1881 1753 2168 1817 occidere.
2188 1752 2351 1816 Hinc
2374 1772 2569 1834 neque
2594 1751 2670 1816 ad
2695 1752 3140 1834 baptizandum

676 1876 937 1939 puerum
994 1858 1202 1937 potest
1268 1856 1408 1937 quis
1454 1875 1518 1919 se
1563 1856 1625 1919 in
1675 1855 1904 1919 flumen
1949 1855 2264 1938 projicere,
2313 1858 2386 1919 ut
2433 1854 2744 1937 Toumely
2791 1873 2934 1938 pag.
2987 1855 3138 1918 279.

676 1960 831 2022 tom.
866 1959 948 2020 ΙΙ.
991 1959 1221 2021 contin.
1249 1981 1310 2020 ».

769 2059 886 2122 Sed
924 2059 979 2123 si
1008 2059 1103 2122 ita
1140 2061 1254 2136 est,
1289 2078 1398 2124 nec
1428 2060 1659 2141 poteris
1705 2059 2030 2124 concedere
2079 2059 2394 2136 tabulam3
2430 2078 2576 2123 nam
2610 2058 2910 2139 proiectio
2948 2059 3049 2124 sui
3077 2061 3143 2124 in

678 2180 850 2224 mare
883 2161 978 2224 est
1000 2161 1416 2225 necessarium
1446 2179 1822 2243 consequens
1855 2179 2174 2225 concessae
2206 2161 2487 2224 tabulae:
2513 2179 2636 2224 non
2659 2160 2824 2224 enim
2855 2160 2931 2224 fit
2960 2180 3144 2242 quac-

678 2263 801 2329 stio
833 2264 905 2326 de
938 2282 1030 2336 eo,
1071 2263 1179 2346 qui
1216 2265 1431 2328 natare
1464 2264 1654 2338 sciat3
1688 2264 1779 2328 sic
1810 2264 1972 2327 enim
2010 2263 2186 2327 nulla
2231 2265 2392 2327 esset
2438 2263 2777 2327 difficultas
2823 2264 2887 2327 et
2930 2265 3143 2346 posset

674 2368 803 2431 imo
842 2367 1034 2431 cessio
1084 2366 1335 2431 tabulae
1369 2387 1440 2431 ex
1485 2368 1747 2431 caritate
1786 2366 2012 2431 deberi.
2045 2365 2344 2446 Quocirca
2382 2369 2446 2431 et
2491 2365 2741 2450 Sylvius
2788 2370 2997 2431 monet
3028 2367 3141 2431 do-

674 2473 877 2535 ctores
910 2490 1059 2547 esse,
1086 2469 1194 2552 qui
1226 2470 1539 2533 affirment
1562 2489 1723 2545 eum,
1751 2470 1859 2551 qui
1892 2470 2112 2553 peritia
2144 2470 2401 2534 natandi
2432 2471 2619 2548 caret,
2646 2490 2825 2553 posse
2852 2470 3138 2534 tabulam

677 2573 915 2649 cedere3
945 2573 1035 2636 ita
1061 2572 1223 2636 enim
1249 2572 1463 2636 scribit
1485 2571 1550 2635 in
1576 2575 1635 2636 2.
1661 2575 1720 2636 2.
1747 2593 1807 2655 q.
1836 2572 1941 2636 26.
1969 2575 2087 2637 art.
2114 2573 2198 2637 4.:
2233 2598 2268 2632 «
2293 2572 2360 2639 Si
2381 2572 2509 2637 iam
2533 2575 2738 2657 coepit
2767 2593 2840 2638 ea
2861 2572 3139 2656 (tabula)

676 2677 792 2748 uti,
822 2695 943 2741 non
976 2675 1222 2739 videtur
1244 2694 1424 2758 posse
1448 2694 1586 2739 eam
1609 2676 1971 2757 relinquere,
1995 2675 2085 2739 ita
2118 2677 2191 2739 ut
2221 2694 2285 2739 se
2310 2676 2515 2758 ipsum
2538 2677 2604 2740 in
2626 2695 2798 2741 mare
2829 2676 3135 2760 proficiat,

676 2779 796 2842 nisi
834 2780 1086 2860 propter
1116 2777 1405 2861 peritiam
1436 2777 1694 2841 natandi
1725 2778 1891 2842 absit
1924 2778 2266 2860 periculum
2302 2779 2547 2855 mortis,
2574 2781 2645 2842 ut
2676 2778 2912 2844 iudicat
2948 2776 3137 2843 Sotus

681 2881 721 2944 1.
754 2882 813 2942 5.
842 2881 905 2942 et
929 2880 1271 2944 Turrianus
1303 2900 1362 2962 q.
1383 2881 1489 2943 32.
1515 2880 1700 2943 huius
1726 2880 1944 2963 partie,
1970 2880 2114 2944 dub.
2145 2881 2204 2944 5.
2231 2879 2401 2943 Talis
2427 2881 2590 2945 enim
2620 2880 2718 2943 sui
2748 2880 2946 2962 ipsius
2969 2899 3140 2963 prae-

676 2983 961 3066 cipitatio
995 2983 1239 3046 videtur
1264 2982 1340 3046 ad
1375 2981 1739 3047 occisionem
1766 2983 1865 3045 sui
1896 2983 2233 3064 pertinere:
2267 2982 2385 3046 etsi
2417 3001 2539 3046 non
2570 2982 2792 3059 desint,
2826 2984 2934 3064 qui
2959 2983 3141 3047 aliter

673 3086 997 3151 sentiant»
1017 3084 1202 3164 (quae
1226 3086 1539 3166 postrema
1562 3085 1747 3148 verba
1771 3084 2169 3147 continuator
2186 3084 2496 3168 Toumely
2520 3105 2662 3168 pag.
2683 3086 3138 3167 279.omittit).

768 3187 1057 3252 Ceterum
1104 3206 1176 3251 ex
1222 3187 1727 3252 communissima
1774 3187 2054 3251 doctrina
2101 3186 2253 3268 (vid.
2303 3188 2632 3271 Fagundez
2681 3187 2757 3251 de
2804 3189 2863 3251 5.
2905 3188 3135 3252 Praec.

681 3291 789 3353 lib.
826 3292 884 3351 5.
920 3307 1053 3370 cap.
1094 3289 1196 3351 12.
1229 3309 1289 3352 n.
1328 3289 1430 3352 18.
1465 3308 1607 3372 pag.
1646 3289 1825 3372 704.)
1870 3288 2039 3352 licite
2083 3289 2280 3371 poteS,
2328 3289 2434 3352 sed
2477 3308 2604 3354 non
2650 3290 2896 3367 teneris,
2930 3291 3140 3354 cedere

684 3393 965 3457 tabulam
1005 3391 1197 3455 etiam
1231 3392 1674 3474 apprehensam
1711 3391 1929 3454 ceteris
1951 3390 2243 3470 paribus.
2286 3389 2523 3456 Ceteris
2555 3393 2812 3472 inquam
2846 3392 3137 3472 paribus

570 3577 581 3588 ·
678 3495 840 3574 Quia
866 3494 919 3558 si
944 3495 1027 3558 sit
1053 3495 1331 3576 princeps
1356 3494 1468 3556 aut
1499 3512 1758 3575 persona
1789 3493 2056 3576 publica,
2085 3513 2121 3557 a
2145 3513 2267 3575 qua
2295 3493 2527 3557 bonum
2552 3494 2870 3576 publicum
2893 3495 3136 3577 pendet,

680 3598 877 3662 veluti
908 3597 1031 3661 dux
1063 3596 1384 3673 exercituS,
1420 3598 1666 3660 tenetur
1695 3596 1872 3660 illam
1902 3615 2025 3660 non
2056 3596 2388 3673 dimittere,
2423 3595 2477 3659 si
2523 3596 2587 3660 in
2619 3596 2832 3660 eodem
2865 3597 3137 3682 periculo

676 3701 780 3764 sit.
816 3701 974 3763 Item
1007 3699 1057 3762 si
1092 3698 1200 3780 qui
1233 3698 1652 3781 apprehendit,
1678 3698 1840 3763 filios
1872 3699 2101 3761 habeat
2121 3698 2463 3762 necessario
2488 3698 2760 3775 alendos,
2783 3718 2905 3763 non
2931 3701 3141 3782 potest

678 3803 847 3865 licite
880 3801 1192 3865 dimittere
1225 3803 1288 3864 et
1319 3803 1565 3866 tenetur
1595 3821 1716 3866 non
1755 3801 2103 3864 dimittere:
2139 3801 2450 3864 teneretur
2480 3802 2690 3865 tamen
2726 3801 2937 3866 cedere
2968 3803 3139 3884 prin·

674 3903 817 3986 cipi,
858 3903 957 3966 vel
989 3922 1282 3985 personae
1328 3905 1629 3986 publicae,
1663 3904 1738 3967 ut
1784 3921 1989 3984 supra.
2035 3902 2309 3983 Denique
2342 3904 2395 3966 si
2426 3902 2512 3967 sit
2555 3904 2620 3967 in
2657 3905 2829 3968 statu
2878 3906 3136 3986 peccati,

676 4026 785 4071 nec
817 4005 1015 4089 possit
1053 4005 1481 4069 convenienter
1526 4005 1840 4086 concipere
1877 4003 2312 4067 contritionem
2343 4005 2492 4087 quia
2536 4007 2787 4088 peccato
2822 4006 3135 4087 adhaeret,

674 4108 959 4172 tabulam
998 4126 1120 4171 non
1158 4108 1366 4190 potest
1395 4106 1603 4171 cedere
1633 4124 1830 4187 neque
1867 4104 2026 4187 Regi
2063 4108 2177 4169 etc.

768 4213 857 4275 De
897 4210 1281 4274 inserviendo
1330 4209 1571 4273 infectis
1609 4208 1801 4290 peste,
1838 4207 1996 4271 nihil
2034 4207 2378 4275 addendum
2410 4213 2507 4275 est
2536 4213 2600 4275 et
2631 4213 2726 4276 est
2765 4212 2942 4276 actus
2979 4213 3139 4276 cari-

678 4314 851 4384 tatiS,
885 4313 995 4393 qui
1028 4313 1470 4394 aequiparatur
1500 4310 1824 4394 martyrio.

769 4410 941 4483 859.
983 4416 1074 4478 De
1121 4433 1185 4479 se
1232 4413 1691 4496 praecipitando
1739 4413 2055 4478 occasione
2099 4414 2383 4492 incendii,
2431 4416 2595 4481 ratio
2643 4417 2792 4480 haec
2839 4436 2876 4479 a
2923 4417 3136 4482 Lessio

677 4515 934 4579 affertur
971 4516 1013 4578 l.
1047 4536 1097 4579 c.
1141 4537 1197 4579 n.
1234 4518 1340 4580 33.
1375 4516 1540 4598 quod
1587 4535 1707 4581 non
1753 4515 2020 4581 intendis
2067 4519 2332 4581 mortem
2379 4519 2576 4595 tuam,
2616 4517 2722 4582 sed
2765 4537 2874 4600 per
2918 4517 3138 4603 fugam

681 4616 939 4682 evadere
972 4616 1175 4680 dirum
1214 4618 1370 4682 illud
1410 4621 1810 4684 tormentum.
