3497 5147
304 372 447 448 [298]
906 385 992 425 nn
1029 383 1495 426 coormwnorm
1532 381 1755 423 33013111
1793 382 2155 425 3300333131
2658 374 2765 428 217

305 486 394 569 (et
418 485 700 569 prostare
732 484 1073 549 necessario
1098 483 1339 560 debent,
1366 483 1513 564 quia
1544 482 1778 545 habent
1807 482 1998 546 etiam
2021 483 2225 547 licitos
2258 486 2456 566 usus),
2481 484 2606 548 iam
2642 503 2765 549 non

304 588 661 672 impedirem
692 589 1033 671 peccatum.
1073 586 1237 670 Ergo
1268 584 1568 649 damnum
1603 583 1873 648 subirem
1906 584 2036 648 sine
2072 603 2278 649 causa.

388 691 656 755 Proinde
693 690 976 773 apposite
1006 687 1245 753 Auctor
1281 686 1507 769 excipit
1536 705 1751 750 casum
1788 711 1825 746 ‹
1862 687 1981 751 nisi
2022 688 2160 768 quis
2198 688 2375 765 sciat,
2411 689 2765 771 quempiam

306 795 694 859 innocentem
723 811 849 856 non
879 810 1014 856 esse
1045 790 1516 873 pervertendum
1548 790 1679 853 nisi
1714 808 1820 871 per
1851 808 1998 854 suas
2029 790 2171 853 illas
2208 809 2438 855 merces
2463 815 2525 865 »‚
2567 812 2623 854 v.
2666 811 2760 875 gr.

306 915 407 980 per
436 896 671 960 librum
701 896 849 971 310.;
890 913 1036 958 33111
1067 895 1217 957 tunc
1253 891 1533 975 negando
1571 910 1834 955 mercem
1882 910 2022 955 vere
2066 892 2393 974 impediret
2438 893 2765 975 spirituale

308 999 560 1064 alterius
607 998 924 1061 damnum.

388 1100 609 1180 Quoad
633 1099 918 1184 gladium
946 1117 1087 1163 vero
1112 1096 1387 1161 dandum
1409 1116 1637 1178 magno
1650 1096 1877 1175 pretio,
1903 1097 1990 1160 ibi
2013 1115 2136 1161 non
2169 1097 2380 1181 agitur
2411 1097 2484 1162 de
2508 1098 2763 1164 vitando

304 1204 547 1286 proprio
586 1202 834 1279 damno,
861 1201 966 1265 sed
996 1200 1071 1264 de
1101 1218 1222 1264 non
1258 1199 1627 1281 acquirendo
1664 1198 1840 1264 lucro
1871 1199 2106 1280 iniquo,
2146 1199 2311 1280 quod
2360 1200 2617 1265 offertur
2647 1201 2766 1265 tibi

302 1307 363 1369 et
394 1304 599 1369 tendit
635 1303 715 1368 ad
751 1302 1248 1385 cooperationem
1286 1303 1463 1366 tuam
1500 1300 2001 1383 extorquendam.

387 1412 598 1494 Atque
622 1411 758 1475 heic
778 1410 1052 1476 notanda
1077 1409 1359 1493 specialis
1382 1409 1544 1472 ratio
1571 1408 1807 1489 peccati
1831 1410 2047 1472 contra
2070 1407 2399 1472 iustitiam.
2426 1408 2589 1473 Nam
2613 1412 2766 1474 tunc

304 1534 418 1579 non
442 1515 651 1578 solum
685 1512 861 1578 adest
892 1514 1057 1577 ratio
1088 1511 1458 1594 impediendi
1490 1530 1562 1574 ex
1593 1510 1858 1574 caritate
1888 1511 2209 1592 peccatum
2242 1511 2497 1575 abusuri
2527 1531 2593 1575 re
2629 1513 2762 1588 tua,

302 1617 403 1681 sed
439 1618 763 1701 praeterea
797 1615 973 1679 adest
1002 1615 1167 1680 ratio
1198 1612 1568 1696 impediendi
1600 1612 1898 1676 damnum
1936 1613 2126 1690 tertii,
2160 1613 2268 1693 qui
2305 1614 2402 1676 ius
2451 1613 2656 1689 habet,
2690 1633 2765 1677 ne

306 1719 459 1782 alter
491 1719 569 1782 ad
603 1717 738 1782 eius
773 1717 1072 1781 damnum
1105 1716 1453 1781 concurrat.
1488 1715 1652 1778 Hinc
1682 1733 1873 1798 grave
1904 1714 2159 1779 illorum
2182 1714 2431 1792 crimen,
2459 1716 2566 1797 qui
2598 1735 2767 1798 prae-

308 1821 452 1884 bent
482 1822 817 1903 pharmaca
848 1819 1200 1885 volentibus
1237 1837 1343 1901 per
1374 1837 1447 1881 ea
1483 1836 1812 1900 procurare
1844 1817 2153 1881 abortum.

395 1919 572 1992 298.
607 1921 667 1987 S.
711 1922 897 2005 Alph.
946 1942 1004 1985 n.
1051 1922 1154 1985 71.
1188 1920 1608 1985 Busembaum
1656 1921 1720 1983 et
1765 1918 2033 1983 Sanchez
2073 1919 2247 1983 Mor.
2279 1920 2386 1984 lib.
2429 1921 2484 1984 1.
2525 1940 2657 2004 cap.
2702 1922 2759 1985 7.

304 2025 542 2089 inducit
596 2025 778 2106 quasi
834 2025 1131 2107 negantes
1177 2024 1377 2098 licere,
1418 2021 1664 2104 quando
1720 2020 2147 2085 vemlsz'militer
2197 2022 2476 2085 creditur
2521 2024 2766 2105 emptor

301 2127 641 2191 abusurus:
677 2145 866 2208 quam
898 2125 1111 2189 deinde
1150 2124 1495 2189 doctrinam
1532 2123 1662 2207 ipse
1696 2124 1941 2188 videtur
1977 2125 2243 2198 13110313,
2278 2125 2425 2188 dum
2475 2124 2632 2189 alios
2664 2126 2761 2190 his

300 2230 599 2294 Doctores
649 2228 907 2311 opponit
960 2227 1229 2292 dicentes
1278 2226 1340 2290 id
1394 2226 1594 2304 licere,
1644 2226 1697 2290 si
1744 2226 2051 2291 iacturam
2106 2227 2388 2310 patiatur
2442 2228 2582 2309 quis
2638 2247 2762 2292 non

301 2334 634 2399 vendendo.

381 2434 470 2499 At
492 2454 694 2516 neque
718 2434 1138 2498 Busembaum
1163 2452 1235 2497 ac
1265 2432 1533 2497 Sanchez
1559 2433 1792 2498 habent
1813 2452 1951 2498 eam
1983 2433 2328 2497 doctrinam
2359 2453 2554 2514 neque
2580 2452 2763 2514 quae-

294 2538 416 2604 stio
448 2538 542 2603 sic
587 2536 1061 2602 indeterminate
1107 2536 1425 2620 proposita
1469 2535 1696 2601 resolvi
1743 2555 1851 2619 per
1890 2535 2233 2619 simplicem
2281 2536 2761 2601 affirmationem

294 2645 408 2705 aut
438 2642 842 2725 negationem
873 2640 1097 2724 potest.

382 2743 470 2808 Ut
504 2743 672 2807 enim
712 2741 985 2807 advertit
1007 2741 1275 2806 Sanchez
1301 2740 1540 2803 Mor-al.
1566 2741 1674 2805 lib.
1708 2742 1763 2804 1.
1791 2760 1924 2823 cap.
1955 2741 2013 2804 7.
2041 2761 2101 2804 3.
2132 2741 2255 2817 12.,
2283 2740 2513 2805 solutio
2539 2740 2762 2822 pendet

282 2864 324 2909 a
360 2847 720 2911 multarum
765 2844 1376 2908 circumstantiarum
1421 2841 1928 2907 consideratione.
1963 2842 2045 2906 Et
2089 2843 2369 2926 praestat
2414 2843 2760 2908 doctrinam

279 2948 418 3013 eius
452 2949 596 3013 heic
627 2946 960 3012 subiicere:
995 2972 1029 3004 «
1053 2945 1112 3010 N
1116 2966 1195 3012 on
1225 2946 1438 3010 eadem
1469 2964 1656 3010 causa
1680 2946 1803 3009 erit
1824 2964 2062 3027 semper
2092 2945 2401 3010 sufficiens
2428 2944 2505 3008 ad
2534 2945 2760 3009 horum

286 3049 781 3115 indifferentium
812 3049 1332 3113 ministrationem
1381 3049 1813 3113 excusandam.
1847 3048 2034 3112 Ratio
2073 3048 2393 3133 colligitur
2423 3068 2494 3112 ex
2532 3048 2755 3125 dictis3

284 3172 433 3217 33111
463 3172 621 3217 cum
652 3151 955 3236 obligatio
988 3149 1164 3215 illam
1196 3151 1435 3215 vitandi
1465 3154 1806 3235 consurgat
1833 3171 1906 3214 ex
1945 3151 2324 3235 obligatione
2358 3152 2630 3227 virtutis,
2656 3151 2758 3215 cui

278 3258 620 3337 peccatum
662 3254 821 3318 illud
866 3254 1149 3337 proximi,
1182 3254 1283 3318 cui
1328 3272 1400 3318 33
1447 3253 1685 3318 occasio
1723 3254 1929 3329 datur,
1965 3253 2298 3335 opponitur
2343 3254 2407 3317 et
2453 3253 2755 3338 obligatio

278 3359 576 3422 omnium
624 3357 932 3421 virtutum
980 3375 1101 3420 non
1148 3357 1234 3420 sit
1279 3357 1575 3438 aequalis,
1625 3356 1730 3420 sed
1777 3355 2083 3437 quaedam
2119 3356 2342 3438 magiS‚
2379 3356 2502 3419 alia
2550 3357 2754 3420 minus

270 3460 525 3546 obliget
570 3478 685 3524 nec
732 3460 1080 3524 occasiones
1126 3459 1253 3523 sint
1299 3477 1509 3541 pares;
1545 3459 1692 3540 quia
1729 3457 2035 3539 quaedam
2083 3460 2229 3521 311111
2275 3457 2477 3539 magis
2524 3457 2755 3522 indiffe-

274 3565 487 3628 rentes
521 3565 592 3628 et
623 3562 924 3626 remotius
955 3581 1020 3626 se
1051 3562 1282 3626 habent
1314 3560 1391 3624 ad
1421 3561 1660 3624 malum
1708 3561 1992 3636 abusum,
2027 3559 2332 3640 quaedam
2370 3561 2582 3622 autem
2615 3578 2758 3640 pro-

274 3664 516 3730 ximius
551 3664 636 3729 ad
663 3664 848 3729 illum
881 3663 1179 3728 accedunt
1210 3665 1274 3728 et
1302 3662 1601 3727 maiorem
1634 3662 1699 3725 in
1723 3680 1788 3725 se
1812 3660 2124 3724 malitiam
2148 3660 2482 3737 continent,
2508 3660 2760 3743 insuper

276 3789 385 3833 nec
418 3767 831 3851 praeparatio
865 3766 1121 3830 abusuri
1166 3766 1244 3829 ad
1277 3764 1514 3829 malum
1547 3784 1730 3829 usum
1779 3764 1863 3827 sit
1895 3782 2132 3844 semper
2170 3762 2464 3845 aequalia,
2506 3764 2612 3827 sed
2644 3764 2760 3828 ali-

268 3871 537 3953 quando
581 3869 804 3953 magia,
848 3869 1180 3950 aliquando
1229 3868 1434 3931 minus
1467 3868 1724 3950 paratus
1757 3866 1860 3943 sit,
1895 3885 2004 3929 nec
2035 3865 2294 3946 denique
2327 3885 2484 3949 spes,
2525 3865 2657 3930 fore
2690 3868 2763 3930 ut

266 3973 558 4038 desistat
591 3991 629 4035 a
660 3991 851 4055 pravo
900 3972 1121 4048 abusu,
1157 3971 1242 4035 sit
1272 3989 1511 4053 semper
1543 3968 1842 4050 aequalis,
1881 3987 1981 4032 me
2012 3986 2135 4032 non
2172 3967 2592 4032 ministrante:
2624 3968 2762 4034 ideo

272 4095 399 4140 non
434 4093 695 4156 semper
727 4073 1005 4156 aequalis
1036 4093 1226 4137 causa
1257 4073 1376 4137 erit
1421 4072 1894 4155 proportionata
1926 4069 2004 4134 ad
2034 4071 2193 4134 hanc
2238 4070 2763 4134 ministrationem

268 4176 730 4252 excusandam.
764 4175 869 4239 sed
916 4174 1284 4258 quandoque
1329 4175 1550 4251 maior,
1584 4174 1954 4256 quandoque
1998 4173 2202 4237 minor
2245 4171 2587 4235 necessaria
2621 4171 2758 4234 erit.

267 4279 484 4358 Quare
537 4278 719 4343 nulla
766 4279 933 4341 certa
981 4278 1357 4360 quantitatis
1394 4277 1581 4341 huius
1627 4295 1851 4341 causae
1897 4275 2114 4359 regula
2146 4272 2477 4355 praescribi
2511 4273 2755 4356 potest3

266 4381 377 4446 sed
409 4401 491 4445 ea
529 4379 858 4463 prudentis
892 4379 1151 4444 arbitrio
1182 4378 1555 4444 remittenda
1586 4381 1700 4444 est.
1740 4377 1875 4457 Quo
1916 4380 2126 4441 autem
2159 4375 2220 4439 id
2253 4375 2582 4439 arbitrium
2622 4395 2760 4458 pru-

262 4484 417 4548 dens
453 4484 573 4558 sit‚
627 4480 807 4546 debet
839 4482 1153 4546 attendere
1190 4484 1371 4546 tanto
1417 4482 1717 4547 maiorem
1762 4498 2016 4544 causam
2053 4477 2302 4558 requiri,
2343 4477 2579 4558 quanto
2616 4495 2757 4558 pec-

260 4588 517 4661 331313,
557 4583 643 4647 ad
678 4583 844 4665 quod
876 4584 986 4648 illa
1016 4584 1395 4648 ministratio
1431 4583 1813 4646 occasionem
1844 4581 1973 4657 dat,
2007 4581 2102 4643 est
2132 4580 2387 4661 gravius
2425 4579 2489 4641 et
2519 4576 2752 4657 quanto
