3497 5147
825 328 933 384 496
970 341 1182 383 τιιιιοτ.
1206 343 1283 383 vl.
1308 342 1474 383 sacr.
1506 341 1567 382 11.
1585 341 1670 381 tm
1691 340 1972 383 sncmmo
1992 341 2210 382 Fusae.
2236 341 2565 384 necamur.
2591 341 2719 385 ou.
2738 344 2820 385 111.
2844 346 2967 387 mm.
2987 347 3055 388 ιν.
3086 332 3200 406 [6501

826 442 889 504 te
936 457 1057 503 non
1104 439 1391 502 lusurum
1424 441 1488 503 et
1517 438 1962 516 ieiunaturum‚
2013 439 2066 503 si
2113 439 2365 515 luserisz,
2414 458 2629 524 reapse
2661 442 2753 505 est
2778 441 2974 525 duplex
3013 446 3200 522 votum,

826 541 927 604 sed
962 542 1058 605 est
1095 540 1400 623 quaedam
1448 541 1845 606 accidentalis
1879 541 2026 606 unio
2075 542 2238 606 inter
2276 560 2367 606 ea.
2418 540 2714 621 Secundo,
2761 544 3004 608 vovendo
3045 546 3203 610 solum

823 662 1106 727 poenam,
1141 643 1193 708 si
1219 643 1368 725 quid
1407 644 1615 707 minus
1646 643 1891 708 honesti
1916 643 2046 709 fiat.
2082 644 2173 708 Ex
2196 643 2539 709 intentione
2571 663 2715 710 vero
2751 646 3003 711 voventis
3033 648 3206 729 pendet

822 746 968 810 utro
1001 746 1185 810 modo
1218 748 1438 810 votum
1462 745 1593 808 fiat.
1628 745 1800 810 Haec
1825 744 2050 810 Suarez
2080 746 2122 808 1.
2161 746 2218 809 1.
2255 765 2307 809 e.
2339 746 2440 810 19.
2476 765 2537 809 n.
2577 746 2699 824 13„
2734 746 2835 829 qui
2853 749 3040 811 monet
3056 749 3204 812 etiam

820 868 879 911 n.
916 867 1041 930 seq.
1076 849 1139 912 id
1172 848 1340 930 quod
1386 848 1449 912 in
1497 850 1645 913 voto
1696 848 1943 931 poenali
1977 848 2389 932 promittitur,
2426 847 2732 914 ordinarie
2775 848 2990 914 intendi
3016 850 3109 913 sub
3137 870 3206 914 ra-

822 949 992 1014 tione
1039 970 1289 1034 poenae,
1325 969 1502 1033 posse
1549 968 1694 1016 vero
1727 950 1919 1014 etiam
1951 950 2188 1015 intendi
2235 951 2439 1015 solum
2471 953 2546 1016 ut
2580 950 2909 1016 remedium
2951 951 3014 1016 ad
3054 952 3207 1016 vitan-

820 1053 970 1118 dum
994 1054 1344 1136 relapsum;
1394 1071 1584 1136 quam
1630 1051 2094 1138 distinctionem
2141 1053 2363 1117 utilem
2413 1071 2544 1118 esse
2593 1053 2685 1117 ait
2732 1052 2808 1118 ad
2840 1054 3123 1119 materiam
3142 1052 3206 1116 di-

819 1156 1285 1239 spensationum
1330 1157 1396 1220 et
1440 1156 1997 1220 commutationem
2043 1157 2353 1219 votorum.

908 1259 1045 1323 Iam
1092 1278 1236 1323 vero
1289 1258 1452 1342 quod
1502 1259 1773 1341 pertinet
1820 1257 1897 1322 ad
1947 1258 2126 1322 resol.
2177 1257 2275 1335 A„
2342 1257 2676 1341 spectanda
2737 1260 2832 1323 est
2870 1258 3110 1322 voventis
3142 1255 3206 1319 in-

819 1362 1037 1425 tentio.
1079 1359 1143 1424 Si
1191 1361 1354 1425 enim
1402 1378 1599 1443 poena
1647 1359 1852 1424 solum
1900 1360 1984 1424 sit
2028 1357 2221 1439 fracti
2255 1360 2585 1444 propositi,
2635 1360 2826 1426 semel
2866 1378 3040 1444 poena
3075 1357 3208 1422 debe

818 1464 1017 1528 bitur:
1052 1463 1106 1528 si
1139 1467 1350 1528 autem
1397 1463 1482 1527 sit
1528 1481 1725 1545 poena
1771 1461 1964 1540 fracti
1995 1463 2138 1540 voti,
2171 1462 2265 1527 ita
2294 1463 2370 1527 ut
2399 1462 2655 1545 proinde
2680 1464 2899 1547 duplex
2927 1461 3002 1526 sit
3026 1463 3204 1535 votnm,

818 1565 1142 1631 debebitur
1190 1584 1387 1649 poena
1432 1565 1622 1630 toties
1670 1565 1918 1646 quotier
1964 1564 2237 1629 violatur
2276 1565 2514 1642 votum,
2551 1565 2644 1630 ait
2689 1584 2740 1630 s,
2772 1565 2949 1649 Alph.
2990 1584 3042 1628 n.
3081 1563 3205 1626 223:

819 1670 1106 1750 quamvis
1151 1668 1216 1733 id
1262 1668 1532 1750 nequeat
1576 1685 1790 1750 reapse
1838 1666 2122 1732 absolute
2170 1666 2402 1743 statui;
2436 1685 2585 1731 nam
2613 1686 2714 1732 res
2759 1667 2971 1751 pendet
2997 1684 3029 1729 a
3055 1666 3206 1728 mente

818 1772 1120 1837 voventis,

908 1873 1126 1939 Monet
1170 1873 1513 1957 Roncaglia
1560 1873 1634 1935 de
1665 1869 1921 1935 Poenit.
1956 1890 2014 1953 q.
2054 1871 2112 1934 7.
2141 1890 2192 1935 c.
2229 1873 2288 1935 2.
2327 1891 2387 1954 q.
2424 1873 2486 1935 4.
2519 1897 2554 1930 «
2588 1872 2642 1936 si
2679 1871 2821 1955 quis
2867 1856 3069 1935 voveat
3090 1866 3208 1931 subi·

818 1979 1034 2040 turum
1083 1976 1359 2057 aliquam
1405 1993 1687 2057 poenam,
1723 1993 1814 2037 ex.
1855 1994 1947 2057 gr.
1996 1974 2050 2037 si
2095 1973 2296 2051 ludat,
2330 1993 2453 2039 non
2485 1974 2682 2039 teneri
2729 1993 2868 2038 eam
2903 1973 3082 2038 subire
3106 1988 3210 2051 quo-

817 2079 934 2143 ties
965 2078 1147 2142 ludat
1193 2078 1425 2142 oblitus
1472 2078 1638 2152 voti;
1692 2095 1763 2140 eo
1811 2075 1976 2157 quod
2023 2095 2129 2158 per
2160 2076 2533 2141 oblivionem
2579 2076 2671 2155 fit,
2711 2076 2878 2160 quod
2909 2076 3026 2141 tale
3050 2075 3212 2138 votum

817 2183 1084 2262 nequeat
1130 2200 1271 2245 eum
1302 2180 1614 2245 retrahere
1642 2199 1678 2243 a
1699 2178 1988 2256 ludendo,
2028 2179 2136 2261 qui
2168 2181 2264 2243 est
2293 2179 2434 2243 finis
2458 2179 2645 2244 huius
2675 2179 2840 2265 legis
2864 2178 3106 2264 poenalis
3127 2174 3211 2240 sibi

814 2283 1035 2348 dictae.
1071 2282 1232 2362 Quia
1278 2301 1400 2347 non
1447 2283 1786 2346 incurritur
1833 2299 2030 2363 poena
2060 2282 2351 2366 ignorata
2388 2282 2486 2346 vel
2532 2300 2725 2364 quam
2761 2301 2885 2348 non
2921 2278 3148 2348 advertis
3168 2301 3212 2351 »ι

815 2385 869 2450 si
916 2386 1001 2450 sit
1046 2386 1270 2450 saltem
1317 2384 1825 2449 extraordinaria.

904 2483 1078 2559 650.
1130 2487 1288 2567 Quid
1338 2488 1391 2552 si
1437 2486 1682 2552 dubites
1732 2505 1810 2550 an
1857 2486 2078 2551 votum
2124 2486 2518 2569 impleveris?
2549 2485 2617 2551 Si
2661 2486 2925 2553 dubium
2968 2486 3045 2550 sit
3081 2499 3214 2566 nega·

815 2593 1038 2669 tivum,
1091 2591 1317 2656 teneris
1366 2591 1569 2655 adhuc
1616 2592 1793 2655 voto:
1831 2591 1885 2655 si
1923 2609 2066 2654 vero
2101 2591 2186 2654 sit
2217 2590 2576 2674 positivum,
2609 2592 2686 2656 ut
2719 2589 3100 2675 probabiliter
3121 2604 3214 2649 cen·

812 2718 941 2764 sere
989 2700 1188 2782 possit
1234 2701 1297 2764 te
1343 2699 1491 2763 voto
1541 2697 1930 2773 satisfecisse,
1983 2697 2186 2761 valere
2257 2699 2406 2761 tunc
2473 2697 2656 2762 debet
2698 2698 3060 2781 principium
3095 2689 3214 2776 quod

812 2801 1104 2884 proponit
1149 2821 1196 2865 s.
1248 2801 1433 2884 Alph.
1482 2801 1523 2864 1.
1565 2802 1620 2862 1.
1672 2820 1730 2864 ιι.
1792 2802 1895 2863 99.
1947 2800 2114 2879 Quid
2156 2801 2228 2863 in
2272 2799 2459 2864 dubio
2494 2820 2581 2864 cm
2627 2799 2830 2883 leqem
2874 2791 3215 2881 anpleverss?

811 2905 882 2967 in
926 2902 1114 2967 dubio
1160 2904 1468 2987 neyativO,
1522 2903 1755 2966 teneras·
1803 2900 2076 2983 implere,
2126 2921 2302 2966 secus
2346 2906 2420 2965 in
2451 2903 2747 2984 positive.
2797 2901 2956 2969 Sane
2981 2903 3039 2967 in
3077 2896 3215 2963 dubio

809 3007 1079 3089 positiva
1125 3007 1225 3073 lex
1270 3007 1520 3090 (votum
1551 3006 1648 3070 est
1679 3005 2075 3088 particularis
2121 3005 2247 3088 lex)
2280 3005 2490 3070 evadit
2534 3005 2726 3071 dubia
2750 3029 2767 3072 ε
2791 3008 2891 3073 lex
2923 3007 3109 3070 autem
3141 3000 3218 3063 du·

809 3109 909 3174 bia
958 3129 1080 3174 non
1129 3110 1389 3194 obligat.
1438 3107 1530 3172 Cf.
1581 3108 1762 3191 Lugo
1808 3107 1883 3170 de
1931 3106 2182 3171 Poenit.
2223 3108 2282 3171 d.
2322 3107 2433 3171 XI.
2468 3128 2571 3172 nn.
2613 3109 2719 3172 59.
2742 3110 2852 3174 60.
3352 3058 3354 3191 4

898 3217 1058 3297 Quid
1093 3217 1165 3281 de
1198 3220 1346 3282 voto
1385 3217 1552 3281 facto
1592 3235 1663 3280 ex
1701 3217 1878 3278 metu
1899 3213 2130 3279 iniuste
2163 3215 2458 3280 incusso?
2497 3212 2590 3279 Cf.
2623 3214 2797 3281 dicta
2829 3214 2904 3280 de
2931 3210 3219 3279 iuramento

805 3320 920 3385 sub
960 3319 1019 3402 ξ.
1057 3319 1351 3384 XXXVI.
1374 3319 1412 3359 ‘⁸‘

898 3417 1049 3491 551.
1086 3423 1119 3459 *
1146 3421 1385 3487 Votum
1423 3424 1741 3505 praeterea
1774 3421 1981 3502 potest
2019 3439 2150 3484 esse
2181 3420 2625 3484 disiunctivum
2654 3437 2769 3485 seu
2799 3417 3219 3485 alkrnW;
3350 3410 3352 3509 1

805 3528 880 3591 ut
913 3525 1149 3590 scilicet
1173 3543 1400 3590 voveas
1437 3525 1552 3588 aut
1575 3523 1691 3587 hoc
1714 3522 1872 3586 illud
1899 3522 2044 3588 dare
2073 3525 2185 3587 aut
2207 3522 2425 3588 facere.
2460 3523 2542 3586 Et
2559 3522 2815 3605 quidem
2833 3524 2889 3589 si
2922 3524 3090 3588 altera
3107 3532 3220 3599 pars

806 3631 902 3694 est
926 3633 1093 3713 apta,
1123 3630 1319 3693 altera
1344 3629 1553 3710 inepta
1576 3628 1796 3692 votum
1822 3629 1934 3704 est,
1964 3629 2039 3691 ut
2059 3627 2327 3691 diximus
2349 3647 2410 3691 n.
2446 3628 2597 3693 620.
2621 3626 2685 3694 Si
2709 3648 2861 3696 vero
2893 3631 3130 3709 utraque
3152 3620 3225 3686 est

807 3733 955 3813 apta
988 3734 1052 3796 et
1083 3731 1297 3795 deinde
1330 3730 1607 3813 aliquam
1657 3729 1852 3813 eligas
1885 3729 2390 3807 irrevocabiliter,
2431 3731 2584 3794 haec
2608 3731 3001 3814 praestanda,
3032 3729 3113 3792 est
3135 3720 3221 3787 etsi
3348 3734 3350 3829 2

805 3835 948 3913 post
997 3832 1357 3896 electionem
1406 3831 1603 3896 altera
1651 3834 1864 3915 pereat
1900 3833 2000 3896 vel
2043 3831 2155 3897 fiat
2186 3832 2607 3915 impossibilis.
2643 3831 2711 3898 Si
2748 3853 2897 3900 vero
2943 3833 3224 3911 antequam

804 3932 1021 4017 eligaS,
1056 3952 1180 3997 una
1207 3950 1349 4015 pars
1380 3934 1542 4014 perit
1573 3933 1688 3997 aut
1721 3932 1799 3996 fit
1827 3933 2250 4017 impossibilia,
2276 3934 2569 3999 videreris
2594 3936 2794 4000 teneri
2826 3935 2906 4001 ad
2928 3952 3075 4009 eam,
3104 3943 3223 4012 quae

803 4038 1020 4113 restat,
1070 4035 1246 4099 iuxta
1293 4033 1547 4100 dicenda
1584 4036 1658 4100 de
1697 4034 2186 4119 obligationibus
2226 4037 2628 4103 alter-nativis
2655 4039 2721 4104 in
2752 4042 2837 4104 tr.
2872 4038 3045 4103 Vm.
3070 4056 3121 4118 p·
3149 4028 3225 4095 ubi

800 4140 875 4203 de
900 4137 1387 4221 obliyate'onibus
1406 4139 1787 4219 ,qeneratiw-
1821 4158 1869 4202 s.
1895 4138 2080 4223 Alph.
2107 4142 2318 4205 tamen
2348 4140 2484 4206 heic
2512 4161 2573 4205 n.
2609 4142 2759 4206 224.
2793 4159 2942 4206 cnm
2961 4132 3228 4204 nonnullis

804 4241 962 4318 aliiS,
990 4262 1060 4308 ex
1092 4241 1362 4324 quadam
1411 4242 1746 4324 aequitate,
1784 4245 1845 4306 te
1880 4242 2150 4307 absolvit
2195 4243 2274 4306 ab
2306 4261 2399 4319 ea,
2427 4262 2586 4325 quae
2629 4243 2872 4326 reliqua
2903 4246 3016 4317 est,
3047 4235 3226 4303 danda

801 4344 919 4406 nisi
946 4346 1155 4410 tamen
1191 4347 1305 4410 tua
1339 4344 1533 4428 ipsius
1566 4345 1748 4427 culpa
1789 4345 2123 4428 contigerit
2147 4363 2220 4409 ea
2249 4345 2513 4409 iactura.
2554 4345 2743 4411 Ratio
2780 4345 2946 4411 forte
2975 4343 3084 4415 estu
3111 4335 3228 4421 <1¹11ss

800 4463 924 4509 non
973 4448 1240 4529 amplius
1286 4448 1530 4512 exsistit
1568 4448 1878 4512 obiectum
1911 4448 2008 4513 tui
2046 4448 2200 4524 voti,
2235 4448 2402 4530 quod
2432 4448 2496 4513 in
2531 4448 2911 4514 alterutrum
2959 4444 3230 4511 ferebatur

801 4549 864 4611 et
896 4547 1254 4611 electionem
1301 4548 1561 4613 liberam
1608 4550 2014 4631 relinquebat.
2066 4548 2159 4615 Cf.
2195 4550 2464 4616 Sanchez
2502 4552 2574 4616 in
2593 4549 2817 4617 Deoal.
2851 4550 2897 4615 l.
2931 4548 3037 4614 IV.
3067 4566 3113 4610 c.
3145 4540 3229 4606 13·

800 4668 855 4713 a.
889 4670 949 4713 n.
987 4652 1089 4712 20.
1132 4649 1485 4732 deinceps*
