3497 5147
731 355 838 410 130
907 369 1120 409 TRAcr.
1152 369 1208 408 v.
1242 366 1403 407 sacr.
1432 365 1521 405 111.
1549 364 1633 404 ns:
1659 364 1982 405 chun-Aris
2010 364 2397 405 ennomus,
2425 363 2622 405 CAPUT
2646 365 2711 404 11.
2740 364 2880 404 nvn.
2914 364 2977 404 11.
3051 348 3204 422 [175]

733 485 922 548 qnam
962 485 1033 528 ex
1062 463 1308 527 iustitia
1357 462 1641 537 (lebetum
1677 461 1825 542 quia
1867 461 1926 524 in
1974 461 2340 526 necessitate
2377 463 2538 526 bona
2586 460 2793 524 omnia
2839 463 2987 524 sunt
3033 479 3196 525 com-

735 568 969 631 munia.
1005 567 1324 648 Laymann
1366 565 1577 628 autem
1612 564 1734 627 alio
1775 582 1959 627 sensu
1990 563 2290 647 intelligit
2318 563 2749 628 necessitatem
2786 564 3195 646 spiritualem,

730 669 1160 734 necessitatem
1205 686 1428 748 nempe
1473 684 1597 730 non
1642 665 1897 741 inimici,
1948 665 2051 728 sed
2099 667 2430 749 propriam.
2479 690 2513 724 «
2552 665 2616 729 Si
2664 665 2926 748 (inquit)
2974 666 3048 730 ad
3100 666 3196 730 de-

733 770 1082 854 pellendum
1149 769 1379 840 odium,
1430 767 1595 849 quod
1662 767 1955 831 adversus
2003 768 2313 832 hominem
2376 768 2558 852 geris
2606 768 3020 833 necessarium
3066 787 3196 832 esse

731 874 1062 948 existimes,
1098 871 1388 955 specialia
1438 871 1667 934 amoris
1713 871 1928 934 effecta
1977 871 2097 953 ipsi
2142 873 2477 954 praestare,
2526 872 2710 935 sicuti
2758 873 3004 953 praeter
3042 872 3194 935 alios

730 979 942 1040 monet
988 975 1307 1038 Navarrus
1375 975 1490 1036 etc.
1541 997 1603 1036 ».
1654 973 1825 1037 Haeo
1872 974 2078 1037 tamen
2141 974 2388 1037 videtur
2448 974 2654 1038 minus
2718 975 2898 1038 obvia
2946 975 3194 1057 regulae

733 1078 1060 1160 explicatio
1094 1079 1158 1141 et
1189 1076 1291 1140 vix
1317 1075 1462 1139 -inde
1495 1095 1636 1139 vera
1673 1077 2007 1139 necessitas
2043 1076 2190 1139 oriri
2229 1094 2407 1158 posse
2438 1075 2702 1140 videtur.

918 1184 988 1243 4⁰
1034 1181 1311 1262 Denique
1358 1179 1704 1258 deprecatio
1752 1178 1968 1258 culpae
2015 1182 2077 1243 et
2123 1180 2419 1243 exhibitio
2468 1180 2789 1263 signorum
2836 1178 3193 1261 specialium

731 1285 960 1349 amoris
994 1303 1065 1347 ex
1097 1285 1272 1365 parte
1307 1282 1659 1346 offensoris:
1701 1301 1938 1364 nempe,
1974 1284 2047 1344 ut
2078 1282 2169 1346 ait
2199 1282 2520 1366 Laymann
2550 1282 2657 1345 lib.
2689 1283 2746 1344 2.
2776 1284 2853 1344 tr.
2883 1283 2943 1344 3.
2971 1300 3103 1362 cap.
3131 1282 3188 1344 4.

731 1409 790 1451 11.
828 1390 909 1462 2..
945 1387 1094 1449 sunt
1140 1385 1479 1448 exhibenda
1511 1385 1660 1447 haec
1708 1384 1885 1466 signa
1936 1384 2206 1462 inimico,
2242 1384 2349 1466 qui
2395 1385 2611 1467 culpae
2658 1384 2903 1448 veniam
2948 1386 3190 1466 poscat;

731 1509 875 1553 nam
924 1489 1026 1570 (ut
1073 1489 1163 1551 ait
1213 1487 1460 1550 Tullius
1517 1486 1684 1568 apud
1730 1486 2069 1550 Facciolati
2118 1487 2192 1550 V.
2242 1485 2645 1570 Deprecatio)
2690 1486 3041 1566 deprecatio
3086 1489 3192 1558 est,

729 1595 797 1655 1η
830 1614 951 1672 qua
984 1610 1112 1654 non
1144 1589 1419 1668 defensio
1451 1588 1606 1667 facti
1639 1588 1752 1651 sed
1780 1587 2141 1668 &noscendi
2158 1589 2501 1667 postida-tz'o
2532 1590 2884 1652 continetur
2906 1590 2970 1652 et
2995 1588 3195 1652 officia

733 1695 1041 1758 amicitiae
1089 1692 1404 1757 exhibenti
1450 1691 1648 1755 vicem
1694 1692 1988 1754 mutuam
2036 1693 2281 1772 oportet
2326 1690 2669 1773 rependere.
2719 1689 2854 1770 Quo
2900 1691 2966 1753 in
3027 1710 3190 1766 casu,

731 1801 805 1861 ut
851 1818 898 1860 s.
932 1797 1204 1860 Thomas
1252 1794 1423 1870 dicit,
1472 1794 1600 1856 iam
1651 1796 1796 1855 tunc
1841 1792 2056 1874 diliqit
2102 1793 2447 1876 (inimicus)
2493 1797 2555 1856 et
2596 1794 2765 1856 inter
2809 1794 3043 1855 anticos
3102 1792 3197 1854 de-

729 1898 1058 1977 putandus
1094 1901 1201 1959 est.
2740 1898 2769 1924 ‘

820 1999 998 2078 Quod
1031 2017 1173 2062 vero
1223 1999 1433 2061 subdit
1481 1998 1745 2060 Auctor:
1789 2021 1824 2054 «
1858 1997 2052 2060 Ratio
2099 2001 2208 2070 cst,
2249 2000 2399 2078 quia
2435 1996 2534 2061 his
2579 1997 2845 2073 σαεὶὂιιε,
2885 1996 3198 2077 neylectus

732 2103 950 2165 horum
997 2103 1320 2181 siynor-um
1359 2104 1520 2163 esset
1561 2101 1834 2163 exterior
1865 2099 1995 2162 odii
2038 2100 2419 2180 sigsm‘fteatio
2458 2127 2493 2160 »
2528 2102 2733 2165 valere
2765 2101 2845 2164 ad
2882 2119 3193 2165 summum

732 2207 939 2287 potest
963 2223 1074 2285 pro
1108 2204 1314 2280 tertio.
1342 2203 1395 2266 si
1429 2202 1820 2286 intelligatur
1843 2202 1917 2266 de
1942 2203 2303 2267 necessitate
2336 2205 2580 2267 inimici
2601 2207 2665 2268 et
2685 2223 2809 2268 non
2834 2204 2907 2268 de
2930 2203 3196 2283 propria

733 2311 795 2369 et
829 2325 937 2388 pro
971 2307 1194 2386 quarto
1234 2324 1400 2368 casu.

822 2408 999 2486 Quod
1047 2425 1190 2472 vero
1241 2408 1316 2471 ad
1374 2407 1529 2471 duos
1579 2407 1811 2489 priores
1866 2426 2045 2471 casus
2093 2411 2351 2491 spectat,
2403 2408 2725 2492 obligatio,
2773 2425 3197 2490 quaecumque

731 2531 802 2576 ea
836 2513 938 2589 sit,
975 2511 1294 2577 exhibendi
1328 2510 1506 2594 signa
1555 2510 1803 2585 amoris,
1838 2529 1961 2573 non
2010 2511 2209 2575 oritur
2246 2530 2317 2575 ex
2349 2511 2619 2594 speciali,
2659 2510 2734 2576 de
2764 2530 2885 2594 qua
2927 2511 3189 2596 agimuS,

733 2615 1112 2698 obligatione
1162 2613 1459 2695 diligendi
1506 2612 1788 2676 inimicos
1834 2616 1897 2675 et
1962 2633 2082 2676 non
2131 2613 2461 2696 praebendi
2505 2614 2685 2698 signa
2732 2614 2898 2690 odii3
2951 2613 3055 2678 sed
3105 2614 3197 2677 est

733 2717 1035 2799 obligatio
1076 2717 1214 2780 orta
1262 2734 1334 2778 ex
1372 2715 1741 2798 generaliori
1772 2715 1909 2799 lege
1954 2717 2311 2780 consulendi
2356 2718 2672 2799 proximis.
2711 2716 2967 2781 Etcum
2999 2718 3196 2799 reipsa

731 2819 806 2880 ad
839 2819 994 2881 nihil
1033 2818 1296 2900 speciale
1333 2837 1439 2899 per
1484 2836 1548 2880 se
1585 2817 1725 2898 quis
1765 2819 2051 2882 teneatur
2088 2838 2233 2903 erga
2275 2820 2654 2895 offensiorem,
2688 2819 2751 2882 in
2787 2820 3016 2883 offenso
3056 2836 3197 2883 vero

731 2920 824 2983 illi
872 2923 1047 2984 actus
1096 2920 1265 2983 haud
1304 2920 1611 2983 modicam
1659 2921 2017 2984 contineant
2062 2921 2517 3001 difficultatem,
2556 2923 2785 2987 caritas
2832 2925 3046 2987 autem
3078 2940 3195 2987 non

729 3024 962 3108 obliget
1008 3044 1149 3087 cum
1197 3024 1373 3107 gravi
1433 3024 1842 3101 incommodo,
1892 3024 2158 3088 maxime
2212 3025 2318 3089 ubi
2364 3025 2531 3088 mala
2579 3026 2857 3107 proximo
2906 3027 3199 3090 eveniunt

727 3146 797 3188 ex
843 3146 1012 3189 mera
1075 3125 1172 3189 sui
1231 3126 1476 3189 malitia
1523 3126 1625 3206 (ut
1670 3126 1734 3188 in
1786 3128 1981 3207 casu),
2032 3125 2388 3191 huiusmodi
2437 3128 2759 3210 obligatio,
2810 3128 2863 3192 si
2929 3147 3054 3209 qua
3116 3128 3197 3192 sit

729 3227 1116 3309 quandoque,
1143 3246 1267 3292 non
1301 3227 1479 3291 valde
1513 3227 1789 3310 urgenda
1822 3229 1934 3291 est.
1963 3227 2176 3308 Neque
2208 3229 2371 3292 enim
2401 3229 2551 3292 haec
2577 3230 2879 3313 obligatio
2915 3231 3194 3294 caritatis

725 3329 927 3393 differt
973 3330 1050 3393 ab
1097 3350 1187 3406 ea,
1250 3350 1440 3411 quam
1486 3330 1746 3411 quisque
1798 3332 2092 3411 perpetuo
2142 3330 2347 3409 habet,
2388 3332 2739 3395 retrahendi
2777 3332 3131 3416 proximum
3160 3351 3192 3395 a

725 3434 975 3513 peccato
1010 3434 1120 3495 aut
1166 3433 1245 3496 ad
1278 3433 1598 3497 meliorem
1647 3434 1891 3515 frugem
1939 3433 2283 3497 reducendi.
2311 3435 2473 3498 Hinc
2505 3434 2581 3497 ad
2614 3435 2953 3499 secundum
2987 3439 3194 3500 actum

725 3536 934 3599 teneor
968 3553 1081 3618 ego
1123 3555 1193 3598 ex
1229 3554 1423 3617 aequo
1457 3555 1527 3597 ac
1583 3534 1847 3615 quisque
1880 3534 2040 3597 alius
2073 3538 2320 3600 tenetur
2352 3536 2429 3600 ad
2465 3537 2843 3602 hortandum
2874 3538 3193 3603 inimicum

727 3639 837 3699 aut
879 3638 1033 3701 alios
1067 3641 1435 3719 peccatore&
1471 3640 1544 3700 ut
1574 3636 1955 3719 resipiscant.

1397 3790 1571 3854 Unde
1619 3790 1886 3852 resolves
1942 3790 2142 3854 Casus
2186 3797 2522 3872 sequentes,

839 3936 975 4016 3¹2(-
1003 3937 1048 3987 1.
1072 3937 1163 3986 Per
1191 3948 1243 3985 59
1277 3935 1538 3996 loquendo,
1567 3945 1709 3984 nemo
1737 3938 1931 3984 tenetur
1956 3933 2015 3985 ad
2043 3932 2290 3985 inimicum
2317 3933 2613 3997 diligendum
2640 3935 2854 4001 positivo
2883 3945 2934 3991 91
2958 3939 3189 4005 peculiari

727 4028 836 4072 acui
880 4034 1034 4083 neque
1074 4019 1134 4068 ad
1174 4030 1283 4067 911111
1326 4018 1648 4076 salutandum,
1683 4018 2043 4079 alloquendum,
2085 4024 2335 4079 aegrotum
2375 4016 2700 4083 invisendum,
2740 4028 2981 4075 moestum
3021 4040 3190 4079 conso·

726 4106 938 4164 landum,
959 4099 1172 4166 hospitio
1201 4098 1542 4165 excipiendum
1572 4100 1650 4151 vel
1680 4098 1978 4150 familiariter
2004 4114 2111 4151 cum
2142 4115 2199 4151 eo
2230 4103 2467 4165 agendum
2495 4112 2613 4172 cleg
2635 4104 2744 4171 quia
2774 4107 2893 4159 haec
2922 4119 3036 4164 511111
3058 4111 3190 4174 signa

724 4186 953 4254 specialia
987 4183 1183 4236 1111111115.
1216 4183 1322 4235 Fili.
1354 4190 1413 4235 11.
1439 4186 1522 4234 28.
1549 4198 1592 4234 c.
1629 4185 1670 4235 1.
1699 4182 1843 4234 Dico:
1871 4198 1957 4248 per
1983 4198 2063 4248 seg
2084 4184 2193 4248 quia
2224 4185 2262 4237 si
2285 4186 2484 4239 omissio
2512 4192 2797 4245 scandalosa
2824 4201 2955 4247 95591
2983 4202 3067 4248 aut
3108 4209 3192 4261 per

724 4269 906 4334 aliquid
933 4274 1107 4320 horum
1138 4281 1309 4333 posses
1337 4267 1440 4319 sine
1473 4273 1558 4318 tuo
1586 4266 1895 4319 incommodo
1922 4266 2171 4321 inimicum
2201 4269 2289 4323 tibi
2317 4279 2364 4324 et
2394 4273 2497 4324 Deo
2524 4275 2855 4343 reconciliare,
2882 4279 2930 4331 id
2962 4280 3191 4333 omittere

725 4362 850 4407 95591
881 4368 1057 4419 ατηνρς
1094 4350 1351 4413 11ῑὶ9119111,
1384 4351 1425 4404 si
1450 4351 1722 4417 inaequalis
1762 4366 1968 4417 persona
2010 4358 2192 4407 soleret
2232 4355 2379 4409 alium
2412 4359 2667 4412 salutando
2709 4364 3015 4427 praevenire.
3044 4380 3091 4418 v.
3116 4380 3187 4427 111.

724 4438 946 4492 subditus
987 4439 1280 4490 praelatum.
1310 4439 1476 4501 haym.
1506 4440 1536 4489 1.
1563 4452 1608 4489 9.

816 4538 963 4611 175.
1000 4541 1177 4621 Quod
1225 4541 1376 4605 dicit
1408 4542 1502 4617 A..
1539 4560 1663 4607 non
1709 4542 1905 4605 teneri
1952 4546 2014 4606 te
2060 4543 2149 4606 ad
2191 4549 2398 4609 actum
2432 4549 2811 4626 positivam:
2860 4554 3057 4617 recole
3088 4554 3186 4617 do·

727 4648 988 4711 ctrinam
1022 4666 1068 4710 s.
1107 4646 1380 4709 Thomac
1418 4667 1553 4726 sup.
1588 4667 1647 4710 n.
1689 4647 1834 4709 171.
