3497 5147
798 345 907 400 456
942 355 1153 397 τΒΑοτ.
1182 354 1263 396 v1.
1290 353 1451 395 smc‘r.
1476 354 1540 394 11.
1566 352 1652 392 nn
1675 354 1956 397 ssscoxno
1982 353 2196 395 Preme.
2223 353 2552 394 nmnnom.
2571 354 2700 395 cu».
2718 354 2781 394 11.
2799 355 2930 396 nun.
2953 356 3024 395 iv.
3065 342 3183 415 [5661

986 454 1091 516 14υ
1138 450 1257 530 Qui
1286 451 1757 516 matrimonium
1787 451 2076 534 promisit
2112 450 2217 514 sed
2248 451 2339 515 ita
2370 452 2445 515 ut
2482 471 2603 516 non
2649 453 2918 516 teneatur
2955 452 3184 534 implere,

800 558 1006 641 potest
1051 573 1274 639 negare
1322 573 1384 618 se
1432 555 1806 637 promisisse,
1841 554 2245 637 promissione
2277 553 2531 630 scilicet,
2565 573 2688 636 qua
2726 553 3030 638 obligetur.

986 657 1096 721 15⁰
1133 656 1251 735 Qui
1287 674 1410 719 non
1456 658 1702 719 tenetur
1725 656 1962 720 solvere
1992 655 2289 739 gabellas‚
2325 656 2534 739 potest
2564 675 2783 740 negare
2812 674 2873 721 se
2903 656 3188 737 quidquam

799 760 1043 834 habere,
1077 758 1311 822 scilicet
1347 777 1418 821 ex
1448 775 1572 839 quo
1618 758 1866 841 gabella
1913 755 2229 821 debeatur.

986 860 1095 923 160
1126 857 1245 938 Qui
1293 859 1463 922 venit
1506 877 1537 922 e
1583 859 1740 935 loce,
1781 858 1887 941 qui
1933 857 2092 923 falso
2139 860 2396 940 putetur
2441 858 2725 936 infectus,
2772 860 2965 942 potest
3010 876 3192 941 negare

800 984 864 1028 se
911 963 989 1027 ab
1037 981 1107 1026 eo
1153 962 1310 1037 loco,
1359 961 1593 1025 scilicet
1638 964 1711 1024 ut
1744 959 2070 1039 pestilenti
2114 961 2384 1034 venisse3
2434 962 2581 1043 quia
2627 961 2776 1025 haec
2821 962 2912 1025 est
2939 980 3087 1024 mens
3113 980 3197 1023 en-

799 1066 1070 1130 stodum.
1104 1065 1238 1127 [mo
1284 1062 1497 1126 dicunt
1543 1063 1750 1146 plures
1795 1062 1959 1127 idem
2003 1063 2206 1140 licere,
2242 1063 2295 1126 si
2342 1082 2413 1127 ex
2457 1064 2593 1128 loco
2641 1064 2886 1144 quidem
2934 1062 3195 1146 pestilenti

800 1167 1055 1245 venerit,
1087 1165 1193 1229 sed
1225 1165 1358 1229 tam
1396 1165 1674 1229 celeriter
1712 1184 1784 1228 ac
1814 1166 2014 1241 caute,
2055 1165 2128 1228 ut
2158 1165 2321 1229 certe
2351 1165 2506 1229 nihil
2536 1165 2660 1229 luis
2692 1165 3059 1231 contraxerit.
3089 1162 3199 1226 Dif-

802 1269 963 1333 ficile
995 1269 1203 1332 tamen
1249 1267 1368 1331 erit
1398 1265 1471 1330 de
1503 1267 1619 1330 hae
1656 1286 1721 1330 re
1754 1269 1993 1331 certum
2026 1285 2182 1331 esse.

988 1370 1097 1433 17⁰
1128 1370 1345 1434 Potest
1388 1369 1526 1451 quis
1558 1370 1789 1434 latroni
1819 1369 2044 1443 iurare,
2070 1389 2134 1433 se
2166 1369 2462 1434 daturum
2499 1370 2844 1454 pecuniam,
2881 1369 3199 1452 intelligens,

805 1493 994 1556 quam
1025 1472 1262 1548 debeat,
1290 1490 1399 1536 seu
1430 1472 1483 1534 si
1513 1470 1799 1536 debuero.

990 1576 1099 1638 180
1122 1575 1367 1651 Mulier,
1394 1593 1551 1656 quae
1584 1574 1700 1638 scit
1722 1574 2194 1639 matrimonium
2227 1593 2357 1640 esse
2395 1576 2658 1654 nullum,
2694 1576 2902 1659 potest
2930 1574 3096 1639 iudici
3120 1574 3204 1636 aut

806 1678 1197 1756 confessariO,
1248 1678 1302 1742 si
1345 1677 1444 1741 hic
1491 1696 1664 1741 secus
1711 1676 1870 1740 nolit
1910 1677 2246 1754 absolvere,
2296 1678 2574 1760 polliceri
2618 1697 2763 1743 cum
2795 1677 3133 1748 iuramento,
3157 1692 3207 1736 se

806 1781 1327 1856 cohabitaturam,
1352 1779 1500 1843 licet
1534 1779 1852 1864 intelligat
1882 1780 2133 1843 tantum
2163 1779 2236 1843 de
2268 1779 2686 1844 coabitatione
2720 1780 2840 1844 sibi
2868 1779 3047 1843 licita.

993 1880 1103 1945 19⁰
1135 1882 1254 1961 Qui
1285 1883 1545 1965 rogatur
1592 1881 1826 1961 aliquid
1874 1881 2001 1944 sive
2032 1880 2213 1958 done,
2242 1882 2370 1946 sive
2415 1885 2637 1947 mutuo
2685 1883 2817 1946 sive
2855 1877 3207 1950 commodato,

808 1985 1017 2069 potest
1047 2003 1270 2067 negare
1308 2002 1372 2048 se
1403 1982 1646 2058 habere,
1674 1983 1909 2048 scilicet
1939 1982 2103 2065 quod
2135 1984 2333 2066 possit
2366 1988 2476 2050 aut
2513 1986 2666 2049 velit
2712 1986 2878 2050 dare.

995 2087 1108 2150 200
1155 2083 1436 2150 Creditor
1480 2087 1686 2168 potest
1732 2105 1874 2148 cum
1919 2085 2268 2151 iuramento
2316 2086 2625 2152 affirmare
2671 2088 2943 2153 sibinen
2988 2105 3099 2150 esse
3135 2100 3211 2148 so·

810 2189 1012 2253 lutam
1060 2187 1401 2271 pecuniam,
1451 2206 1609 2268 quae
1654 2188 1863 2251 soluta
1909 2187 2049 2263 fuit,
2113 2187 2167 2252 si
2213 2188 2383 2253 aliud
2428 2189 2657 2254 habeat
2721 2190 3036 2266 creditum,
3085 2182 3208 2267 quod

810 2292 931 2374 ipsi
991 2293 1250 2375 negetur
1295 2309 1365 2354 eo
1413 2290 1577 2373 quod
1623 2289 1875 2371 probari
1918 2309 2040 2354 non
2087 2292 2303 2374 possit.
2355 2292 2708 2358 Dummodo
2756 2295 2965 2357 tamen
3010 2310 3112 2355 non
3150 2284 3212 2349 af·

810 2393 1016 2457 firmet
1061 2392 1178 2456 sibi
1224 2392 1428 2456 deberi
1473 2411 1545 2456 ex
1590 2392 1821 2456 credito
1869 2392 1995 2456 iam
2041 2393 2301 2470 reddito,
2336 2393 2501 2475 quod
2547 2395 2801 2476 quidem
2849 2394 3082 2460 difficile
3108 2389 3211 2463 erit,

810 2495 984 2580 pute,
1018 2513 1261 2559 servare
1296 2494 1359 2557 in
1392 2493 1584 2577 praxi,
1620 2512 1728 2557 nec
1760 2493 2059 2559 damnum
2107 2494 2245 2559 aliis
2276 2495 2692 2562 creditoribus
2719 2497 3036 2563 inferatur.

994 2595 1107 2660 210
1137 2597 1510 2662 Mercatores
1541 2599 1803 2679 possunt
1828 2597 2032 2662 iurare
2059 2617 2289 2663 merces
2309 2600 2512 2664 carius
2534 2600 2654 2683 ipsi
2686 2604 2990 2677 constare,
3021 2594 3216 2681 quando

814 2721 936 2767 non
981 2720 1221 2766 merum
1266 2700 1537 2783 pretium
1582 2700 1671 2763 rei
1716 2699 2128 2774 considerant,
2177 2702 2282 2766 sed
2328 2703 2673 2786 supputant
2721 2705 2921 2769 etiam
2976 2703 3113 2766 alias
3149 2716 3218 2761 ex·

814 2823 1053 2888 pensas.

998 2906 1109 2968 220
1138 2905 1438 2970 Famulus
1485 2924 1556 2969 ex
1600 2904 1776 2968 iussu
1810 2904 2042 2970 domini
2080 2908 2287 2989 potest
2324 2926 2548 2991 negare
2579 2927 2722 2972 eum
2769 2928 2904 2975 esse
2935 2907 3104 2981 domi,
3132 2901 3219 2967 etsi

816 3008 919 3086 sit,
952 3028 1023 3071 ex
1057 3027 1176 3072 usu
1200 3008 1363 3071 enim
1400 3007 1810 3071 communiter
1841 3009 2085 3089 recepto
2117 3008 2268 3072 haec
2297 3007 2567 3073 formula
2600 3010 2811 3076 valet:
2855 3010 2964 3076 aut
3007 3027 3114 3073 non
3151 3005 3220 3068 est

817 3109 1004 3186 domi,
1044 3113 1156 3173 aut
1192 3128 1314 3173 non
1353 3109 1441 3173 ita
1475 3111 1587 3183 est,
1640 3110 1712 3172 ut
1742 3108 1896 3172 velit
1934 3108 2284 3173 admittere.

998 3212 1111 3275 230
1142 3213 1357 3276 Potest
1389 3211 1526 3293 quis
1573 3230 1782 3275 coram
1829 3212 2074 3275 notario
2123 3211 2430 3277 affirmare
2478 3233 2541 3279 se
2579 3216 2882 3298 recepisse
2928 3209 3221 3297 pecuniam,

818 3332 1009 3396 quam
1044 3332 1165 3376 non
1196 3312 1442 3396 recepit,
1477 3312 1712 3377 scilicet
1765 3331 1874 3395 pro
1925 3315 2172 3397 accepta
2228 3315 2477 3393 habere3
2526 3317 2580 3380 si
2626 3316 2793 3381 enim
2839 3315 3112 3389 remittit,
3151 3326 3225 3393 pe·

818 3415 989 3480 rinde
1023 3417 1117 3479 est
1149 3435 1219 3479 ac
1257 3415 1309 3479 si
1342 3416 1660 3497 acceperit.

1002 3523 1114 3586 24ο
1160 3521 1334 3587 Licet
1379 3521 1612 3603 aliquid
1660 3521 1802 3586 falsi
1844 3522 2069 3598 iurare,
2121 3523 2394 3589 addendo
2443 3524 2678 3608 aliquid
2738 3526 3042 3591 submissa
3085 3538 3220 3591 voce,

820 3626 984 3708 quod
1031 3644 1240 3689 veram
1286 3644 1416 3687 rem
1446 3623 1654 3699 faciat,
1706 3623 2040 3688 dummodo
2087 3626 2196 3689 illa
2243 3627 2510 3710 prolatio
2545 3628 2755 3710 aliquo
2803 3628 2991 3694 modo
3036 3619 3222 3710 percipi

822 3730 899 3793 ab
932 3729 1127 3792 altero
1175 3727 1391 3810 possit,
1438 3727 1583 3791 licet
1629 3727 1762 3791 eius
1809 3746 2023 3792 sensus
2069 3746 2191 3792 non
2238 3730 2646 3813 percipiatur3
2681 3730 2810 3795 iam
2842 3731 3006 3796 enim
3041 3729 3128 3792 hic
3163 3725 3226 3788 in-

819 3830 1025 3913 telligi
1070 3830 1167 3893 vel
1214 3828 1512 3912 suspicari
1559 3829 1785 3911 potest,
1811 3830 2121 3895 iurantem
2166 3851 2288 3896 non
2341 3832 2547 3897 iurare
2593 3832 2655 3897 id
2701 3833 2868 3916 quod
2917 3834 3074 3898 elata
3115 3842 3228 3893 νοω

821 3931 1137 4015 prolatum
1184 3933 1296 3995 est.
1356 3930 1487 4016 Quo
1535 3931 1737 4013 posito
1787 3933 1850 3995 et
1892 3931 1998 3997 ille
2045 3952 2259 3998 verum
2304 3934 2476 4000 iurat
2521 3936 2585 4000 et
2629 3935 2731 4000 hic
2775 3955 2900 4001 non
2949 3931 3224 4017 decipitur.

821 4033 960 4099 Nisi
1006 4035 1215 4098 tamen
1261 4032 1565 4115 quaedam
1613 4032 1923 4107 adiuncta,
1989 4036 2061 4099 ut
2108 4036 2408 4120 obligatio
2460 4036 2700 4102 vitandi
2745 4037 3037 4110 scandali,
3096 4026 3230 4097 aliud

823 4137 1161 4222 postulent.
