3497 5147
346 349 494 424 [880]
982 363 1067 403 An
1104 361 1326 404 monn
1361 357 1668 401 occrnmua
1703 356 2200 399 Mannmc'ronmu
2701 350 2810 406 653

437 460 628 524 Ratio
666 461 762 524 est
803 460 871 523 1⁰
901 459 1047 541 qnia
1079 458 1307 522 caritas
1332 454 1542 540 exigit,
1582 455 1655 518 ut
1684 453 1860 517 locus
1892 453 2073 518 detur
2103 454 2518 537 poenitentiae
2542 477 2673 535 reo;
2701 462 2809 543 qui

343 566 518 631 locus
549 564 675 628 fere
708 563 880 628 deest
925 564 989 627 in
1020 563 1185 627 hisce
1218 559 1544 636 adiunctiS,
1580 578 1720 623 cum
1768 577 1910 622 reus
1940 557 2065 639 (uti
2102 558 2291 643 solet)
2323 560 2475 625 velit
2508 580 2571 626 se
2603 563 2810 627 defen-

346 668 486 732 dere
519 669 582 732 et
614 666 931 732 occidatur
953 664 1392 748 inexspectato.
1428 664 1498 724 2ο
1521 660 1680 740 Quia
1712 662 1808 725 est
1840 679 2027 725 causa
2059 661 2555 741 inimicitiarum3
2592 666 2808 731 affines

345 771 509 835 enim
540 771 603 834 et
633 767 1075 852 consanguinei
1113 784 1308 848 aequo
1342 764 1547 828 animo
1587 762 1815 841 ferunt,
1856 763 1909 827 si
1956 763 2203 845 publica
2237 765 2579 830 auctoritas
2619 767 2810 832 inter-

344 872 493 948 ficit,
519 890 641 936 non
667 870 975 946 similiter,
1002 869 1056 933 si
1074 866 1314 933 occidat
1336 866 1637 950 privatus,
1659 862 1728 927 3⁰
1745 865 1911 928 Fieri
1926 864 2108 930 facile
2125 867 2350 947 potest,
2386 867 2461 931 ut
2491 868 2808 934 occidatur

346 995 418 1040 ex
451 974 613 1052 odio,
648 976 711 1039 et
747 974 835 1037 sic
866 970 1190 1036 intercedit
1221 967 1478 1033 alterius
1516 969 1855 1051 peccatum.
1892 966 1963 1028 4⁰
1993 966 2314 1031 Interdum
2345 968 2452 1049 qui
2485 970 2624 1032 vult
2657 972 2809 1035 occi-

347 1080 506 1157 dere,
555 1077 734 1162 gravi
781 1095 845 1141 se
882 1073 1219 1139 discrimini
1265 1070 1497 1147 obiicit,
1530 1070 1606 1134 ut
1641 1068 1855 1133 docuit
1890 1067 2281 1151 experientia.
2323 1070 2490 1134 Reus
2524 1072 2685 1136 enim
2733 1075 2809 1137 ut

345 1181 591 1255 evadat,
625 1180 787 1245 solet
817 1178 993 1255 alioS,
1028 1195 1065 1240 a
1097 1176 1323 1257 quibus
1354 1172 1557 1249 timet,
1593 1171 1883 1236 occidere.
1909 1170 2110 1235 Notat
2133 1190 2181 1236 s.
2216 1171 2400 1254 Alph.
2441 1174 2807 1240 occisionem

343 1284 479 1349 fieri
508 1302 632 1348 non
668 1301 847 1367 posse
869 1280 990 1345 nisi
1020 1280 1083 1343 in
1121 1276 1434 1342 territorio
1466 1273 1956 1358 praescribentis‚
1998 1274 2115 1351 vel,
2144 1273 2197 1338 si
2235 1274 2300 1337 in
2333 1275 2553 1353 alieno,
2588 1277 2809 1342 habita,

343 1386 638 1471 principis
675 1384 947 1449 licentia.

432 1487 547 1553 Sed
580 1489 751 1565 haec,
785 1489 958 1570 put0‚
1008 1484 1072 1549 in
1105 1480 1570 1547 desuetudinem
1603 1479 1906 1545 abierunt.

449 1651 566 1704 XV.
589 1652 637 1701 2.
658 1651 833 1702 Peccat
858 1644 1090 1710 Princeps
1112 1645 1189 1695 vet
1211 1640 1519 1705 Magistratus
1545 1639 1850 1703 (regulariter
1870 1641 2113 1705 loquendo
2135 1647 2187 1693 ut
2216 1654 2262 1694 v.
2282 1639 2400 1693 intra
2428 1639 2494 1696 de
2521 1642 2801 1712 praecept.

335 1734 539 1805 partic.
564 1749 610 1787 c.
637 1735 687 1787 3.
718 1734 767 1786 d.
799 1732 867 1798 t.)
893 1728 975 1796 qui
1001 1726 1157 1782 occidi
1182 1726 1318 1780 iubet
1344 1740 1457 1779 reos
1493 1738 1590 1777 non
1629 1722 1805 1777 citatos
1843 1726 1920 1777 vel
1949 1739 2044 1778 non
2072 1723 2267 1778 auditos
2294 1729 2372 1779 vet
2406 1739 2504 1779 non
2530 1728 2803 1793 damnatos,

345 1818 437 1875 etsi
473 1818 662 1886 privata
690 1814 891 1871 scientia
919 1818 1110 1867 constet
1134 1825 1245 1865 esse
1267 1814 1527 1875 nocentes3
1547 1807 1660 1874 quia
1681 1822 1742 1861 ex
1762 1808 1871 1862 iure
1892 1814 2092 1863 naturae
2113 1817 2250 1864 actus
2270 1809 2495 1876 publicus
2515 1810 2621 1864 fleri
2648 1814 2795 1865 debet

347 1918 408 1959 ex
434 1901 635 1957 scientia
659 1909 709 1955 et
734 1897 1027 1954 auctoritate
1055 1892 1264 1962 publica.
1293 1894 1356 1947 V.
1376 1892 1532 1949 Caiet.
1559 1906 1606 1944 v.
1635 1890 2008 1947 homicidium.
2031 1892 2142 1948 Fiu.
2163 1900 2224 1947 tr.
2253 1895 2337 1947 29.
2365 1909 2408 1948 c.
2436 1898 2485 1948 2.
2505 1909 2553 1960 q.
2576 1896 2625 1949 6.
2648 1911 2694 1948 11.
2717 1896 2798 1949 27.

342 1990 466 2043 Bon.
493 1988 526 2043 1.
551 2002 593 2040 0.
622 2001 669 2053 p.
699 1987 747 2039 t.
773 1999 820 2037 n.
842 1984 894 2036 7.

436 2127 613 2202 88⁰.
644 2130 857 2212 Excipi
902 2128 1110 2212 potest
1155 2144 1296 2189 cum
1342 2124 1735 2200 DoctoribuS‚
1790 2125 1856 2187 1⁰
1894 2125 1948 2189 si
1993 2126 2222 2190 crimen
2269 2127 2353 2191 sit
2390 2129 2708 2193 notorium
2740 2134 2805 2195 et

345 2238 418 2300 2⁰
447 2234 502 2301 si
534 2234 696 2298 esset
725 2230 1067 2316 periculum
1113 2226 1433 2292 seditionis
1481 2228 1594 2290 aut
1622 2226 1882 2291 dedecus
1928 2228 2114 2312 regis,
2147 2229 2200 2293 si
2230 2228 2487 2294 iuridice
2519 2232 2800 2313 procede-

342 2339 533 2402 retur.
568 2334 686 2401 Sed
722 2334 797 2400 cf.
839 2332 1092 2397 dicenda
1127 2331 1191 2395 in
1222 2330 1359 2394 loco
1384 2328 1578 2394 citato
1618 2330 1695 2393 ab
1727 2330 2018 2395 Auctore.

430 2440 577 2504 Tria
601 2436 912 2503 subnectit
942 2434 1231 2520 Ligorius
1257 2453 1360 2497 nn.
1387 2432 1537 2496 378.
1573 2432 1723 2496 379.
1751 2430 1972 2497 Clerici
2003 2452 2123 2499 non
2149 2438 2411 2519 possunt
2440 2436 2608 2502 licite
2633 2439 2801 2502 dam-

341 2562 487 2608 nare
532 2559 670 2607 reos
716 2558 912 2625 poena
948 2536 1191 2611 mortis,
1231 2534 1478 2600 etiamsi
1538 2535 1808 2601 habeant
1852 2536 2229 2619 potestatem
2272 2538 2550 2605 civilem:
2593 2542 2802 2624 potest

342 2648 551 2711 tamen
581 2645 752 2726 Papa
776 2641 1145 2725 dispensare.
1171 2639 1315 2703 Iure
1346 2640 1555 2703 tamen
1586 2639 1860 2703 humano
1885 2639 1948 2703 id
1971 2643 2228 2706 cautum
2260 2642 2356 2706 est
2378 2662 2450 2707 ex
2481 2662 2613 2728 cap.
2650 2642 2800 2708 Sem

343 2747 602 2813 tentiam
631 2746 739 2811 lib.
780 2746 842 2809 3.
875 2745 977 2809 tit.
1020 2743 1124 2807 50.
1158 2759 1291 2824 cap.
1327 2742 1387 2804 9.
1429 2763 1464 2798 «
1497 2738 1881 2805 Sententiam
1928 2743 2246 2827 sanguinis
2292 2745 2504 2810 nullus
2542 2747 2798 2812 clericus

340 2852 531 2917 dictet
564 2852 675 2915 aut
705 2848 1006 2933 proferat3
1041 2845 1143 2911 sed
1177 2862 1288 2908 nec
1319 2843 1638 2928 sanguinis
1662 2844 2000 2910 vindictam
2034 2850 2311 2913 exerceat
2347 2849 2462 2914 aut
2497 2850 2604 2915 ubi
2638 2870 2799 2916 exer—

341 2955 533 3032 cetur,
564 2953 833 3018 intersit.
881 2949 1010 3014 Nec
1055 2948 1384 3031 quisquam
1430 2945 1685 3010 clericus
1732 2947 1978 3012 litteras
2025 2948 2217 3015 dictet
2265 2952 2376 3015 aut
2407 2952 2640 3018 scribat
2685 2975 2797 3037 pro

338 3055 612 3121 vindicta
643 3053 965 3140 sanguinis
1010 3047 1440 3116 destinandas:
1475 3047 1634 3112 unde
1666 3049 1728 3112 in
1764 3046 1966 3115 Curiis
1998 3051 2342 3136 principum
2390 3054 2542 3118 haec
2574 3057 2799 3120 sollici-

338 3158 490 3224 tudo
523 3177 645 3223 non
681 3156 936 3233 clerici8‚
972 3153 1077 3219 sed
1113 3151 1288 3216 laicis
1320 3151 1755 3216 committatur
1792 3177 1852 3217 ».

430 3259 796 3326 Secundum.
845 3258 1035 3323 Iudex
1080 3255 1328 3320 tenetur
1364 3254 1479 3317 sub
1525 3253 1703 3338 gravi
1728 3256 2051 3321 concedere
2084 3259 2327 3341 tempus
2362 3260 2670 3324 sufficiens
2720 3260 2798 3326 ad

340 3365 783 3430 confessionem
807 3365 870 3428 et
894 3361 1084 3426 etiam
1107 3378 1218 3442 pro
1251 3356 1602 3438 sumptione
1626 3359 2076 3424 communionis
2101 3360 2249 3442 (nisi
2266 3363 2474 3425 tamen
2500 3363 2796 3428 damnum

339 3487 528 3553 grave
575 3466 900 3548 timeatur)
947 3481 1137 3546 quam
1183 3476 1323 3523 reus
1370 3476 1610 3521 sumere
1655 3461 1863 3540 potest
1910 3479 2031 3524 non
2077 3461 2340 3526 ieiunus.
2390 3463 2796 3545 Praeceptum

340 3574 505 3638 enim
536 3571 983 3638 communionis
1015 3570 1078 3633 in
1114 3565 1377 3631 articulo
1414 3562 1636 3627 mortis
1669 3566 1766 3627 est
1797 3564 1960 3628 iuris
1991 3566 2209 3632 dim'ni.

430 3676 729 3741 Tertium.
763 3673 830 3740 Si
874 3689 1016 3739 reus
1049 3669 1284 3737 abnuat
1330 3665 1628 3743 confiteri,
1679 3666 1797 3730 sibi
1835 3668 2103 3750 imputet
2149 3689 2258 3733 1190
2305 3668 2439 3734 ideo
2466 3670 2798 3735 differenda

341 3778 669 3844 exsecutio.
