3497 5147
703 330 808 383 184
899 343 1107 383 maor.
1138 345 1192 385 v.
1219 344 1381 386 sacr.
1408 344 1499 386 111.
1525 345 1611 384 mn
1636 343 1957 386 cam‘rA'rrs
1981 342 2374 384 PRAncnPTIS.
2400 341 2598 383 oaptrr
2622 342 2688 380 11.
2715 341 2856 384 Dua.
2891 341 2948 381 v.
3021 324 3166 400 [251]

698 458 938 515 eorum,
988 440 1096 521 qui
1143 440 1486 523 permoveri
1519 444 1877 523 potuerunt,
1927 440 2195 505 difficilis
2242 441 2338 504 est
2368 458 2465 503 res
2502 438 2643 503 inde
2688 456 2954 520 quoque,
3003 438 3168 520 quod

701 541 779 604 de
824 541 940 605 hoc
986 541 1392 623 probabiliter
1436 542 1709 606 iudicare
1758 562 1878 607 non
1925 542 2104 607 facile
2151 542 2236 606 sit
2280 543 2345 606 et
2383 543 2699 625 praeterea
2729 541 3166 623 requireretur,

701 642 766 706 id
800 643 1304 707 animadversum
1340 643 1550 708 fuisse.
1585 643 1676 707 Cf.
1713 644 1882 709 dicta
1911 645 1976 708 in
2009 644 2088 707 tr.
2129 643 2202 706 de
2235 643 2528 706 Peccatis
2558 661 2658 707 nn.
2694 645 2844 706 249.
2882 644 3032 706 250.

819 783 944 834 LlX.
972 782 1020 834 4.
1050 780 1153 835 Etsi
1176 780 1235 842 is,
1261 781 1344 848 qui
1379 780 1728 835 scandalizavit
1753 781 1891 844 alica,
1923 788 2141 834 teneatur
2165 779 2262 833 inis
2287 795 2462 833 rursus
2498 782 2617 833 dare
2655 782 2835 832 bonum
2872 782 3167 847 exemplum.

704 874 760 922 ut
785 866 941 932 inquit
967 866 1054 918 sa:
1087 865 1129 918 si
1154 865 1264 932 quis
1303 873 1462 919 tamen
1503 868 1632 919 nudo
1670 869 1897 932 exemplo
1924 880 2015 919 suo
2050 864 2174 918 alios
2213 867 2274 918 ad
2313 868 2497 918 lurtum
2521 863 2729 928 induxit,
2758 879 2916 930 neque
2951 865 3052 918 alio
3089 879 3169 932 pe·

701 950 881 1006 culiari
907 952 1069 1012 modu,
1090 964 1137 1002 v.
1158 965 1231 1014 gr.
1247 950 1608 1015 exhortatione,
1627 950 1850 1016 consiliu,
1874 953 2100 1003 mandato
2128 957 2202 1002 est
2227 959 2539 1016 cooperatus,
2562 964 2658 1002 non
2678 956 2874 1003 tenetur
2892 952 2954 1003 ad
2979 949 3168 1003 restitu-

707 1035 919 1096 tionem:
941 1033 1052 1100 quia
1088 1033 1199 1086 talis
1225 1033 1443 1088 inductio
1470 1041 1544 1087 est
1573 1041 1757 1087 tantum
1784 1042 1950 1087 contra
1974 1033 2245 1096 caritatem,
2278 1048 2373 1086 non
2403 1042 2569 1086 contra
2595 1033 2847 1086 iustitiam.
2870 1036 3001 1087 idem
3027 1037 3167 1088 docet

703 1135 818 1173 esse
844 1123 980 1173 LeSS.
1009 1119 1050 1172 si
1079 1134 1187 1172 cum
1214 1117 1335 1171 Caio
1364 1134 1409 1171 v.
1437 1134 1510 1183 gr.
1537 1117 1716 1184 potites
1741 1134 1798 1173 ea
1823 1118 2109 1183 intentione,
2136 1124 2190 1171 ut
2217 1117 2340 1184 ipsc,
2368 1118 2670 1184 consumptis
2698 1118 2932 1183 pecuniis,
2963 1123 3165 1172 furetur.

709 1205 825 1259 Vid.
850 1206 988 1257 Less.
1019 1219 1062 1256 c.
1089 1206 1138 1256 9.
1165 1206 1213 1257 d.
1247 1206 1326 1257 16.
1352 1219 1400 1257 n.
1430 1207 1548 1255 110.

797 1313 975 1376 Hanc
1021 1313 1395 1377 sententiam
1441 1333 1489 1376 s.
1525 1312 1710 1394 Alph.
1761 1312 1839 1375 ad
1884 1312 1945 1375 h.
1978 1311 2020 1374 l.
2061 1329 2451 1375 communem
2498 1329 2627 1375 esse
2674 1310 2929 1376 fatetur.
2978 1311 3163 1375 Ratio

706 1416 885 1499 patet
915 1434 985 1479 ex
1024 1414 1205 1478 dictis
1244 1434 1379 1497 sup.
1413 1434 1472 1478 n.
1511 1415 1659 1477 246.
1694 1433 1838 1478 cum
1869 1413 2066 1496 Lugo.

816 1555 921 1607 LX.
953 1555 1003 1606 5.
1030 1555 1134 1607 Non
1174 1561 1401 1607 censetur
1430 1555 1548 1606 dare
1575 1555 1871 1614 scandalum,
1898 1550 1997 1616 qui,
2026 1551 2137 1604 licet
2164 1549 2356 1617 publice
2391 1558 2574 1617 peccet,
2604 1550 2715 1604 tacit
2739 1550 2788 1604 id
2817 1558 2978 1605 tamen
3005 1567 3165 1606 coram

705 1638 784 1703 iis,
808 1638 893 1705 qui
931 1640 1010 1691 vel
1049 1645 1162 1691 sunt
1198 1637 1267 1691 ita
1307 1636 1434 1691 viles
1459 1639 1539 1691 vel
1565 1635 1768 1690 infames
1794 1643 1876 1689 aut
1901 1636 2133 1702 improbi,
2166 1639 2246 1689 vel
2287 1634 2370 1701 qui
2396 1643 2509 1689 sunt
2535 1635 2600 1689 ita
2632 1636 2774 1702 probi
2803 1644 2855 1690 ut
2882 1650 3027 1690 nemo
3066 1652 3165 1691 mo·

705 1730 880 1777 veatur
919 1725 982 1777 ad
1020 1728 1302 1788 peccatum:
1333 1737 1381 1774 v.
1406 1737 1479 1786 gr.
1506 1720 1548 1774 si
1586 1720 1698 1788 quis
1737 1721 2003 1774 fornicetur
2040 1734 2207 1773 coram
2235 1719 2358 1781 aliiS,
2388 1720 2470 1785 qui
2508 1728 2620 1773 sunt
2658 1720 2816 1786 parati
2840 1721 2971 1775 idem
3010 1725 3168 1776 tacere

706 1823 796 1861 nec
835 1808 941 1861 eius
980 1808 1207 1875 exemplo
1245 1814 1507 1860 moventur
1545 1809 1623 1859 vel
1664 1806 1704 1859 si
1731 1820 1897 1858 coram
1936 1804 2202 1858 mansuetis
2238 1805 2349 1870 quis
2385 1808 2662 1869 contendat,
2687 1805 2878 1859 rixetur
2903 1810 2982 1860 vel
3021 1807 3167 1860 alium

699 1895 894 1946 caedat.
921 1895 1099 1945 Sanch.
1132 1894 1177 1943 l.
1206 1893 1347 1946 Mor.
1374 1906 1416 1943 c.
1446 1892 1496 1942 6.
1525 1906 1570 1943 n.
1599 1893 1648 1943 6.

797 1989 956 2064 251.
983 1993 1122 2056 Huc
1148 1994 1387 2076 spectat
1411 1993 1692 2074 quaestio
1719 1993 1901 2075 apud.
1930 2015 1979 2057 s.
1998 1993 2183 2074 Alph.
2211 2013 2268 2056 n.
2297 1993 2402 2056 47.
2429 1993 2526 2057 An
2552 1993 2827 2058 scandali
2849 1997 3169 2077 peccatum

703 2098 791 2163 ait
839 2098 1042 2179 petere
1091 2096 1168 2159 ab
1216 2095 1339 2160 alio
1388 2095 1643 2177 aliquid,
1684 2094 1850 2177 quod
1898 2095 2014 2160 iste
2062 2114 2183 2159 non
2231 2095 2574 2178 praestabit
2620 2096 2749 2160 sine
2797 2099 3069 2179 peccato,
3117 2099 3169 2163 si

706 2201 965 2283 paratus
1004 2199 1087 2262 sit
1121 2199 1192 2262 ad
1230 2201 1570 2282 peccatum.

799 2300 1214 2384 Distinguunt
1244 2304 1457 2366 autem
1489 2301 1768 2384 (propter
1799 2301 2071 2365 diversas
2102 2302 2373 2364 rationes
2408 2299 2684 2365 solvendi
2715 2303 3169 2386 quaestionem)

705 2421 858 2466 num
903 2421 1000 2466 res
1047 2403 1130 2466 sit
1177 2403 1503 2468 intrinsece
1540 2403 1727 2480 mala,
1770 2423 1828 2466 v.
1868 2422 1961 2486 gr.
1996 2404 2201 2486 petere
2246 2402 2716 2467 fornicationem
2754 2423 2790 2467 a
2828 2407 3166 2484 meretrice,

705 2525 864 2589 quae
895 2504 960 2568 in
993 2506 1339 2588 prostibulo
1372 2506 1611 2591 prostet
1648 2507 1710 2568 et
1751 2505 2035 2568 omnibus
2066 2506 2151 2568 sit
2180 2505 2422 2589 parata,
2457 2524 2535 2568 an
2567 2504 2935 2582 indifferens,
2972 2509 3045 2571 ut
3077 2529 3172 2593 pe-

705 2610 837 2672 tere
862 2609 1174 2685 mutuum,
1201 2627 1323 2689 quo
1349 2607 1673 2671 usurarius
1697 2607 1998 2671 abutatur
2022 2626 2091 2671 ex
2117 2626 2229 2671 sua
2260 2606 2524 2671 malitia.
2546 2607 2628 2671 Et
2651 2627 2699 2672 s.
2724 2596 2933 2692 Alph.,
2961 2610 3171 2675 allatis

705 2710 996 2792 gravium
1023 2709 1156 2771 DD.
1176 2709 1320 2773 hinc
1341 2709 1482 2773 inde
1506 2708 1848 2785 sementim,
1876 2709 2246 2774 sententiam
2272 2708 2715 2773 affirmativam
2741 2712 3169 2794 amplectitur:

701 2809 929 2891 excipit
960 2811 1173 2874 autem
1203 2804 1268 2874 in
1305 2811 1570 2876 secundo
1618 2831 1785 2889 casu,
1825 2812 1957 2875 nisi
1990 2810 2163 2875 adsit
2188 2812 2405 2893 yravis
2435 2830 2660 2875 causa:
2698 2813 2805 2877 sed
2840 2812 2915 2877 de
2951 2815 3073 2879 hac
3109 2835 3171 2880 re

706 2912 773 2975 in
805 2913 922 2975 art.
959 2931 1082 2993 seq.
1116 2912 1214 2976 Ad
1247 2913 1486 2995 praxim
1518 2932 1660 2978 vero
1694 2913 1860 2996 quod
1892 2915 2150 2996 spectat,
2186 2914 2239 2977 si
2277 2932 2540 2995 quaeras
2578 2933 2657 2978 an
2687 2915 2750 2978 in
2782 2916 2985 2998 primo
3024 2938 3171 2984 casu

705 3013 1176 3079 circumstantia
1209 3015 1483 3079 scandali
1529 3035 1639 3079 seu
1683 3016 2059 3080 inductionis
2108 3015 2184 3079 ad
2222 3018 2564 3097 peccatum,
2600 3018 2685 3081 sit
2715 3018 3171 3087 manifestanda

711 3116 772 3179 in
806 3115 1184 3181 confessione
1217 3117 1453 3199 peccati
1500 3137 1624 3181 una
1670 3137 1815 3181 cum
1861 3118 1983 3181 alio
2022 3118 2276 3200 patrati,
2309 3118 2441 3200 ipse
2478 3138 2527 3182 s.
2561 3119 2745 3202 Alph.
2779 3121 2927 3185 ibid.
2962 3142 3023 3185 n.
3064 3124 3170 3187 46.

708 3216 991 3281 admittit
1022 3218 1117 3282 uti
1154 3219 1536 3301 probabilem
1567 3219 1939 3283 sententiam
1987 3239 2200 3284 eorum
2231 3219 2417 3303 (quae
2463 3224 2626 3286 certe
2672 3225 2768 3288 est
2812 3224 3171 3311 difficilior),

711 3318 820 3400 qui
853 3318 1084 3398 dicunt,
1120 3339 1241 3384 non
1280 3340 1410 3385 esse
1457 3322 1520 3385 ‘111
1552 3321 1931 3386 confessione
1978 3322 2400 3405 explicandam
2431 3324 2970 3393 circumstantiam
3000 3331 3175 3396 indu-

706 3419 931 3485 ctionis
964 3421 1043 3485 ad
1089 3422 1587 3500 fornicationem3
1621 3425 1769 3506 quia
1808 3444 1951 3488 cum
1996 3428 2254 3508 uterque
2292 3427 2623 3510 participet
2658 3431 2722 3493 et
2751 3436 3083 3498 concurrat
3113 3437 3176 3499 et

707 3526 1070 3606 cooperetur
1118 3525 1195 3590 ad
1241 3528 1563 3609 peccatum
1626 3527 1903 3607 alteriUS,
1951 3527 2203 3613 gravior
2248 3529 2368 3593 erit
2411 3530 2593 3612 culpa
2652 3532 3020 3614 inducentia,
3070 3538 3175 3602 sed

708 3628 1055 3691 communis
1096 3628 1272 3692 adest
1318 3630 1501 3713 culpa
1548 3629 1610 3693 in
1642 3630 1857 3695 eadem
1888 3632 2105 3714 specie.
2138 3632 2195 3695 A
2225 3630 2471 3696 fortiori
2506 3632 2570 3696 in
2608 3653 2759 3699 casu
2795 3640 3031 3718 nostro,
3067 3641 3172 3706 ubi

708 3727 811 3790 vix
856 3727 1131 3793 inductio
1196 3732 1433 3814 concipi
1479 3732 1726 3814 potest;
1778 3752 1923 3797 nam
1968 3733 2073 3797 ille
2122 3733 2493 3816 supponitur
2553 3737 2810 3818 paratus
2857 3741 2919 3803 et
2967 3743 3174 3807 solum

710 3831 1080 3911 praestolari
1116 3837 1442 3917 rogantem
1481 3837 1554 3898 ut
1592 3837 1818 3918 peccet.

798 3930 911 3995 Sed
954 3933 1183 3998 solutio
1221 3936 1581 4018 posterioris
1614 3958 1671 4018 q.
1708 3937 1953 4018 quando
2002 3937 2235 4001 seilicet
2280 3956 2397 4015 rea,
2432 3958 2590 4020 quae
2637 3940 2872 4022 petitur
2917 3963 3041 4010 non
3081 3948 3174 4011 est

709 4035 776 4098 in
806 4053 870 4099 se
901 4038 1242 4119 peccatum,
1277 4040 1519 4121 spectat
1557 4038 1634 4102 ad
1666 4058 1792 4121 seq.
1824 4039 2019 4104 Artic.

818 4174 942 4226 LXI.
971 4176 1020 4225 «5.
1049 4175 1154 4227 Non
1185 4173 1297 4228 ideo
1338 4178 1517 4228 factum
1558 4174 1755 4240 aliquod
1794 4183 1869 4227 cst
1904 4176 2199 4236 scandalum,
2227 4175 2340 4240 quia
2378 4176 2508 4229 alius
2545 4176 2718 4245 incipit
2754 4182 2815 4233 de
2852 4181 2939 4235 tali
2979 4184 3169 4237 bomine

713 4260 838 4309 male
875 4258 1114 4323 suspicari
1152 4266 1237 4313 aut
1274 4259 1457 4312 sentire
1470 4273 1486 4326 ;
1527 4260 1638 4325 quia
1679 4259 1757 4312 bic
1796 4275 1889 4313 non
1932 4268 2113 4326 peccat,
2155 4260 2199 4313 si
2236 4263 2301 4313 ob
2341 4262 2628 4317 sufficientia
2665 4263 2843 4318 indicia
2874 4269 3166 4335 suspicetur.

715 4345 868 4395 Secus
897 4351 1053 4397 tamen
1080 4351 1171 4408 est,
1202 4344 1244 4398 si
1269 4344 1469 4411 incipiat
1509 4346 1635 4397 male
1675 4345 1856 4398 sentire
1894 4347 1955 4397 de
1982 4347 2077 4398 fide
2102 4345 2372 4409 Catholica,
2398 4347 2557 4411 Claro,
2583 4349 2767 4403 Ordine
2806 4352 3055 4417 Religioso
3094 4358 3166 4407 vet

715 4426 875 4481 minus
912 4431 970 4481 ad
1009 4428 1237 4496 pietatem
1278 4428 1420 4482 affici.
1448 4430 1587 4482 Unde
1626 4436 1759 4495 patet
1788 4428 1973 4483 facilius
1999 4429 2104 4483 dari
2144 4433 2424 4484 scandalum
2464 4436 2523 4485 ab
2550 4430 2627 4496 iis,
2654 4433 2737 4498 qui
2775 4437 2963 4491 suntin
3001 4453 3166 4503 magna

716 4515 1009 4568 auctoritate
1047 4520 1126 4568 vet
1167 4514 1363 4580 pietatis
1386 4514 1761 4579 existimatione,
1791 4532 1933 4582 quam
1972 4520 2033 4570 ab
2074 4517 2196 4571 aliis.
2224 4517 2345 4571 Con.
2371 4520 2417 4573 d.
2448 4521 2530 4571 32.
2556 4536 2601 4573 n.
2630 4522 2714 4574 33.

800 4623 976 4687 Nihil
1007 4624 1372 4689 addendum.
