3497 5147
352 353 495 430 [255]
1166 370 1252 410 ns:
1288 367 1606 411 somnam
1645 370 1978 411 inmas-cro
2698 358 2802 413 187

345 467 582 531 disserit
609 467 775 531 Azor
809 487 869 549 p.
906 469 966 530 2.
1000 467 1042 530 1.
1082 468 1183 531 12.
1218 486 1269 530 c.
1309 468 1409 531 18.
1448 467 1556 542 ait,
1598 490 1634 524 «
1658 469 1806 549 quia
1838 468 1985 532 licet
2012 468 2119 532 ille
2151 469 2237 532 sit
2269 469 2476 533 animo
2514 470 2792 553 paratuS,

344 587 446 634 nos
475 570 685 633 tamen
735 569 790 633 ei
837 587 1054 634 sumus
1101 569 1338 634 occasio
1371 570 1502 633 sine
1548 569 1716 634 iusta
1765 588 1972 647 causa,
2009 573 2081 635 ut
2112 590 2279 634 nunc
2323 575 2467 635 actu
2494 576 2796 651 peccet».

343 670 525 735 Addit
560 670 777 736 deinde
824 691 872 735 3.
912 672 1149 736 Doctor
1179 671 1343 753 quod
1383 697 1418 730 «
1451 673 1662 754 petens
1710 674 1843 736 sine
1877 674 2055 755 gravi
2087 691 2276 737 causa
2312 693 2436 738 non
2469 677 2797 739 excusatur

345 774 416 836 ab
445 773 570 837 alio
618 776 870 856 peccato
903 774 1085 856 gravi
1129 775 1346 838 contra
1385 775 1683 838 virtutem
1717 775 1795 838 ad
1828 795 2017 857 quam
2064 776 2426 841 laedendam
2474 777 2801 842 moraliter

342 875 574 939 inducit
603 875 976 957 proximum.
1019 876 1102 940 Et
1137 876 1271 953 hoc,
1307 877 1554 940 etiamsi
1586 876 1840 942 daretur
1886 897 2088 954 casua,
2124 897 2308 961 quem
2358 880 2624 962 practice
2670 881 2797 943 iam

350 976 607 1040 diximus
653 977 976 1042 moraliter
1019 977 1400 1062 impossibile
1447 998 1577 1042 esse
1623 980 1883 1057 evenire,
1934 981 2099 1062 quod
2155 1000 2334 1064 opere
2381 983 2629 1046 externo
2679 1000 2800 1046 non

353 1082 654 1164 augeatur
682 1081 929 1144 malitia
960 1081 1223 1163 proximi
1255 1082 1461 1164 parati
1493 1081 1569 1146 ad
1601 1083 1997 1165 peccandum.
2034 1084 2244 1160 Ratio,
2281 1084 2429 1166 quia
2471 1086 2600 1149 sine
2632 1086 2803 1148 iusta

352 1201 533 1249 causa
556 1203 876 1266 nunquam
899 1185 1045 1249 licet
1068 1186 1381 1268 cooperari
1408 1186 1484 1249 ad
1509 1186 1817 1251 actionem
1842 1188 2140 1253 obiective
2164 1189 2425 1252 malam:
2445 1204 2805 1252 concurrere

352 1286 508 1350 enim
553 1285 896 1364 moranter,
943 1288 1134 1351 etiam
1181 1288 1556 1371 permissive,
1608 1290 1684 1353 ad
1733 1292 1944 1354 actum
2002 1289 2301 1354 obiective
2362 1291 2620 1368 malum,
2670 1290 2803 1353 sine

351 1388 511 1452 iusta
545 1407 753 1465 causa,
786 1408 893 1472 per
923 1408 986 1453 se
1018 1409 1256 1473 semper
1288 1392 1382 1454 est
1412 1392 1650 1455 malum
1684 1417 1718 1450 »
1757 1392 1872 1475 (a).

431 1489 489 1554 S.
527 1491 764 1555 Doctor
794 1509 914 1555 non
946 1492 1126 1556 docet
1164 1494 1373 1558 actum
1404 1497 1724 1559 externum
1757 1494 1977 1559 addere
2006 1495 2318 1559 malitiam
2350 1495 2614 1567 interno,
2654 1514 2807 1575 quo-

351 1611 484 1658 cum
516 1593 590 1658 fit
622 1595 684 1658 et
716 1612 753 1657 a
791 1613 913 1675 quo
961 1595 1201 1677 pendet,
1241 1596 1405 1678 quod
1442 1598 1633 1680 negat
1662 1617 1712 1660 3.
1748 1597 2021 1661 Thomas
2051 1598 2236 1679 idque
2273 1597 2674 1680 probabilius,
2711 1596 2802 1660 ait

351 1717 396 1762 s.
427 1697 635 1779 Alph.:
668 1696 770 1761 sed
806 1696 1076 1762 advertit
1105 1699 1463 1763 Thomistas
1494 1718 1739 1780 quoque
1777 1698 2009 1774 docere,
2037 1699 2202 1781 quod
2247 1722 2282 1757 «
2314 1718 2456 1762 cum
2494 1699 2802 1782 contingit

351 1799 797 1882 perpetratione
830 1800 1027 1882 operis
1065 1800 1215 1864 mali
1248 1801 1638 1864 voluntatem
1670 1801 1873 1885 magis
1906 1800 2068 1865 affici
2104 1801 2180 1865 ad
2219 1821 2349 1866 rem
2386 1801 2799 1883 concupitam,

353 1906 498 1967 tunc
528 1902 657 1965 sine
684 1901 871 1966 dubio
904 1921 1011 1985 per
1044 1920 1198 1984 opus
1230 1905 1552 1966 externum
1589 1902 1841 1967 additur
1873 1903 2108 1985 aliquid
2140 1904 2441 1982 malitiae,
2474 1903 2623 1985 quia
2655 1904 2804 1968 tunc

348 2004 543 2088 ipsius
590 2005 931 2069 voluntatis
991 2005 1235 2069 malitia
1284 2005 1551 2090 augetur
1597 2031 1657 2069 ».
1707 2007 1902 2070 Porro
1949 2006 2106 2072 illud
2154 2025 2393 2089 semper
2447 2008 2805 2091 contingere

347 2108 520 2191 ponit
553 2126 602 2172 3.
637 2110 888 2185 Doctor,
919 2108 1179 2190 ideoque
1223 2125 1464 2191 semper
1509 2129 1617 2193 per
1648 2111 1858 2174 actum
1889 2113 2211 2175 externum
2244 2111 2460 2194 augeri
2489 2110 2802 2176 malitiam

347 2210 715 2275 voluntatis.

431 2313 608 2378 Haec
628 2315 839 2377 tamen
870 2312 1150 2377 doctrina
1181 2315 1276 2378 est
1305 2312 1594 2377 difficilis.
1628 2314 1794 2378 Nam
1825 2314 1877 2378 si
1909 2315 2069 2396 petis
2102 2316 2488 2379 sacramenta
2522 2333 2556 2378 a
2589 2334 2809 2380 concu-

344 2416 585 2480 binario
624 2414 960 2492 sacerdote,
999 2415 1108 2497 qui
1138 2417 1394 2498 paratus
1427 2415 1632 2480 animo
1667 2416 1753 2479 sit
1782 2433 1855 2480 ea
1888 2415 2339 2494 administrare,
2373 2434 2677 2498 quaenam
2710 2419 2806 2482 est

345 2518 408 2583 in
435 2519 552 2583 hac
586 2516 1126 2583 administratione
1171 2515 1373 2583 maior
1404 2517 1644 2583 affectio
1691 2517 2039 2584 voluntatis
2073 2518 2149 2583 ad
2180 2508 2311 2583 rem
2357 2520 2750 2602 concupitam
2774 2524 2805 2584 ⁴?

344 2621 426 2685 Et
447 2621 814 2687 Thomistae
843 2619 1111 2702 quidem,
1139 2624 1327 2703 prout
1358 2638 1570 2685 eorum
1602 2622 1911 2687 sententia
1943 2621 2225 2699 refertur,
2259 2624 2618 2704 supponunt
2648 2623 2807 2687 hanc

342 2726 646 2790 maiorem
706 2723 1090 2789 affectionem
1137 2724 1482 2788 voluntatis
1530 2742 1651 2788 non
1698 2742 1937 2807 semper
1985 2723 2236 2801 adesse3
2286 2722 2594 2805 quomodo
2656 2743 2805 2808 ergo

340 2824 810 2893 demonstratur
841 2845 914 2890 ea
943 2826 1311 2891 universalis
1340 2825 1684 2909 propositio
1719 2845 1768 2890 s·
1804 2826 2146 2890 Doctoris?

423 2930 658 3012 Itaque
701 2948 826 2992 non
871 2932 969 2993 est
1010 2927 1294 3011 neganda
1337 2926 1744 3010 probabilitas
1783 2928 1973 3009 priori
2018 2928 2379 3003 sententiae,
2412 2947 2571 3009 quae
2616 2930 2809 3012 negat

337 3033 400 3096 in
430 3034 551 3097 hoc
581 3049 738 3097 casu
770 3048 961 3116 grave
990 3030 1287 3095 damnum
1315 3029 1529 3093 inferri
1559 3031 1779 3113 parato
1814 3029 1891 3093 ad
1923 3030 2297 3112 peccandum
2330 3032 2394 3094 et
2421 3031 2644 3094 leviter
2674 3050 2808 3113 pec·

336 3152 473 3199 care
506 3134 668 3199 dicit
691 3133 952 3215 quisine
991 3132 1156 3197 iusta
1187 3152 1375 3196 causa
1401 3132 1782 3197 occasionem
1815 3132 1946 3196 eius
1972 3132 2164 3214 ponit.
2187 3130 2287 3197 Sic
2309 3130 2487 3217 Lugo
2522 3132 2675 3214 disp.
2698 3134 2803 3198 25.

335 3257 394 3299 n.
446 3238 629 3301 235.:
688 3260 724 3294 ⁴<
769 3234 1218 3318 Respondetur,
1269 3236 1662 3318 praeceptum
1710 3234 1995 3299 caritatis
2058 3252 2207 3312 esse,
2258 3236 2332 3298 ut
2386 3235 2631 3317 quando
2679 3230 2809 3300 sine

335 3336 739 3404 incommodo
768 3354 998 3421 magno
1031 3354 1303 3420 possum,
1337 3337 1535 3401 vitare
1572 3337 1829 3401 debeam
1860 3356 2158 3421 magnum
2190 3338 2486 3401 damnum
2524 3338 2805 3420 proximi.

338 3440 408 3503 ln
431 3459 592 3505 casu
617 3442 835 3503 autem
857 3439 1166 3522 praesenti
1188 3439 1485 3504 damnum
1511 3440 1773 3523 proximi
1798 3458 1920 3504 non
1944 3442 2040 3504 est
2062 3458 2391 3523 magnum3
2419 3459 2561 3504 cum
2585 3458 2805 3523 parum

335 3544 573 3609 reserat
605 3542 687 3618 ei,
714 3543 820 3625 qui
852 3543 978 3606 iam
1011 3560 1082 3606 ex
1113 3545 1291 3625 parte
1314 3561 1427 3606 sua
1459 3543 1851 3607 voluntatem
1881 3544 2115 3606 malam
2146 3543 2422 3606 habetet
2450 3542 2625 3606 illam
2660 3543 2810 3606 alibi

335 3645 728 3713 exsecutioni
751 3644 1091 3722 mandabit,
1119 3662 1456 3728 proponere
1480 3643 1882 3720 occasionem,
1902 3645 1965 3707 in
1987 3654 2111 3725 qua
2136 3645 2380 3726 praeter
2402 3642 2809 3707 intentionem

334 3766 544 3816 meam
593 3750 778 3815 illam
824 3750 1212 3831 exsequatur.
1253 3746 1373 3811 llla
1420 3750 1631 3812 autem
1678 3748 2040 3830 anticipatio
2089 3747 2289 3829 operis
2322 3747 2558 3811 externi
2603 3747 2807 3812 solum

336 3855 548 3920 variat
580 3852 1050 3918 accidentaliter
1079 3852 1398 3935 peccatum
1436 3851 1633 3923 illius:
1670 3851 1848 3914 cuius
1881 3850 2275 3914 accidentalis
2306 3848 2813 3916 circumstantiae

333 3957 567 4022 vitatio
608 3972 738 4019 non
776 3973 873 4019 me
904 3953 1151 4019 videtur
1193 3955 1469 4037 graviter
1517 3953 1831 4037 obligare:
1874 3952 2151 4034 alioquin
2188 3972 2297 4017 nec
2341 3955 2597 4037 propter
2641 3954 2814 4019 utili·

355 4106 658 4116 -ώ-μ
685 4105 743 4111 —

410 4202 477 4251 (a)
507 4197 633 4247 Sed,
666 4200 805 4249 puto,
836 4192 1106 4238 discrimen
1134 4198 1211 4237 est
1239 4194 1373 4236 inter
1404 4200 1619 4248 paratos.
1654 4192 1870 4243 Quidam
1898 4194 2035 4236 enim
2065 4194 2141 4236 ita.
2172 4192 2351 4236 habitu
2382 4193 2550 4247 parati
2579 4196 2717 4247 sunt,
2748 4198 2809 4237 ut

333 4270 514 4310 tamen
546 4264 673 4308 heic
701 4266 753 4305 et
779 4274 918 4305 nunc
946 4274 1046 4304 non
1075 4264 1242 4305 essent
1270 4261 1458 4304 facturi
1486 4261 1696 4315 malum,
1727 4261 1862 4315 quod
1890 4273 1954 4304 ne
1983 4260 2211 4316 cogitant
2239 4261 2471 4315 quidem:
2500 4262 2711 4315 quidem
2738 4261 2815 4305 ita

327 4334 498 4387 parati
530 4333 685 4377 sunt,
716 4334 774 4372 ut
815 4328 918 4371 iam
959 4329 1065 4371 sint
1093 4328 1305 4371 facturi:
1335 4340 1413 4371 ex.
1443 4341 1518 4382 gr.
1549 4327 1728 4381 hospes
1757 4327 2033 4371 adveniens
2063 4328 2143 4370 die
2186 4328 2401 4380 veneris,
2432 4341 2600 4382 quem,
2628 4329 2671 4371 si
2708 4341 2810 4371 non

328 4399 554 4442 admitto
583 4396 657 4440 ad
690 4407 914 4438 mensam
956 4406 1120 4437 meam
1148 4393 1384 4437 carnibus
1426 4394 1734 4437 instructam
1772 4397 1915 4448 (quae
1944 4394 2071 4437 mihi
2102 4393 2291 4446 licent),
2320 4395 2592 4448 protestari
2630 4393 2812 4445 audi03

329 4480 382 4511 ιο
409 4467 622 4510 iturum
653 4462 759 4507 alio
786 4462 850 4505 ad
892 4473 1069 4506 carnes
1096 4461 1442 4514 comedendas,
1480 4459 1574 4504 etsi
1606 4462 1652 4504 ei
1689 4472 1792 4503 non
1821 4461 2025 4504 liceant.
2056 4460 2214 4513 Tunc,
2252 4464 2365 4514 poet
2392 4460 2630 4504 inutilem
2656 4459 2817 4502 moni-

330 4535 526 4576 tionem
558 4532 604 4575 si
636 4529 804 4573 eidem
834 4529 968 4572 dico:
992 4529 1036 4571 si
1065 4528 1142 4571 vis
1170 4541 1346 4571 carnes
1374 4528 1645 4581 comedere,
1677 4528 1873 4582 prande
1903 4540 2119 4579 mecum,
2149 4528 2349 4570 nullam
2378 4528 2423 4570 ei
2453 4528 2663 4582 praebeo
2682 4538 2819 4567 occa·

332 4601 531 4644 :ionem
563 4597 786 4654 peccati.
816 4594 874 4640 Ε.
