3497 5147
641 304 751 356 892
1092 309 1301 351 maor.
1336 310 1436 352 vu.
1470 309 1633 351 61661.
1666 310 1747 350 1v.
1778 310 1861 349 1)ss
1891 310 2678 353 MBRORUMPROHIBITIONE
2934 300 3107 374 [1219

648 434 795 478 casu
842 411 954 487 est,
997 408 1144 490 quia
1189 408 1285 471 lex
1334 408 1678 489 prohibens,
1714 405 1994 489 loquitur
2038 408 2110 472 de
2159 408 2336 486 libro,
2379 410 2605 473 librum
2638 409 2938 474 damnans
2986 429 3107 475 non

646 517 844 581 solam
895 513 1136 597 partem
1183 512 1346 574 libri.

735 619 800 684 Si
851 620 1061 682 autem
1094 615 1178 688 id,
1214 614 1462 698 propter
1500 614 1665 697 quod
1696 614 1851 678 liber
1887 617 1983 680 est
2030 615 2399 699 prohibitus,
2434 618 2828 682 contineatur
2859 618 3112 700 quibus·

649 722 792 787 dam
828 718 1355 804 propositionibus
1404 718 1520 782 hac
1567 718 1711 781 illac
1757 718 1989 801 sparsis
2021 721 2208 800 atque
2255 718 2371 783 hae
2416 718 2826 785 detrahantur
2864 721 2976 785 aut
3014 720 3112 785 de-

648 826 898 889 leantur
943 822 1042 886 vel
1075 820 1395 885 abrasione
1428 821 1525 884 vel
1563 820 1935 897 inductione,
1971 823 2045 885 ut
2091 821 2360 905 amplius
2392 822 2517 906 legi
2548 825 2875 905 nequeant,
2910 825 3113 889 cessat

651 926 988 1011 prohibitio
1035 924 1199 1001 libri,
1241 924 1576 989 dummodo
1624 924 1780 987 liber
1827 925 2206 1008 proscriptus
2240 945 2361 990 non
2408 925 2598 990 fuerit
2634 926 2699 989 in
2747 926 2959 991 odium
3007 946 3113 991 au·

650 1029 840 1094 ctoris
881 1028 978 1093 vel
1010 1027 1095 1091 sit
1126 1047 1195 1091 ex
1228 1027 1323 1103 iis,
1359 1027 1466 1108 qui
1516 1026 1791 1090 tractant
1823 1027 1894 1090 de
1940 1027 2236 1111 religione
2270 1048 2340 1092 ex
2369 1029 2664 1113 professO,
2700 1050 2822 1112 qua
2855 1032 3019 1095 certe
3052 1030 3114 1093 in

656 1132 988 1217 hypothesi
1021 1131 1268 1195 difficile
1307 1130 1425 1194 erit
1471 1130 1566 1194 uti
1603 1130 1833 1213 lituris,
1874 1150 1922 1195 s.
1955 1130 2139 1214 Alph.
2180 1131 2319 1196 libr.
2359 1132 2414 1195 7.
2449 1153 2509 1196 n.
2546 1133 2696 1196 283.
2746 1133 3116 1197 d'Annibale

652 1236 694 1298 l.
730 1256 781 1299 6.
817 1255 876 1297 11.
913 1233 1019 1296 36.

745 1336 902 1417 Quid
953 1336 1007 1400 si
1054 1353 1207 1418 opus
1257 1334 1658 1418 prohibeatur
1704 1335 1983 1419 pluribus
2032 1337 2452 1403 voluminibus
2506 1340 2796 1403 constans
2844 1339 2907 1403 et
2952 1338 3116 1421 quod

655 1460 912 1506 causam
944 1439 1347 1524 prohibitioni
1378 1439 1817 1522 suppeditavit,
1846 1440 1909 1503 in
1936 1460 2056 1505 uno
2083 1442 2182 1506 vel
2207 1441 2402 1506 altero
2432 1442 2681 1506 tantum
2705 1442 3118 1519 contineatur,

656 1545 873 1609 ceteris
937 1543 1372 1608 exsistentibus
1429 1542 1708 1606 innocuis
1731 1546 1760 1606 P
1814 1543 2229 1627 Supponimus
2284 1546 2451 1608 certo
2519 1547 2801 1610 constare
2865 1565 3120 1610 causam

657 1647 1112 1732 prohibitionis.
1150 1647 1510 1731 Responsio,
1552 1667 1740 1728 quam
1774 1647 1883 1711 dat
1915 1648 2090 1733 Lugo
2123 1648 2196 1712 de
2227 1648 2389 1712 Fide
2414 1649 2569 1734 disp.
2598 1651 2702 1713 21.
2738 1669 2795 1713 n.
2827 1650 2930 1713 57.
2958 1648 3116 1713 satis

658 1772 855 1834 aequa
902 1750 1169 1815 videtur.
1204 1751 1267 1815 Si
1316 1769 1530 1833 nempe
1580 1750 1778 1833 operis
1821 1754 2259 1835 argumentum
2306 1751 2672 1817 divisionem
2718 1752 2995 1834 recipiat,
3047 1752 3123 1815 ut

661 1857 762 1920 tot
793 1854 1025 1919 censeri
1056 1852 1511 1936 quodammodo
1540 1873 1723 1937 opera
1756 1854 2013 1937 possint,
2048 1857 2202 1936 quot
2228 1855 2566 1934 volumina,
2601 1853 3124 1937 quemadmodum

659 1958 723 2019 in
764 1956 1026 2020 historia
1057 1957 1412 2040 contingere
1447 1958 1671 2039 potest,
1706 1956 2042 2039 prohibitio
2076 1976 2198 2021 non
2231 1957 2427 2022 afficit
2457 1959 2662 2022 tomos
2694 1957 3002 2021 immunes
3043 1957 3124 2020 ab

661 2078 891 2124 errore:
926 2059 978 2123 si
1012 2060 1223 2124 autem
1258 2059 1697 2143 argumentum
1729 2058 2093 2124 divisionem
2125 2079 2245 2124 non
2270 2060 2509 2143 recipit,
2545 2060 2880 2144 prohibitio
2913 2079 3126 2125 omnes

662 2165 866 2228 tomos
901 2163 1094 2227 afficit
1126 2182 1246 2228 non
1286 2181 1459 2226 secus
1500 2181 1570 2226 ac
1604 2181 1815 2227 omnes
1855 2162 2139 2247 plagulas
2189 2163 2370 2228 unius
2402 2163 2565 2227 libri.

757 2265 945 2339 1219.
980 2269 1115 2332 16111
1151 2286 1290 2332 vero
1342 2266 1505 2350 quod
1554 2267 1916 2351 prohibetur
1955 2269 2050 2331 est
2093 2267 2291 2345 Ζεοίίο,
2330 2269 2612 2345 retentae,
2651 2268 2992 2348 impressio,
3027 2266 3126 2331 de-

662 2372 862 2453 fen-sio
895 2370 1251 2436 huiusmodi
1286 2369 1621 2435 librorum:
1657 2372 1832 2454 patet
1866 2390 1935 2435 ex
1967 2390 2221 2435 censura
2253 2371 2352 2435 Pii
2375 2371 2483 2434 IX.
2512 2370 2746 2435 Idcirco
2772 2371 2888 2435 hoc
2924 2371 3123 2453 primo

666 2476 1026 2542 tenendum:
1069 2474 1368 2558 quidquid
1399 2475 1515 2539 sub
1548 2475 1795 2539 nomine
1826 2475 1969 2539 libri
2007 2476 2192 2552 venit,
2226 2475 2289 2538 id
2338 2476 2734 2560 prohibemur
2765 2476 2979 2560 legere,
3028 2492 3119 2536 re-

665 2583 879 2658 tinere,
922 2580 1291 2664 imprimere,
1327 2579 1663 2644 defendere.
1700 2577 1860 2643 Cum
1892 2597 2035 2642 vero
2083 2577 2260 2642 facile
2307 2579 2468 2644 inter
2516 2598 2728 2644 omnes
2775 2576 3120 2654 conveniat,

663 2685 798 2749 dari
846 2683 911 2747 in
959 2683 1054 2746 his
1103 2683 1479 2766 parvitatem
1526 2682 1846 2755 materiae,
1895 2681 2235 2764 quaeritur,
2284 2682 2432 2764 quid
2477 2682 2849 2765 requiratur,
2890 2682 2962 2746 ut
3007 2679 3126 2744 hae

676 2787 949 2852 actiones
997 2786 1121 2850 sint
1168 2786 1406 2850 letales,

762 2891 843 2953 Et
889 2890 1087 2973 primo
1136 2890 1299 2972 quod
1357 2891 1595 2973 spectat
1652 2889 1727 2952 ad
1777 2887 2115 2964 lectionem,
2164 2890 2410 2971 oportet
2466 2890 2755 2973 primum,
2806 2908 2944 2953 eam
2998 2907 3129 2952 esse

672 3015 881 3060 veram
912 2994 1258 3059 lectionem.
1302 3018 1335 3050 ‹<
1368 2993 1595 3077 Legore
1632 2995 1862 3070 autem,
1898 2993 1989 3056 ait
2019 2991 2197 3056 Card.
2235 2992 2600 3057 d'Annibale
2637 2993 2678 3057 1.
2706 3013 2757 3056 6.
2785 3013 2843 3056 11.
2872 2993 3000 3069 36.,
3036 2993 3130 3055 661

669 3097 863 3163 6611116
914 3097 1249 3179 perspicere
1297 3098 1359 3158 61
1409 3095 1752 3178 intelligere
1797 3114 1955 3176 quae
2002 3098 2149 3159 sunt
2185 3095 2414 3178 scripta
2447 3122 2507 3157 ».
2545 3096 2850 3178 Ulpianus
2882 3093 3128 3176 quidem

666 3201 708 3264 l.
750 3202 806 3263 1.
843 3201 902 3263 ff.
942 3198 1016 3261 dc
1050 3197 1200 3274 His,
1235 3217 1391 3278 quac
1432 3198 1498 3260 in
1538 3200 1896 3261 testamento
1933 3197 2218 3261 delentur
2250 3199 2364 3262 616.
2400 3199 2516 3262 611;
2566 3224 2599 3256 «
2633 3197 2759 3280 Zeyi
2793 3202 3005 3262 autem
3040 3197 3128 3260 sic

670 3302 1130 3385 accipiendum:
1180 3320 1302 3365 non
1366 3300 1652 3384 intelligi,
1703 3301 1806 3365 sed
1857 3301 2051 3366 oculis
2099 3302 2355 3384 perspici
2405 3321 2562 3384 quae
2610 3302 2757 3366 sunt
2803 3301 3034 3384 scripta
3062 3323 3124 3375 1»,

670 3406 778 3470 ubi
828 3405 1054 3469 Glossa
1110 3403 1401 3486 explicat:
1451 3425 1577 3466 non
1640 3403 1914 3485 intelliyi
1972 3409 2230 3480 tanetum,
2280 3403 2444 3486 quod
2505 3404 2833 3488 contingit,
2882 3403 2953 3466 ut
2999 3402 3132 3484 ipse

676 3509 983 3591 Ulpianus
1031 3527 1173 3571 mox
1206 3506 1515 3590 significat
1552 3507 1605 3572 si
1643 3507 1790 3588 quid
1829 3507 2127 3590 scriptum
2161 3507 2262 3581 sit,
2299 3507 2693 3591 intelligatur
2724 3507 3130 3583 extrinsecus,

673 3631 892 3695 nempe
939 3611 1003 3675 vi
1050 3610 1371 3675 cuiusdam
1418 3611 1688 3694 analysis
1725 3611 2050 3675 contextus
2083 3612 2148 3675 et
2177 3610 2505 3675 ratiocinii.
2539 3610 2774 3675 idcirco
2813 3611 2887 3673 ut
2917 3626 3132 3672 verum

672 3716 775 3791 sit,
824 3713 1076 3794 aliq-uid
1111 3712 1254 3795 leyi,
1292 3713 1710 3797 intelligentia
1759 3713 1972 3796 scripti
2021 3732 2141 3778 non
2189 3713 2555 3792 excluditur,
2602 3713 2726 3777 imo
2773 3710 3131 3794 requiritur.

681 3816 1105 3899 Intelligentia
1155 3819 1383 3894 61116111,
1436 3817 1508 3880 de
1555 3835 1678 3897 qua
1724 3816 1813 3879 ibi
1858 3818 1953 3880 661
2000 3835 2221 3894 6611116,
2262 3808 2385 3881 n‘on
2422 3819 2516 3881 est
2565 3817 2813 3880 tantum
2858 3813 3133 3899 cognitio

678 3919 1023 4003 signorum,
1059 3939 1215 4002 quae
1262 3920 1389 3984 iam
1436 3919 1826 4002 supponitur,
1868 3939 2009 3983 cum
2058 3919 2285 3984 dicitur
2330 3919 2526 3984 oculis
2558 3918 2857 3999 perspici,
2889 3916 2994 3981 sed
3039 3934 3136 3980 co·

676 4023 875 4108 gnitio
933 4023 1162 4088 valoris
1211 4042 1318 4087 seu
1365 4021 1835 4107 significationis
1884 4022 2349 4101 vocabulorum,
2400 4042 2587 4104 quam
2634 4021 2822 4085 habet
2867 4019 2974 4102 qui
3021 4018 3135 4082 lin·

675 4147 865 4212 guam
893 4128 1096 4206 callet,
1118 4147 1242 4209 qua
1266 4126 1530 4208 scriptus
1556 4129 1649 4190 est
1672 4126 1847 4189 liber.
1875 4125 2171 4205 Quamvis
2198 4126 2362 4191 6111111
2387 4126 2577 4191 6116111
2601 4125 2726 4203 1116,
2753 4124 2860 4206 qui
2885 4124 3134 4187 tantum

677 4232 856 4314 signa
888 4233 1058 4295 tenet
1096 4249 1184 4293 ex.
1220 4250 1312 4313 gr.
1347 4228 1597 4313 linguae
1636 4228 1975 4306 hebraicae,
2012 4230 2355 4296 cuiusmodi
2405 4230 2502 4294 est
2537 4227 2875 4312 discipulus
2907 4244 3132 4299 recens,

678 4334 922 4399 dicatur
967 4333 1189 4416 legere,
1225 4351 1363 4396 cum
1410 4332 1586 4395 novit
1635 4331 1936 4395 vocabula
1985 4351 2016 4396 6
2064 4333 2258 4418 signis
2297 4332 2650 4416 exprimere,
2701 4330 2818 4394 etsi
2864 4327 3135 4393 nondum

679 4456 893 4501 eorum
942 4435 1071 4500 vim
1119 4434 1307 4497 sciat:
1357 4434 1508 4498 haec
1555 4437 1764 4497 tamen
1802 4453 1922 4499 non
1972 4437 2067 4501 est
2113 4436 2294 4501 lectio
2339 4433 2627 4517 formcdis
2672 4433 2815 4497 libri
2861 4430 2965 4497 sed
3013 4451 3139 4493 ma·

679 4539 922 4603 terialis
972 4538 1195 4613 solum,
1248 4537 1769 4617 quemadmodum
1817 4539 2247 4621 pronuntiatio
2297 4557 2518 4604 vocum
2565 4556 2723 4619 quae
2762 4537 2945 4600 flata
2990 4533 3143 4617 psit·
