3497 5147
339 328 483 404 [718]
1098 342 1301 385 ornum
1339 344 1448 383 mn
1484 343 1671 384 rns‘ro
1708 343 2039 384 Pnomm‘rA
2695 328 2801 384 543

566 545 681 609 An
704 551 965 626 peccata
1001 545 1101 609 die
1123 544 1278 625 festo
1302 549 1571 626 pabrata
1606 545 1740 610 sint
1772 550 1993 610 contra
2022 544 2132 609 hoc
2156 550 2574 626 praeceptum.

433 738 587 811 718.
616 743 1014 810 Probabilior
1040 743 1346 807 sententia
1371 744 1435 806 et
1458 742 1642 827 longe
1666 744 2071 819 communior,
2098 745 2172 806 ut
2196 743 2286 807 ait
2310 763 2357 808 s.
2393 745 2578 826 Alph.
2612 745 2718 809 lib.
2747 745 2807 809 3.

346 866 406 910 n.
442 846 613 922 273„
654 847 863 930 negat,
913 865 1162 928 peccare
1208 848 1423 910 contra
1470 845 1587 909 1100
1624 848 2040 928 praeceptum,
2077 846 2185 926 qui
2230 845 2326 909 die
2371 846 2529 910 festo
2577 848 2808 929 peccat.

348 948 714 1012 Doctrinam
739 948 951 1012 autem
982 966 1030 1011 s.
1067 947 1343 1012 Thomae
1378 948 1437 1010 2.
1475 948 1534 1009 2.
1570 967 1629 1028 q.
1668 947 1814 1011 122.
1852 967 1906 1010 a.
1942 949 2003 1011 4.
2040 947 2116 1011 ad
2149 949 2247 1012 3.:
2289 972 2325 1006 ‹
2356 947 2562 1032 Magis
2595 950 2811 1013 contra

348 1053 466 1117 1100
497 1052 894 1134 praeceptum
942 1051 1079 1136 agit
1123 1052 1230 1133 qui
1260 1053 1474 1134 peccat
1521 1050 1583 1113 in
1630 1050 1728 1114 die
1766 1051 1945 1126 festo,
1996 1070 2186 1132 quam
2230 1052 2341 1133 qui
2387 1052 2558 1116 aliud
2604 1071 2813 1136 corpo-

349 1155 476 1218 rale
526 1172 681 1237 opus
742 1154 893 1218 facit
939 1178 974 1212 »
1028 1154 1476 1236 interpretatur
1521 1153 1596 1217 de
1658 1152 1778 1217 fine
1835 1152 2165 1237 praecepti,
2214 1172 2337 1219 non
2383 1153 2459 1218 de
2504 1155 2813 1237 praecepti

350 1255 751 1339 obligatione.

440 1359 863 1423 Nihilominus
887 1359 1004 1422 hoc
1028 1360 1210 1440 pacto
1235 1356 1394 1422 forte
1420 1376 1541 1422 non
1557 1357 1799 1442 integre
1816 1358 2139 1423 exhibetur
2153 1358 2461 1423 sententia
2484 1360 2620 1423 DD.
2646 1358 2810 1423 Nam

349 1466 424 1528 ut
455 1462 645 1527 habet
673 1461 853 1545 Lugo
877 1460 952 1523 de
982 1459 1234 1524 Poenit.
1267 1459 1423 1543 disp.
1455 1459 1558 1524 16.
1584 1480 1644 1524 0.
1673 1461 1845 1539 515.,
1880 1460 2165 1542 quaestio
2195 1460 2404 1536 fiebat,
2441 1480 2517 1524 an
2557 1461 2812 1525 circum-

349 1565 585 1630 stantia
630 1563 929 1646 temporis
976 1562 1135 1627 sacri
1181 1563 1343 1627 esset
1387 1562 1728 1626 necessario
1778 1563 2136 1646 explicanda
2179 1563 2246 1627 in
2291 1562 2688 1628 confessione.
2730 1563 2813 1629 Et

348 1666 676 1751 respondet
720 1665 900 1751 Lugo
946 1665 1097 1729 ibid.
1149 1686 1209 1728 n.
1261 1665 1432 1741 516.,
1481 1665 1874 1729 communius
1919 1665 2044 1729 fere
2092 1685 2300 1730 omnes
2338 1666 2401 1730 id
2433 1685 2678 1751 negare.
2724 1667 2811 1731 At

345 1772 514 1837 enim
546 1769 653 1834 isti
683 1768 772 1833 sic
808 1786 932 1833 non
979 1769 1229 1852 negant,
1270 1767 1509 1850 peccari
1553 1768 1743 1832 etiam
1782 1769 1998 1832 contra
2043 1768 2453 1833 reverentiam
2485 1769 2605 1833 diei
2651 1769 2810 1834 festo

349 1872 642 1948 debitam,
676 1869 783 1935 sed
814 1870 1023 1934 solum
1054 1871 1285 1954 negant
1318 1873 1451 1934 tam
1481 1888 1670 1954 grave
1702 1889 1833 1935 esse
1873 1872 2213 1954 peccatum,
2246 1875 2322 1936 ut
2352 1873 2691 1937 necessario
2740 1891 2811 1937 ea

353 1973 822 2039 circumstantia
854 1973 937 2037 sit
969 1972 1379 2056 exprimenda.

443 2078 661 2158 Itaque
710 2078 801 2141 ait
849 2076 1027 2160 Lugo
1058 2075 1206 2140 ibid.
1256 2095 1315 2138 n.
1353 2075 1533 2139 519.:
1575 2098 1610 2132 α
1640 2073 1936 2154 Adverto‚
1985 2077 2200 2160 negari
2231 2095 2351 2141 non
2400 2095 2597 2160 posse,
2646 2077 2811 2158 quod

349 2179 823 2246 circumstantia
858 2179 990 2254 illa,
1039 2197 1146 2261 per
1190 2197 1255 2242 se
1285 2176 1592 2259 loquendo
1626 2179 1689 2241 et
1725 2179 1963 2243 seclusa
2009 2179 2364 2262 ignorantia
2403 2180 2499 2244 vel
2535 2179 2813 2244 inadver-

350 2284 571 2361 tentia,
597 2283 901 2367 aggravet
926 2282 1388 2364 aliquantulum
1406 2300 1477 2344 00
1501 2300 1608 2365 per
1631 2299 2007 2364 consequens
2024 2282 2128 2347 det
2151 2283 2459 2346 malitiam
2485 2283 2812 2365 specialem

351 2386 665 2470 sacrilegii
695 2386 920 2450 saltem
950 2385 1151 2449 levem
1189 2409 1251 2449 ».
1289 2384 1373 2448 Et
1402 2404 1461 2448 0.
1500 2385 1648 2449 520.
1684 2383 1928 2450 subdit:
1970 2410 2005 2442 «
2036 2385 2210 2449 Licet
2242 2386 2597 2468 aliqualiter
2629 2405 2813 2469 oppo-

346 2491 539 2554 natur
570 2487 947 2552 reverentiae
987 2486 1229 2550 debitae
1261 2486 1375 2550 tali
1413 2486 1553 2562 diei,
1603 2505 1725 2551 non
1763 2488 1972 2552 tamen
2005 2488 2251 2552 videtur
2296 2489 2609 2553 continere
2639 2490 2813 2554 nota·

346 2594 540 2658 bilem
562 2590 1046 2669 irreverentiam,
1084 2590 1203 2653 nisi
1233 2590 1395 2654 forte
1427 2590 1603 2654 fieret
1634 2591 1698 2654 in
1731 2593 2159 2674 contemptum
2183 2591 2304 2655 diei
2336 2610 2566 2669 sacrae,
2607 2595 2720 2657 aut
2743 2612 2814 2657 ex

345 2694 660 2760 industria
691 2695 765 2757 ut
796 2691 1159 2777 profanetur
1196 2691 1324 2756 dies
1361 2710 1564 2767 saera3
1613 2694 1764 2756 tunc
1811 2694 1974 2757 enim
2020 2713 2142 2758 non
2181 2696 2276 2758 est
2320 2694 2597 2772 dubium,
2646 2694 2810 2777 quod

345 2801 515 2866 esset
549 2797 892 2863 necessario
925 2796 1353 2879 explicandum
1383 2820 1445 2859 ».

440 2903 610 2983 Quae
645 2901 923 2966 doctrina
955 2899 1249 2964 innititur
1294 2898 1723 2963 communibus
1772 2899 2107 2983 principiiS,
2156 2919 2278 2964 non
2309 2903 2650 2967 necessario
2683 2921 2813 2967 esse

349 3003 713 3090 explicanda
745 3004 1016 3086 peccata,
1052 3002 1172 3066 nisi
1202 3001 1329 3065 sint
1364 3002 1606 3083 yram’a.

441 3108 688 3173 Pariter
734 3104 958 3169 Suarez
1008 3103 1082 3167 de
1128 3102 1341 3185 Reliy.
1387 3104 1495 3168 lib.
1548 3105 1607 3167 2.
1643 3123 1776 3187 cap.
1817 3105 1917 3167 18.
1970 3126 2028 3169 n.
2066 3106 2198 3169 12.;
2240 3131 2275 3163 «
2309 3106 2379 3170 In
2412 3107 2603 3189 priori
2633 3125 2817 3187 quae-

345 3214 555 3281 stione
606 3208 852 3275 001ᾶοοε
899 3210 993 3272 est
1039 3207 1194 3272 mihi
1242 3225 1385 3290 pars
1432 3227 1683 3292 neganS,
1734 3227 1814 3271 an
1862 3208 1991 3272 scil.
2032 3228 2280 3291 peccare
2310 3210 2375 3273 in
2407 3209 2504 3273 die
2541 3209 2699 3274 festo
2731 3209 2816 3274 sit

346 3314 618 3400 speciale
655 3312 977 3395 peccatum
1001 3310 1226 3373 directe
1260 3329 1329 3372 ac-
1359 3309 1705 3373 formaliter
1752 3331 2036 3394 pugnans
2069 3330 2211 3375 cum
2257 3313 2581 3394 praecepto
2615 3312 2687 3376 de
2719 3311 2816 3375 die

346 3421 514 3483 festo
542 3414 839 3479 servando
866 3439 926 3476 ».
965 3413 1051 3476 At
1089 3432 1147 3475 n.
1187 3411 1289 3474 14.
1322 3412 1460 3474 15.:
1504 3436 1537 3467 «
1578 3410 1742 3475 Satis
1776 3412 2091 3494 probabile
2124 3430 2357 3484 censeo,
2392 3414 2712 3493 peccatum
2745 3433 2816 3477 ex

346 3523 490 3595 hoc,
540 3517 705 3600 quod
752 3517 815 3581 in
862 3516 1019 3579 festo
1068 3513 1199 3589 fiat,
1246 3511 1557 3575 malitiam
1604 3513 1880 3593 aliquam
1927 3533 2037 3577 seu
2083 3512 2361 3576 malitiae
2411 3514 2817 3595 augmentum

347 3622 728 3705 suscipere...
764 3644 824 3681 ».
859 3616 941 3681 Et
986 3637 1046 3680 n.
1088 3616 1188 3679 16.
1245 3640 1278 3673 «
1313 3610 1594 3689 Constat,
1635 3613 1792 3676 hanc
1825 3613 2359 3678 circumstantiam
2397 3632 2519 3677 non
2566 3631 2696 3676 esse
2744 3613 2816 3676 de

344 3722 721 3789 necessitate
742 3718 1059 3783 fatendam
1085 3742 1145 3781 ».
1174 3716 1345 3780 Idem
1372 3716 1583 3779 autem
1616 3713 1792 3778 Suar.
1821 3718 1898 3778 tr.
1936 3715 1996 3779 3.
2031 3712 2136 3777 lib.
2179 3716 2239 3777 3.
2275 3714 2380 3796 qui
2414 3719 2508 3779 est
2539 3714 2613 3779 de
2640 3714 2813 3779 Sacr.

340 3846 483 3909 cap.
518 3826 580 3888 4.
616 3844 676 3886 0.
722 3823 778 3885 1.
822 3822 904 3898 3.,
940 3820 1266 3896 consentit,
1301 3819 1460 3883 hanc
1496 3817 1809 3883 malitiam
1857 3818 1933 3882 ad
1965 3817 2359 3903 sacrilegium
2407 3818 2614 3885 reduci
2646 3819 2818 3902 (licet

342 3929 661 3994 incertum
686 3924 1017 4005 relinquat,
1048 3942 1125 3987 an
1150 3922 1357 3987 reduci
1382 3922 1601 3987 debeat
1626 3921 1703 3986 ad
1734 3922 1950 4001 locale,
1993 3942 2070 3986 an
2097 3922 2169 3987 ad
2205 3923 2368 3989 reale
2401 3925 2816 4009 sacrilegium,

337 4052 496 4097 cum
527 4028 919 4114 probabilem
952 4026 1118 4091 dicat
1155 4029 1490 4108 utrumque
1522 4023 1761 4090 dicendi
1790 4025 2094 4110 modum).

336 4162 341 4165 ·
444 4132 737 4216 Spectato
777 4148 922 4214 ergo
957 4131 1284 4213 praecepto
1319 4128 1667 4193 abstinendi
1700 4129 1777 4193 ab
1818 4129 2105 4213 operibus
2144 4131 2489 4208 servilibus,
2525 4131 2816 4207 dicemus,

339 4238 681 4321 peccatum
722 4232 947 4316 opponi
980 4230 1124 4294 huic
1156 4234 1498 4314 praecepto,
1548 4234 1602 4296 si
1638 4233 1846 4316 ipsum
1893 4253 2000 4317 per
2039 4253 2192 4317 opus
2218 4233 2436 4298 servile
2469 4232 2819 4297 exerceatur

338 4360 410 4401 v.
448 4359 508 4421 g.
546 4334 884 4401 effodiendo
919 4334 1174 4398 domum
1206 4336 1267 4396 et
1300 4334 1673 4417 asportando
1706 4354 1803 4401 res
1835 4334 2004 4401 furto
2036 4336 2279 4401 ablatas
2313 4338 2452 4410 etc„
2487 4355 2679 4412 00000,
2714 4354 2821 4398 ne·

340 4458 693 4522 quaquam,
735 4438 808 4502 ut
838 4457 896 4501 v.
925 4456 1021 4521 gr.
1059 4434 1316 4518 legendo
1355 4437 1563 4517 turpia
1597 4437 1693 4500 vel
1726 4438 1936 4521 turpia
1967 4437 2372 4520 colloquendo
2403 4443 2518 4502 etc.
