3497 5147
634 324 741 380 732
813 338 1026 380 TRAOT.
1055 339 1134 378 v1.
1162 337 1322 380 sacr.
1352 340 1430 380 vr.
1460 339 1544 379 nn
1572 338 1766 380 sax-1³0
1786 340 1863 378 m·
1888 337 2051 378 Nono
2076 337 2292 380 paam.
2320 338 2647 380 Dmcanooi.
2678 339 2821 380 nun.
2850 341 2888 380 1.
2953 325 3100 400 [995]

638 439 821 519 turpe
852 435 1182 518 profertur,
1218 436 1496 518 peccabis
1542 436 1770 501 saltem
1816 437 2139 518 peccatum
2183 434 2478 511 scandali,
2511 435 2632 500 nisi
2664 437 2775 501 alii
2806 436 3009 503 sciant
3039 440 3103 504 te

637 539 835 602 artem
882 538 1105 613 solam,
1155 556 1277 603 non
1322 539 1634 603 malitiam
1681 538 1974 621 probare:
2022 536 2130 602 sed
2173 556 2298 603 non
2342 536 2417 603 de
2463 537 2580 602 hac
2608 539 2862 621 speciali
2908 559 2973 604 re
3003 543 3103 605 est

635 639 952 723 quaestio:
1003 641 1327 722 quaeritur
1372 641 1608 705 scilicet
1644 659 1723 704 an
1756 641 1803 704 ii
1834 642 2083 723 peccent
2128 641 2378 723 peccato
2425 640 2878 723 cooperationis
2910 644 2974 707 et
3004 645 3100 708 est

635 741 887 824 proinde
935 743 1219 824 quaestio
1265 761 1387 808 non
1426 743 1547 808 huc
1592 744 1838 826 proprie
1885 744 2187 826 spectans.
2227 741 2289 807 S.
2322 743 2507 826 Alph.
2540 763 2601 808 n.
2635 744 2786 808 427.
2826 746 3097 811 testatur

629 863 693 908 se
721 844 894 927 prius
924 845 990 909 in
1022 848 1353 929 negantem
1378 847 1752 911 sententiam
1784 845 2184 920 concessisse:
2220 845 2404 910 modo
2438 864 2583 911 vero
2606 846 2832 912 melius
2854 865 3096 913 censere

627 967 691 1012 se
726 948 927 1011 affirm
939 948 1189 1022 andum,
1216 949 1381 1030 quod
1415 949 1690 1034 graviter
1721 949 1839 1012 hoc
1869 951 2050 1031 pacto
2083 948 2387 1030 peccetur.
2420 947 2572 1012 Eius
2600 947 2765 1013 ratio
2796 949 2948 1013 haec
2977 952 3092 1015 est.

626 1049 925 1130 Quamvis
975 1051 1040 1114 hi
1079 1052 1489 1116 materialiter
1522 1053 1774 1116 tantum
1804 1053 2241 1133 cooperentur:
2281 1051 2430 1132 quia
2461 1069 2584 1116 non
2617 1050 2696 1114 ad
2726 1051 2960 1116 malam
2991 1071 3096 1118 vo-

628 1153 938 1216 luntatem
971 1152 1231 1217 alterius
1277 1155 1671 1226 concurrunt,
1709 1153 1816 1218 sed
1862 1153 2066 1217 solum
2100 1152 2178 1217 ad
2210 1152 2444 1217 malam
2476 1152 2804 1230 actionem,
2839 1153 2968 1218 sine
3004 1154 3094 1218 in·

626 1255 902 1318 tentione
951 1255 1317 1338 cooperandi
1368 1255 1445 1319 ad
1484 1257 1827 1338 peccatum,
1861 1256 2011 1319 sunt
2054 1257 2265 1319 tamen
2310 1255 2576 1338 positive
2622 1257 3088 1338 cooperatores:

628 1356 804 1438 atqui
853 1357 1003 1421 haec
1049 1358 1402 1440 cooperatio
1448 1377 1572 1423 non
1617 1359 1713 1422 est
1758 1358 1954 1431 licita,
2002 1357 2124 1421 nisi
2168 1356 2282 1421 fiat
2328 1376 2402 1421 ex
2446 1356 2627 1442 gravi
2671 1376 2861 1421 causa
2892 1376 3092 1423 neces-

626 1459 835 1523 sitatis
884 1460 980 1523 vel
1028 1460 1347 1537 utilitatiS,
1382 1479 1540 1541 quae
1573 1479 1761 1525 causa
1807 1460 1941 1524 heic
1986 1479 2109 1524 non
2157 1458 2334 1523 adest
2376 1459 2476 1523 vel
2523 1477 2645 1523 non
2692 1458 2904 1524 adesse
2950 1479 3092 1544 sup-

627 1563 913 1645 ponitur:
948 1582 1115 1648 ergo.
1150 1563 1505 1628 Difficultas
1534 1563 1695 1629 forte
1726 1563 1848 1628 erit
1877 1563 1940 1627 in
1973 1563 2174 1646 prima
2212 1562 2652 1645 propositione,
2678 1581 2868 1644 quam
2906 1582 3090 1648 nega-

623 1664 798 1741 bunt,
826 1667 934 1747 qui
965 1665 1149 1730 aliter
1182 1666 1484 1742 sentiunt,
1520 1665 1879 1731 huiusmodi
1901 1683 2118 1748 nempe
2144 1663 2424 1729 homines
2447 1664 2714 1747 positive
2738 1666 3085 1747 cooperari:

623 1787 768 1833 nam
816 1770 1190 1853 supponitur
1235 1770 1401 1852 quod
1447 1771 1635 1835 etiam
1686 1769 1816 1833 sine
1861 1768 1988 1832 illis
2042 1766 2394 1833 comoediae
2455 1769 3084 1850 repraesentarentur.

622 1869 856 1934 Veriun
920 1872 980 1936 id
1048 1892 1171 1938 non
1227 1873 1382 1940 satis
1438 1875 1552 1950 est,
1610 1873 1684 1935 ut
1737 1871 2075 1955 positivam
2136 1869 2524 1934 materialem
2585 1870 3085 1952 cooperationem

623 1991 842 2056 neges:
878 1992 1117 2056 semper
1162 1975 1326 2038 enim
1363 1994 1579 2039 verum
1612 1975 1724 2050 est,
1760 1992 1864 2037 eos
1912 1974 2058 2037 actu
2102 1991 2216 2037 suo
2248 1971 2518 2055 positivo
2549 1990 2910 2037 concurrere
2941 1992 3085 2039 cum

624 2075 763 2138 aliis
813 2076 890 2138 ad
937 2095 1075 2140 eam
1123 2078 1459 2143 actionem:
1494 2075 2020 2159 quemadmodum
2065 2076 2183 2139 etsi
2229 2075 2437 2140 decem
2472 2074 2788 2140 sufficiant
2834 2075 2912 2140 ad
2959 2077 3086 2141 tra-

620 2177 885 2241 hendam
931 2198 1172 2260 navem,
1221 2179 1274 2242 si
1322 2178 1682 2243 undecimus
1741 2178 1976 2244 accedit
2020 2197 2268 2260 unaque
2313 2196 2454 2243 cum
2500 2176 2627 2243 illis
2675 2177 2890 2254 trahit,
2939 2195 3083 2244 vere

620 2280 867 2358 dicitur,
901 2301 1022 2346 non
1070 2300 1246 2347 secus
1294 2300 1364 2346 ae
1412 2283 1540 2356 alii,
1588 2284 1829 2348 tractor
1872 2281 2069 2359 navis,
2105 2281 2195 2345 ait
2232 2279 2434 2345 Croix.
2469 2278 2531 2344 S.
2563 2279 2955 2362 Alphonsum
2992 2299 3084 2346 se-

615 2383 833 2465 quitur
858 2382 1032 2469 Gury
1057 2386 1208 2448 tom.
1238 2385 1295 2448 1.
1325 2385 1382 2467 g.
1412 2385 1561 2448 247.
1590 2386 1650 2447 3.
1677 2384 1740 2449 Si
1781 2385 1993 2448 autem
2021 2383 2233 2468 gravis
2265 2382 2570 2465 quaedam
2600 2400 2790 2447 causa
2814 2381 3076 2463 adesset,

617 2487 790 2567 puta,
825 2487 876 2550 si
910 2486 1024 2550 tibi
1055 2505 1357 2570 magnum
1387 2485 1684 2549 damnum
1714 2485 2095 2568 impenderet
2125 2484 2244 2549 nisi
2279 2484 2539 2567 pecunia
2569 2485 2683 2550 tua
2714 2485 2811 2549 his
2842 2486 3080 2568 specta-

613 2589 770 2653 culis
804 2608 1220 2653 succurreres:
1271 2590 1420 2652 tunc
1463 2588 1676 2651 licebit
1721 2587 1838 2651 tibi
1883 2588 2208 2671 pecuniam
2253 2607 2536 2673 erogare:
2585 2607 2744 2670 quae
2775 2588 2941 2655 actio
2978 2590 3076 2655 est

614 2692 981 2769 indifferenS,
1014 2693 1161 2756 lieet
1193 2691 1301 2754 alii
1331 2691 1458 2755 sint
1489 2710 1559 2755 ea
1592 2691 1868 2756 abusuri.
1903 2692 2059 2756 Vide
2090 2692 2256 2757 dicta
2286 2692 2360 2756 de
2390 2690 2859 2775 Coeperatione.

701 2792 1079 2876 Simpliciter
1109 2811 1252 2857 vero
1286 2794 1664 2877 spectatores
1710 2792 2015 2876 (praeciso
2062 2795 2334 2877 periculo
2380 2795 2582 2877 turpis
2613 2794 3072 2878 delectationis)

609 2898 740 2961 sine
772 2896 998 2977 quibus
1022 2896 1338 2962 comoedia
1368 2897 1719 2971 haberetur,
1754 2917 1803 2961 s,
1838 2898 2022 2980 Alph.
2058 2916 2181 2963 non
2211 2898 2470 2963 damnat
2500 2898 2573 2962 de
2602 2898 2886 2975 mortali:
2920 2899 3069 2980 quia

610 3018 719 3062 nec
751 2999 900 3063 sunt
928 3018 1117 3064 causa
1150 2999 1281 3064 eius
1312 3001 1915 3082 repraesentationis,
1943 3021 2085 3064 cum
2115 3001 2382 3083 positive
2403 3001 2468 3064 in
2493 3018 2631 3065 eam
2654 3019 2779 3065 non
2799 3000 3069 3067 influant

605 3121 716 3165 nec
748 3104 896 3166 sunt
928 3102 1201 3179 occasio:
1236 3103 1382 3185 quia
1414 3104 1606 3167 etiam
1638 3104 1768 3167 sine
1806 3103 1956 3186 ipsis
1989 3102 2307 3167 comoedia
2337 3104 2644 3187 ageretur.

694 3203 997 3283 Quocirca
1044 3206 1178 3269 iure
1226 3205 1452 3288 excipit
1498 3205 1660 3269 idem
1707 3225 1756 3269 s,
1791 3207 2028 3270 Doctor
2071 3225 2175 3271 eos
2223 3206 2621 3289 spectatores,
2662 3205 2792 3270 sine
2838 3206 3064 3287 quibus

602 3305 955 3371 comoediae
986 3326 1108 3372 non
1140 3309 1489 3393 agerentur.

711 3454 795 3506 ΧΙ.
824 3453 873 3503 9.
901 3453 1138 3514 Chorene,
1169 3450 1261 3504 nisi
1299 3452 1426 3504 malo
1454 3452 1548 3503 ssnc
1576 3453 1690 3503 [iant
1716 3458 1800 3503 aut
1826 3465 1933 3503 cum
1963 3450 2196 3517 periculO,
2223 3449 2413 3516 aliquos
2450 3457 2532 3502 aut
2573 3449 2785 3516 seipsum
2826 3449 3060 3503 incitandi

600 3538 662 3589 ad
701 3535 967 3598 libidinem,
994 3538 1072 3590 vel
1097 3550 1207 3589 cum
1247 3534 1338 3589 alia
1376 3534 1735 3588 circumstantia
1779 3537 1919 3599 mala,
1946 3538 2211 3589 secundum
2239 3550 2291 3588 se
2329 3549 2424 3588 non
2458 3542 2568 3587 sunt
2609 3536 2766 3588 malac
2803 3548 2891 3587 nec
2917 3541 3059 3588 actus

602 3620 832 3685 libidinis,
870 3624 955 3675 sed
993 3621 1225 3676 laetitiae.
1263 3623 1470 3689 Quando
1510 3635 1630 3675 vero
1668 3621 1825 3674 sancti
1873 3623 2042 3676 Patres
2076 3635 2162 3675 eas
2198 3620 2442 3675 interdum
2480 3622 2624 3674 valde
2674 3622 3055 3687 reprehendunt,

599 3708 864 3773 loquuntur
901 3710 963 3761 de
1004 3706 1231 3773 turpibus
1268 3713 1317 3761 et
1353 3722 1520 3760 earum
1558 3710 1730 3760 abusu.
1762 3709 1825 3761 V.
1850 3706 2005 3760 Caiet.
2036 3721 2084 3759 v.
2112 3705 2340 3761 chorea.
2364 3705 2492 3760 Filll.
2520 3721 2566 3759 n.
2591 3708 2712 3759 223.

689 3823 861 3897 995.
898 3828 1247 3893 Recolenda
1296 3829 1391 3893 est
1436 3827 1715 3893 doctrina
1765 3848 1813 3893 s,
1848 3828 2124 3893 Thomas
2170 3828 2482 3912 loquentis
2512 3828 2586 3893 de
2616 3829 2780 3893 ludis
2812 3829 3060 3894 chorea-

594 3928 778 4006 libus,
814 3930 876 3992 in
924 3950 974 3993 c.
1016 3930 1131 3993 ΙΙΙ.
1168 3931 1401 3995 Isaiae:
1457 3956 1493 3990 02<
1525 3931 1738 3996 Ludus
1787 3932 2121 3996 secundum
2167 3950 2232 3996 se
2280 3949 2399 3995 non
2438 3930 2534 3995 est
2579 3931 2821 4008 malus:
2871 3931 3056 3996 aliter

592 4032 657 4096 in
690 4032 853 4097 ludis
888 4052 1010 4098 non
1044 4034 1205 4097 esset
1238 4033 1459 4109 virtuS,
1495 4054 1653 4117 quae
1688 4034 1916 4099 dicitur
1947 4034 2354 4117 eutrapelia...
2382 4033 2487 4098 sed
2523 4033 2859 4099 secundum
2891 4033 3057 4116 quod

596 4134 920 4199 ordinatur
956 4134 1197 4199 diverso
1246 4136 1364 4198 fine
1410 4139 1473 4200 et
1520 4137 1787 4200 vestitur
1834 4137 2092 4201 diversis
2139 4137 2642 4213 circumstantiis,
2676 4139 2884 4220 potest
2920 4155 3051 4201 esse

593 4239 767 4301 actus
800 4237 1053 4302 virtutis
1087 4238 1183 4301 vel
1215 4238 1372 4301 vitii.
1408 4237 1567 4317 Quia
1599 4238 1762 4301 enim
1796 4239 2174 4320 impossibile
2207 4241 2302 4304 est
2332 4259 2571 4322 semper
2604 4259 2784 4324 agere
2815 4240 2879 4303 in
2917 4239 3051 4304 vita

589 4340 792 4403 activa
840 4342 902 4403 et
952 4340 1468 4421 contemplativa:
1527 4340 1661 4405 ideo
1719 4343 1964 4422 oportet
2007 4342 2318 4407 interdum
2365 4343 2596 4428 gaudia
2655 4342 2819 4407 curis
2864 4343 3052 4407 inter·

588 4461 831 4525 ponere,
866 4463 939 4506 ne
988 4442 1232 4506 animus
1279 4443 1469 4506 nimia
1508 4442 1836 4508 severitate
1883 4444 2209 4528 frangatur
2247 4448 2310 4511 et
2347 4446 2420 4510 ut
2464 4446 2650 4511 homo
2697 4445 3047 4528 promptius

586 4547 766 4609 vacet
798 4545 875 4608 ad
924 4563 1107 4625 opera
1154 4545 1479 4609 virtutum.
1515 4545 1594 4609 Et
1626 4547 1674 4610 si
1712 4547 1823 4610 tali
1858 4547 1976 4611 fine
2003 4548 2114 4612 fiat
2145 4549 2218 4613 de
2249 4550 2413 4614 ludis
2444 4568 2586 4612 cum
2619 4548 2759 4613 aliis
2790 4548 3048 4613 circum-
