3497 5147
332 293 515 370 [100ss]
861 307 943 350 An
982 308 1061 347 m·
1096 307 1344 360 Quanta
1380 308 1654 352 naccam
1693 311 1829 354 sm‘r
1865 313 2098 374 osenna
2136 315 2268 356 mc.
2689 305 2793 361 741

428 432 464 468 <4
489 406 573 480 Et
622 405 874 489 quidem
920 404 1089 478 haud
1134 405 1378 488 penitus
1427 406 1687 472 absurde
1719 409 1859 491 quis
1895 410 2054 475 forte
2101 413 2436 497 putaverit,
2474 415 2791 497 graviores

332 510 661 586 AuctorcS,
713 507 863 573 dum
908 506 1263 572 sensibilem
1309 527 1419 575 seu
1472 510 1833 575 sensitivam
1887 513 2358 586 delectationem
2422 515 2556 580 heic
2601 517 2796 584 nomi-

333 614 506 690 nant,
576 629 971 694 nequaquam
1016 609 1286 674 indicare
1332 629 1497 678 mere
1541 612 1811 682 voluisse
1857 633 2105 682 sensum
2153 635 2223 680 ex
2278 616 2367 684 rei
2414 617 2568 681 lenis
2618 620 2794 698 tactu

337 716 793 798 exsurgentem.
818 713 964 786 Alia
981 711 1277 777 nimirum
1308 714 1404 777 est
1432 714 1711 789 sensitivi
1743 718 2057 799 appetitus
2089 718 2351 796 affectio,
2386 738 2578 801 eaque
2610 720 2794 785 modo

337 818 550 883 suavis
585 816 771 882 modo
799 815 1098 893 insuavis,
1125 833 1283 897 quae
1306 815 1630 882 rationalis
1664 818 1976 900 appetitus
2010 821 2318 900 affectum,
2353 841 2385 885 e
2418 841 2539 903 quo
2576 823 2793 902 oritur,

339 920 463 985 fere
486 919 827 994 comitatur
842 917 1320 999 adiunctamque
1351 917 1540 982 habet
1563 918 1842 1001 aliquam
1865 922 2056 1000 etiam
2079 923 2350 1008 corporis
2377 941 2448 988 ac
2473 925 2796 1008 praecipue

338 1023 629 1098 motuum
651 1019 851 1085 cordis
876 1018 1059 1084 modo
1085 1037 1338 1088 suavem
1367 1020 1551 1085 modo
1582 1021 1907 1087 insuavem
1937 1025 2384 1094 mutationem:
2421 1026 2580 1098 unde
2605 1028 2795 1113 vulgo

341 1146 447 1192 cor
478 1125 729 1191 dilatari
778 1128 889 1189 aut
921 1125 1117 1208 premi
1148 1124 1394 1202 dicitur.
1429 1124 1599 1205 Quae
1625 1129 1833 1202 tamen
1868 1130 2107 1195 affectio
2147 1131 2540 1215 corporisque
2578 1132 2799 1208 immue
2921 1213 2925 1218 p

341 1229 503 1294 tatio
553 1228 702 1293 adeo
751 1247 858 1311 per
902 1246 967 1292 se
1011 1227 1169 1292 nihil
1214 1247 1321 1310 per
1366 1247 1430 1292 se
1461 1248 1785 1298 commune
1816 1231 2004 1298 habet
2057 1253 2198 1298 cum
2248 1232 2654 1298 delectatione
2703 1252 2796 1300 veae

338 1351 539 1408 nerea,
574 1332 648 1395 ut
685 1332 810 1395 imo
860 1329 956 1394 vel
1002 1329 1313 1413 piissimos
1359 1331 1423 1394 in
1471 1332 1671 1395 Deum
1720 1333 1976 1398 affectus
2007 1335 2341 1402 comitetur
2371 1355 2443 1399 ac
2475 1337 2799 1418 propterea

341 1453 723 1510 moneamur,
774 1452 850 1497 ne
897 1432 1083 1496 nimis
1131 1432 1293 1496 inter
1339 1433 1694 1519 spirituales
1726 1437 2192 1503 exercitationes
2226 1436 2624 1504 delectationi
2655 1438 2800 1502 huic

344 1536 619 1602 sensibili
664 1535 1116 1600 inhaereamus.
1150 1535 1342 1600 Porro
1375 1555 1498 1618 quo
1539 1538 1765 1620 aptiori
1795 1539 2062 1616 nomine,
2096 1559 2284 1624 quam
2320 1541 2653 1604 sensitae'vae
2701 1539 2799 1604 de·

342 1638 711 1716 lectationiS,
779 1637 1082 1702 Auctores
1129 1636 1523 1720 designarent
1567 1638 1724 1706 hanc
1773 1641 2133 1706 sensitivam
2182 1641 2585 1724 affectionem,
2637 1661 2797 1724 quae

344 1744 561 1825 sponte
607 1740 885 1823 exsurgit
931 1740 993 1802 et
1041 1739 1381 1814 comitatur
1428 1741 1604 1804 actus
1635 1741 1798 1818 illos
1839 1743 2064 1825 quibus
2110 1744 2173 1806 in
2222 1763 2372 1814 casu
2419 1745 2688 1811 exeritur
2735 1746 2799 1809 et

341 1843 559 1920 effectu
607 1843 816 1924 aliquo
866 1841 1252 1906 ostenditur?
1283 1841 1489 1922 Atque
1520 1843 1661 1905 hinc
1693 1844 1940 1926 quidem
1989 1864 2201 1912 sensus
2240 1847 2374 1910 erui
2419 1847 2627 1928 potest
2651 1865 2798 1927 qua-

342 1945 604 2022 rundam
650 1945 1056 2021 locutionum,
1113 1961 1268 2025 quas
1323 1944 1431 2008 alii
1476 1944 1829 2027 pertrahere
1890 1947 2137 2011 omnino
2196 1947 2272 2012 ad
2328 1947 2798 2033 significandam

346 2067 666 2114 veneream
713 2046 1184 2111 delectationem
1231 2048 1561 2122 conantum
1597 2047 1757 2111 unde
1804 2050 1866 2112 et
1911 2048 2263 2116 Navarrum
2319 2052 2381 2114 et
2430 2046 2797 2114 Caletanum

347 2155 534 2234 atque
581 2150 772 2215 etiam
819 2147 1087 2214 Sanchez
1133 2150 1439 2222 incusant,
1498 2149 1675 2231 quasi
1740 2149 1981 2215 licitam
2028 2152 2269 2234 sponsis
2326 2150 2798 2232 delectationem

344 2273 666 2319 veneream
713 2254 825 2318 aut
870 2252 1094 2318 saltem
1140 2270 1263 2316 non
1307 2252 1584 2336 graviter
1643 2248 2015 2336 culpabilem
2067 2255 2134 2318 in
2191 2273 2340 2318 casu
2402 2254 2793 2318 asseruerint.

344 2357 579 2423 Ansam
617 2356 947 2421 accusandi
979 2354 1333 2418 Navarrum
1364 2357 1620 2418 sumunt
1642 2374 1713 2419 ex
1736 2355 1863 2420 illis
1889 2355 1946 2418 N
1951 2356 2157 2420 avarri
2183 2356 2386 2420 verbis
2402 2355 2589 2418 Man.
2619 2376 2669 2419 c.
2693 2356 2794 2420 16.

341 2479 400 2523 n.
439 2460 540 2523 12.
593 2456 930 2539 Sponsalia
962 2457 1127 2521 enim
1171 2477 1328 2537 quae
1373 2457 1623 2521 initiam
1670 2458 2059 2522 matrimonii
2101 2462 2267 2533 sunt,
2316 2459 2562 2538 faciunt
2604 2457 2799 2538 facul-

343 2567 527 2626 tatem
547 2559 804 2642 fruendi
840 2558 1147 2641 voluptate
1182 2557 1603 2640 praeambula
1640 2559 1943 2643 voluptati
1976 2559 2445 2638 matrimoniali,
2480 2582 2637 2642 quae
2674 2562 2800 2635 sin·

339 2665 589 2749 ,aulai-is
620 2670 716 2730 est
743 2664 1015 2728 eiusdem
1053 2662 1344 2729 Caietani
1367 2662 1797 2727 determinatio
1820 2664 1882 2727 in
1909 2666 1968 2727 2.
2005 2666 2064 2727 2.
2101 2684 2159 2747 q.
2193 2664 2339 2728 154.
2361 2666 2478 2728 art.
2513 2665 2575 2728 4.
2603 2664 2800 2746 Atqui

342 2769 493 2833 haec
509 2768 695 2832 verba
734 2766 944 2851 potius
985 2766 1338 2849 oppositum
1378 2763 1658 2828 suadent.
1699 2763 1765 2828 Si
1811 2766 1974 2835 enim
2005 2766 2180 2829 iuxta
2218 2765 2275 2829 N
2281 2784 2573 2833 avarrum
2609 2766 2702 2831 ita
2735 2785 2797 2831 se

340 2871 527 2936 habet
564 2870 854 2954 voluptas
887 2869 1127 2952 sponsis
1165 2886 1450 2932 concessa
1484 2866 1559 2929 ad
1608 2867 1997 2950 voluptatem
2045 2869 2587 2946 matrimonialem,
2637 2869 2800 2935 sicut

349 2972 427 3037 ad
456 2972 926 3038 matrimonium
974 2990 1038 3035 se
1085 2971 1316 3035 habent
1363 2969 1695 3053 sponsalia,
1729 2969 2215 3034 concludendum
2263 2974 2377 3048 est,
2411 2972 2800 3053 voluptatem

346 3075 520 3141 illam
568 3074 995 3158 preambulam
1040 3074 1195 3140 nihil
1226 3091 1357 3138 esse
1397 3070 1585 3150 aliud,
1635 3091 1823 3153 quam
1871 3071 2339 3155 dispositionem
2372 3075 2683 3154 quandam
2717 3074 2801 3137 al·

344 3184 461 3249 teri
514 3183 850 3267 praeviam.
888 3182 1181 3262 Quocirca
1232 3181 1395 3245 sicut
1440 3180 1753 3265 sponsalia
1799 3180 1888 3244 ita
1922 3181 2069 3245 sunt
2102 3180 2431 3263 dispositio
2467 3179 2545 3243 ad
2580 3180 2802 3257 matri-

342 3286 639 3361 monium,
680 3286 754 3350 ut
792 3284 1195 3348 nihilominus
1243 3282 1315 3347 de
1362 3284 1587 3346 natura
1633 3282 2020 3346 matrimonii
2067 3282 2223 3347 nihil
2269 3282 2657 3364 participent,
2707 3283 2800 3346 ita

348 3390 410 3452 et
456 3388 747 3470 voluptas
796 3386 905 3449 illa
954 3383 1355 3467 praeambula
1404 3383 1805 3467 intelligenda
1853 3386 1948 3464 est
1995 3403 2246 3466 prorsus
2294 3401 2502 3464 expers
2541 3386 2801 3449 naturae

346 3489 515 3553 illius
563 3488 928 3571 voluptatiS,
980 3504 1137 3568 quae
1169 3485 1473 3548 exclusive
1528 3485 1836 3547 maritalis
1869 3486 1981 3548 est.
2033 3486 2112 3548 Et
2158 3486 2299 3549 hinc
2347 3485 2531 3548 datur
2578 3484 2800 3549 melius

277 3588 288 3601 '
344 3609 541 3666 nosse,
576 3590 723 3671 quid
748 3590 865 3654 sibi
899 3588 1092 3653 velint
1128 3587 1272 3650 illae
1308 3585 1652 3650 locutiones
1684 3583 1968 3649 Caietani
1999 3606 2035 3650 a
2066 3586 2346 3651 Navarro
2380 3586 2657 3670 allegati,
2694 3587 2802 3651 ubi

343 3694 384 3756 l.
421 3711 472 3755 c.
509 3692 764 3756 scribIt:
834 3692 1093 3756 Videtur
1137 3698 1345 3753 autem
1391 3687 1554 3768 quod
1598 3689 1760 3751 sicat
1802 3687 2240 3768 sponsalitium
2273 3686 2587 3751 inchoatio
2620 3708 2807 3767 ‚qaae-

344 3793 491 3856 dam
537 3797 629 3856 est
673 3793 949 3875 coniuyii
1007 3794 1102 3856 ita
1158 3795 1218 3855 et
1277 3789 1628 3853 lmiusmocli
1670 3795 1847 3855 actus
1907 3790 2066 3872 (scil.
2134 3790 2443 3873 osculum)
2489 3788 2802 3854 inchoatio

338 3896 641 3979 quaedam
689 3899 782 3958 est
826 3896 1106 3960 carnalis
1153 3894 1404 3976 copulae
1436 3912 1545 3958 seu
1568 3894 1668 3974 (ut
1701 3893 1888 3957 habet
1916 3894 1980 3957 in
2020 3891 2190 3960 Sum.
2225 3893 2303 3957 V.
2347 3892 2799 3976 Sponsalite'a).·

346 3998 526 4063 Sicut
552 4015 783 4077 sponsa
813 3995 1156 4060 inchoative
1188 4003 1281 4060 est
1312 3997 1543 4077 sponsi,
1584 3996 1677 4059 ita
1706 3994 2026 4059 delectatio
2049 4017 2309 4060 venerea
2338 3995 2801 4059 coniunctionis

333 4100 618 4167 carnalis
668 4100 830 4163 inter
873 4118 974 4162 eos
1021 4096 1358 4162 inchoative
1382 4099 1777 4179 permittitur
1805 4098 1971 4162 inter
2004 4097 2281 4175 eosdem:
2316 4102 2556 4163 constat
2588 4101 2805 4160 autem

335 4204 612 4270 oscula...
661 4223 790 4267 non
819 4202 950 4267 nisi
992 4200 1440 4269 inchoationem
1470 4222 1761 4266 venereae
1794 4200 2216 4281 delectationis
2247 4202 2602 4281 importare.
2629 4199 2805 4265 Idem

341 4326 545 4391 porro,
581 4326 651 4371 ac
683 4325 892 4389 supra,
925 4303 1087 4369 redit
1134 4305 1592 4388 argumentum.
1627 4304 1791 4368 Nam
1830 4305 1920 4369 ita
1971 4303 2301 4368 delectatio
2336 4303 2654 4368 osculandi
2704 4303 2805 4367 est

340 4410 654 4476 inchoatio
689 4408 1116 4475 delectationis
1141 4423 1450 4480 venereae,
1490 4406 1652 4470 sicut
1682 4406 2118 4489 sponsalitium
2152 4408 2245 4471 est
2292 4407 2605 4470 inchoatio
2655 4425 2803 4471 con.-

342 4512 518 4596 iugii.
558 4513 755 4596 Atqui
802 4510 1239 4596 sponsalitium
1273 4508 1367 4571 est
1413 4527 1581 4573 mera
1627 4509 1878 4591 praevia
1916 4509 1994 4574 ad
2040 4509 2398 4594 coniugium
2449 4508 2800 4593 dispositio.
