3497 5147
674 352 748 407 40
1052 361 1262 402 macr.
1303 363 1358 403 v.
1400 360 1562 403 snc‘r.
1604 362 1641 401 1.
1683 361 1768 400 nn
1806 359 2182 400 PRAmcnP'rls
2220 359 2409 400 mmm.
2450 357 2648 399 CAPUT
2685 357 2776 397 ιιι.
3032 340 3146 417 [60]

764 456 887 529 60.
924 458 1217 522 Dubitari
1249 457 1425 535 solet,
1478 457 1569 521 ait
1606 457 1768 521 idem
1803 457 1980 539 Lugo
2028 456 2102 519 de
2136 455 2312 519 Saer.
2349 456 2601 519 Poenit.
2643 455 2700 519 d.
2740 456 2842 517 18.
2877 456 3024 518 sect.
3076 456 3136 518 2.

673 585 733 627 n.
772 563 873 625 18.
917 581 995 624 an
1030 561 1310 643 potestas
1337 559 1699 624 absolvendi
1728 560 1793 623 in
1828 560 2090 623 articulo
2124 560 2344 623 mortis
2378 559 2663 623 omnibus
2695 557 3138 629 sacerdotibus,

674 664 846 729 nulla
881 663 1234 745 exceptione
1282 662 1467 737 facta,
1526 681 1813 726 concessa
1846 662 1930 725 sit
1977 661 2542 736 excommunicatis,
2591 659 2967 743 degradatis,
3003 659 3144 723 hae—

673 767 879 830 reticis
928 766 1043 828 etc.
1077 763 1205 827 Alii
1253 765 1415 827 enim
1463 764 1778 847 excipiunt
1823 764 2385 828 excommunicatos
2435 761 2743 833 vitandos,
2795 761 2902 824 alii
2935 762 3142 825 haere-

677 869 851 933 ticos.
901 867 1272 948 Utrumque,
1323 867 1377 930 si
1423 866 1495 930 de
1542 867 1825 949 possibili
1871 884 2070 930 sermo
2120 869 2234 939 est,
2282 866 2451 928 caret
2485 864 2652 928 omni
2700 863 3137 939 fundament03

676 971 823 1052 quia
870 969 1079 1052 potuit
1126 969 1398 1032 Ecclesia
1444 969 1520 1032 iis
1571 969 1856 1033 omnibus
1891 988 2000 1051 pro
2049 987 2118 1032 eo
2168 967 2432 1032 articulo
2471 966 2963 1031 iurisdictionem
2997 985 3143 1029 con-

677 1071 853 1145 ferre,
904 1070 982 1133 ad
1019 1089 1209 1152 quam
1240 1090 1363 1134 non
1394 1071 1733 1152 requiritur
1767 1071 2107 1134 necessario
2157 1071 2362 1133 status
2410 1069 2652 1151 gratiae
2699 1087 2808 1132 nec
2855 1067 3005 1131 fides
3036 1067 3141 1131 sed

678 1173 998 1235 character
1020 1171 1421 1236 sacerdotalis
1454 1175 1516 1236 et
1553 1172 1846 1237 voluntas
1872 1173 2198 1236 Ecclesiae.
2229 1171 2293 1235 Si
2327 1190 2470 1235 vero
2496 1188 2697 1234 sermo
2731 1171 2816 1233 sit
2845 1169 2919 1234 de
2951 1169 3137 1245 facto,

680 1278 934 1343 obstant
963 1277 1305 1341 clarissima
1344 1278 1529 1341 verba
1555 1278 1917 1349 Tridentini,
1953 1278 2178 1359 quibus
2204 1278 2432 1341 dicitur
2455 1276 2765 1357 quoslibet
2795 1273 3142 1338 sacerdotes

679 1400 857 1463 posse
889 1380 1200 1461 quoslibet
1247 1380 1631 1462 poenitentes
1667 1399 1703 1443 a
1748 1380 2071 1460 quibusvis
2105 1380 2371 1461 peccatis
2403 1379 2466 1441 in
2506 1397 2577 1443 eo
2616 1377 3003 1441 necessitatis
3052 1395 3145 1439 ar-

679 1482 872 1546 ticulo
924 1481 1258 1546 absolvere.
1309 1479 1467 1544 Cum
1516 1501 1662 1565 ergo
1710 1483 1773 1545 in
1823 1482 2088 1564 peccatis
2137 1482 2200 1545 et
2247 1481 2309 1544 in
2357 1479 2815 1563 poenitentibus
2863 1477 2974 1541 illa
3011 1478 3146 1541 uni-

679 1583 1007 1647 versalitas
1069 1583 1310 1646 nullam
1371 1583 1651 1665 patiatur
1705 1584 2144 1666 exceptionem,
2194 1601 2315 1646 non
2363 1583 2458 1645 est
2504 1600 2614 1645 cur
2660 1581 2721 1643 in
2769 1579 3142 1644 confessario

680 1684 1040 1768 apponenda
1088 1684 1191 1748 sit.

766 1786 1023 1852 Certum
1055 1788 1151 1852 est
1183 1789 1395 1851 autem
1426 1787 1591 1869 quod
1623 1788 1763 1869 quis
1797 1790 2046 1870 propter
2078 1789 2507 1851 necessitatem
2541 1786 2638 1850 vel
2662 1786 3008 1850 utilitatem
3039 1803 3147 1848 no-

679 1890 935 1953 tabilem
968 1909 1166 1968 suam,
1201 1892 1409 1972 potest
1440 1892 1643 1972 petere
1669 1891 1747 1953 ab
1781 1890 1924 1967 ali0,
1961 1909 2081 1953 non
2106 1890 2354 1971 quidem
2377 1908 2509 1951 rem
2531 1887 2862 1951 intrinsece
2886 1887 3140 1964 malam,

677 1990 785 2056 sed
821 2010 971 2067 rem,
1000 2011 1188 2073 quam
1215 1991 1374 2055 alius
1400 1993 1608 2074 potest
1638 1993 1808 2055 licite
1833 1993 2049 2068 facere,
2083 1992 2231 2055 licet
2262 1992 2336 2054 de
2374 1991 2541 2055 facto
2573 1990 2708 2054 heic
2740 1992 2803 2055 et
2834 2009 2996 2053 nunc
3020 2008 3143 2054 non

680 2093 765 2157 sit
811 2092 1042 2175 absque
1088 2095 1339 2175 peccato
1385 2093 1684 2157 facturus.
1735 2094 1913 2176 Lugo
1963 2092 2036 2155 de
2085 2092 2261 2155 Sacr.
2311 2093 2382 2154 in
2427 2112 2566 2173 96η.
2616 2092 2672 2154 d.
2725 2091 2783 2154 8.
2835 2094 2983 2156 sect.
3038 2093 3140 2155 14.

678 2216 739 2259 n.
783 2197 932 2259 229.
967 2196 1183 2259 Potest
1231 2215 1376 2259 sane
1422 2196 1769 2259 haereticus
1802 2195 2082 2260 sacerdos
2120 2194 2194 2259 de
2226 2199 2477 2278 peccato
2515 2213 2629 2259 suo
2667 2195 2902 2259 conteri
2934 2196 2997 2258 et
3034 2196 3139 2273 sic,

679 2317 822 2360 cum
869 2296 1234 2361 facultatem
1283 2297 1638 2361 absolvendi
1685 2298 1932 2375 habeat,
1987 2298 2216 2379 absque
2263 2298 2513 2379 peccato
2545 2296 2899 2360 ministrare
2946 2315 3145 2360 sacra-

679 2402 960 2462 mentum
1008 2400 1277 2482 petenti:
1328 2401 1445 2463 sibi
1493 2419 1637 2483 ergo
1673 2401 1944 2482 imputet
1981 2400 2034 2463 si
2072 2402 2304 2482 peccat,
2340 2399 2443 2462 sed
2483 2399 2823 2463 moriturus
2862 2398 2996 2462 iure
3029 2417 3140 2463 suo

679 2500 903 2579 utitur,
954 2502 1319 2584 permittens
1367 2502 1572 2565 solum
1621 2521 1691 2564 ex
1738 2501 1907 2564 iusta
1955 2520 2142 2565 causa
2188 2502 2511 2585 peccatum
2558 2500 2834 2564 alterius.

770 2606 1115 2671 Subdemus
1184 2608 1591 2671 resolutiones
1654 2608 2066 2689 quorumdam
2136 2627 2416 2684 casuum,
2480 2609 2589 2690 qui
2656 2610 2871 2672 nostra
2935 2610 3140 2672 aetate

678 2712 937 2794 practici
984 2713 1132 2775 sunt
1178 2731 1401 2793 easque
1459 2733 1494 2776 a
1551 2713 1729 2796 Lugo
1779 2714 2174 2795 potissimum
2235 2716 2515 2797 petemus
2564 2714 2638 2778 de
2700 2713 2862 2777 Fide
2916 2713 2974 2778 d.
3036 2714 3136 2777 14.

678 2833 781 2875 nn.
822 2813 967 2875 156.
1004 2832 1168 2894 seqq.

768 2910 869 2982 61.
905 2914 1001 2977 An
1036 2913 1375 2980 Catholicis
1413 2917 1598 2981 liceat
1632 2918 1861 2994 adesse,
1898 2920 2149 2983 honoris
2181 2938 2388 3006 canusa,
2424 2919 2722 2982 conviviis
2753 2918 3138 3002 nuptialibus

676 3016 1129 3080 haereticorum
1154 3018 1253 3081 vel
1285 3018 1473 3082 etiam
1502 3020 1756 3102 nuptiis,
1785 3040 1939 3102 quas
1966 3021 2259 3084 haeretici
2300 3020 2611 3084 celebrant
2642 3021 2844 3085 valide
2869 3021 3136 3103 quidem,

678 3118 780 3183 sed
822 3137 1030 3182 coram
1062 3119 1347 3185 ministro
1382 3122 1691 3187 haeretico
1726 3126 1789 3186 et
1836 3124 2147 3187 haeretico
2197 3124 2342 3186 ritu.

769 3221 1187 3303 Supponimus
1233 3224 1574 3288 haereticos
1622 3244 1742 3289 non
1783 3244 1913 3288 esse
1961 3225 2246 3289 vitandos
2295 3227 2358 3289 et
2388 3244 2510 3290 non
2547 3226 2918 3289 intercedere
2965 3245 3142 3308 pecu-

677 3325 897 3388 liarem
928 3325 1235 3390 rationem
1268 3326 1523 3409 periculi
1562 3328 1675 3390 aut
1707 3327 2000 3399 scandali,
2042 3328 2292 3410 propter
2324 3347 2482 3409 quae
2514 3347 2608 3392 res
2641 3328 2860 3391 illicita
2893 3327 3137 3393 evadat.

680 3425 897 3506 Quoad
922 3428 1192 3510 primum
1211 3448 1378 3513 ergo,
1398 3429 1642 3492 licitum
1667 3448 1798 3492 esse
1830 3429 2152 3492 dicendum
2179 3433 2300 3504 est,
2337 3450 2482 3494 nam
2506 3431 2601 3494 est
2624 3431 2978 3494 communio
2996 3430 3143 3495 civi·

677 3530 774 3606 lis,
809 3549 967 3612 quae
1014 3531 1311 3613 permissa
1360 3532 1454 3594 est
1485 3549 1626 3593 cum
1659 3530 2016 3595 huiusmodi
2040 3533 2603 3596 excommunicatis
2640 3530 2814 3611 Quod
2851 3531 3137 3608 alterum,

677 3633 1186 3716 distinguendum
1218 3634 1313 3697 est
1344 3633 1504 3697 inter
1536 3652 1657 3708 603,
1693 3634 1802 3714 qui
1836 3634 2197 3716 simpliciter
2230 3634 2458 3698 adsunt
2490 3637 2552 3698 et
2590 3654 2712 3711 eos,
2741 3635 2848 3716 qui
2878 3636 3139 3699 testium

677 3753 927 3796 munere
974 3733 1301 3817 fungentes
1350 3735 1791 3800 auctoritatem
1839 3735 2171 3800 conciliant
2217 3736 2584 3800 contractui.
2635 3735 2719 3799 Hi
2768 3737 2930 3800 enim
2977 3757 3141 3803 com-

678 3835 1001 3898 municant
1045 3854 1188 3899 cum
1234 3837 1559 3900 haereticis
1606 3838 1668 3900 in
1717 3857 1932 3901 eorum
1971 3858 2034 3900 re
2066 3856 2239 3900 sacra
2273 3839 2336 3901 et
2366 3837 2664 3919 implicite
2699 3838 3136 3903 auctoritatem

680 3938 849 4001 illius
896 3938 1099 4000 sectae
1146 3937 1398 4018 eiusque
1446 3939 1875 4002 ministrorum
1925 3941 2288 4020 agnoscunt,
2341 3939 2524 4021 quod,
2575 3941 2648 4003 ut
2695 3941 2982 4019 diximus,
3015 3959 3139 4006 non

676 4039 841 4103 licet.
892 4036 1107 4118 Quoad
1154 4039 1295 4103 illos
1346 4058 1489 4103 vero
1552 4040 1661 4120 qui
1715 4040 2078 4122 simpliciter
2134 4040 2378 4118 adsunt,
2437 4042 2488 4105 si
2545 4042 2794 4108 honoris
2843 4063 3031 4108 causa
3077 4044 3142 4108 id

679 4143 930 4206 tantum
978 4140 1226 4212 faciant,
1277 4159 1419 4205 cum
1469 4141 1743 4205 officium
1776 4140 1955 4206 civile
1986 4143 2330 4220 exhibeant,
2366 4143 2428 4208 id
2462 4146 2547 4209 eis
2584 4145 2765 4211 licere
2813 4145 3140 4211 dicendum

676 4245 791 4306 est.
833 4240 923 4306 Cf.
960 4240 1205 4305 Scavini
1244 4244 1395 4306 tom.
1433 4245 1491 4305 2.
1529 4242 1607 4305 tr.
1644 4243 1701 4306 8.
1738 4242 1892 4326 disp.
1940 4245 1996 4308 1.
2033 4264 2082 4307 c.
2125 4247 2186 4308 4.
2223 4264 2277 4308 a.
2316 4249 2374 4310 2.
2416 4247 2472 4330 ξ.
2519 4249 2576 4311 1.
2618 4269 2676 4330 q.
2715 4250 2774 4311 2.

768 4340 892 4412 62.
943 4343 1102 4422 Quid
1150 4345 1202 4408 si
1248 4343 1467 4408 iisdem
1511 4344 1577 4408 in
1627 4344 1933 4409 adiunctis
1967 4347 2310 4412 catholicus
2355 4350 2556 4414 officio
2605 4350 2907 4433 fungatur
2954 4351 3143 4416 Para·

679 4445 955 4530 nymphi,
982 4445 1091 4526 qui
1117 4446 1192 4510 ad
1218 4446 1705 4512 sollemnitatem
1737 4448 2097 4529 nuptiarum
2131 4449 2499 4515 adhibeatur
2516 4455 2546 4514 P
2584 4452 2936 4533 Respondet
2960 4454 3140 4540 Lugo

680 4568 739 4611 n.
782 4549 964 4612 152:
1005 4574 1038 4606 «
1072 4547 1136 4613 Si
1184 4549 1260 4613 ad
1308 4568 1451 4613 eum
1490 4551 1695 4614 solum
1741 4551 2048 4634 pertineat
2082 4553 2320 4618 tradere
2367 4572 2656 4637 sponsam
2688 4572 2913 4636 sponso
2963 4557 3060 4620 vel
3107 4577 3140 4622 e
