3497 5147
298 358 438 433 [859]
1212 372 1380 413 VANA
1417 374 1840 414 onsnuvamm
2642 361 2743 414 261

382 467 559 541 358.
594 469 756 549 Quia
803 470 1011 554 magia
1050 471 1279 535 dicitur
1323 490 1543 536 nomen
1582 474 1885 556 generale,
1921 472 2132 535 exinde
2178 472 2498 556 Laymann
2547 493 2605 536 v.
2656 493 2748 557 gr.

299 575 539 650 cuncta,
558 592 718 655 (11199
734 573 809 637 (19
824 593 985 636 vana
1003 573 1395 637 observantia
1413 574 1830 656 disputantur,
1852 575 1928 638 ad
1944 575 2189 658 magiae
2206 574 2464 638 titulum
2481 577 2750 639 revocat.

382 675 641 755 Quando
688 675 1015 740 intercedit
1061 677 1313 757 99919111
1360 695 1711 759 expressum
1758 697 1896 741 cum
1952 677 2247 741 daemone
2294 678 2359 742 91
2404 677 2543 745 finis
2590 679 2752 742 esset

296 778 551 842 scientia
599 796 721 842 non
769 777 1016 858 quidem
1064 797 1171 859 per
1214 778 1604 856 infusionem,
1639 779 1744 843 sed
1782 798 1888 862 per
1926 779 2312 861 disciplinam
2361 780 2748 862 acquirenda,

296 885 455 944 oeset
485 879 734 961 quidem
761 880 1153 943 observantia
1176 880 1415 957 illicita,
1449 881 1553 944 sed
1584 900 1705 946 non
1729 884 1938 965 posset
1963 882 2077 945 (1191
2106 902 2266 945 vana
2300 901 2407 945 seu
2439 882 2748 959 inefficax:

295 982 459 1063 quia,
501 983 574 1044 ut
610 982 815 1064 inquit
845 980 1040 1045 Caiet.
1083 982 1141 1045 in
1179 984 1238 1045 2.
1280 985 1339 1045 2.
1382 982 1486 1045 96.
1526 984 1606 1057 1.,
1652 1007 1688 1041 «
1720 985 2023 1066 quantum
2063 986 2258 1048 estex
2306 985 2616 1067 potestate
2648 1004 2754 1048 na-

299 1086 487 1150 turali
511 1085 850 1161 daemonis,
885 1088 1046 1149 93391
1075 1086 1321 1161 efficax,
1350 1087 1496 1167 quia
1534 1088 1743 1169 posset
1773 1086 1951 1151 facile
1983 1088 2196 1151 docere
2234 1087 2504 1169 aliquem
2528 1087 2750 1151 melius

292 1206 477 1269 quam
524 1187 896 1269 quicumque
932 1187 1334 1270 philosophus
1367 1189 1464 1253 vel
1496 1189 1850 1273 astrologus
1881 1215 1942 1251 ».

382 1287 604 1353 Cetera
636 1290 698 1351 in
732 1289 1004 1370 praeced.
1040 1308 1196 1372 resp.
1231 1290 1360 1353 iam
1396 1292 1565 1354 19919
1599 1291 1762 1354 sunt.

400 1432 591 1484 xxix.
617 1432 765 1496 Resp.
792 1432 840 1482 3.
870 1431 1005 1482 Vana
1047 1431 1373 1495 observantia,
1400 1430 1524 1484 sicut
1562 1431 1814 1498 divinatio,
1841 1441 1915 1485 est
1953 1442 2203 1498 peccatum
2245 1435 2448 1486 mortale
2483 1448 2544 1486 ex
2570 1448 2748 1496 genere

298 1531 403 1569 3119.
434 1515 580 1568 Ratio
606 1522 697 1579 est,
726 1523 826 1567 tuni
854 1515 966 1579 quia
995 1514 1164 1568 tribuit
1189 1519 1426 1568 honorem
1453 1515 1670 1569 divinum
1697 1524 1966 1581 creaturae,
1987 1520 2314 1582 exspectando
2346 1519 2407 1568 99
2447 1531 2520 1579 99,
2552 1519 2679 1581 quod
2720 1532 2746 1569 a

298 1602 405 1654 solo
436 1602 541 1654 Deo
567 1599 816 1666 expectari
845 1602 1012 1653 debet:
1042 1607 1139 1652 tum
1166 1600 1276 1665 quia
1305 1600 1475 1655 nititur
1502 1608 1643 1666 pacto
1669 1614 1779 1653 91191
1807 1602 2059 1653 daemone.
2090 1602 2223 1652 hess.
2253 1601 2370 1653 Bon.
2397 1615 2443 1664 q.
2472 1601 2520 1652 5.
2549 1615 2597 1666 p.
2628 1601 2674 1652 4.
2702 1608 2752 1654 et

296 1685 397 1739 alii.
418 1687 515 1738 Nec
544 1691 706 1751 potest
730 1683 959 1738 excusari
983 1699 1009 1737 9
1037 1684 1231 1737 mortali
1258 1700 1317 1738 ex
1347 1684 1585 1751 parvitate
1612 1683 1868 1750 materiae3
1897 1684 2009 1750 quia
2035 1683 2321 1749 simpliciter
2347 1690 2396 1737 et
2420 1683 2469 1736 in
2498 1683 2628 1736 911191
2656 1698 2753 1737 ma-

294 1769 424 1823 teria
449 1776 715 1835 usurpatur
739 1768 953 1832 cognitio
987 1775 1070 1822 aut
1095 1769 1253 1822 virtus
1282 1768 1371 1822 Dei
1393 1769 1604 1835 propria.
1625 1769 1834 1822 Aliunde
1862 1776 2020 1821 tamen
2047 1768 2153 1822 [leri
2176 1783 2336 1834 posse,
2358 1775 2524 1822 utnon
2544 1768 2608 1822 sit
2627 1784 2753 1822 mor-

297 1859 417 1918 tale,
437 1858 610 1908 docent
634 1859 874 1907 Auctores
899 1870 1041 1920 supra
1070 1854 1151 1907 cit.
1179 1858 1296 1907 dub.
1324 1858 1371 1907 2.
1398 1870 1491 1906 res.
1522 1857 1571 1906 3.
1602 1856 1648 1928 l.
1677 1853 1866 1907 ratione
1889 1852 2192 1918 ignorantiae
2218 1853 2260 1905 si
2288 1860 2478 1919 pactum
2506 1852 2570 1906 sit
2593 1852 2754 1920 impli-

297 1939 457 1993 citum
496 1947 699 1992 tantum:
726 1941 775 1992 2.
803 1938 844 1992 31
871 1953 965 1991 999
998 1938 1286 1991 adhibeatur
1312 1941 1449 2002 fldeS,
1478 1938 1590 1991 licet
1622 1938 1850 1992 timeatur
1873 1938 1941 1991 ita
1970 1953 2078 1991 esse
2107 1941 2183 1991 vel
2212 1941 2441 1992 futurum.
2471 1936 2596 1991 Vide
2623 1937 2751 1992 dicta

294 2027 359 2077 de
400 2022 697 2077 divinatione
733 2027 849 2076 dub.
878 2027 926 2076 2.
951 2038 1044 2077 res.
1074 2027 1121 2077 3.
1150 2037 1264 2076 casu
1291 2023 1341 2075 7.
1369 2031 1416 2076 et
1443 2026 1577 2076 9933.
1604 2026 1720 2076 dub.
1751 2026 1800 2076 8.
1827 2037 1873 2075 n.
1901 2024 1986 2075 53.
2014 2028 2063 2075 et
2094 2024 2177 2075 66.

386 2142 561 2217 359.
597 2145 811 2226 Quoad
844 2148 903 2210 2.
932 2148 1170 2229 partem
1202 2145 1475 2209 notanda
1509 2146 1693 2209 verba
1718 2165 1766 2209 3.
1809 2145 2082 2209 Τ9911199
2115 2146 2173 2207 2.
2211 2147 2269 2208 2.
2306 2164 2363 2227 q.
2394 2144 2497 2207 96.
2535 2146 2652 2208 911.
2689 2146 2748 2209 2.

294 2252 375 2315 9(1
420 2253 514 2314 l.:
559 2277 591 2305 «
625 2248 692 2313 Si
739 2250 1100 2333 simpliciter
1148 2248 1555 2312 adhibeantur
1602 2267 1697 2312 res
1742 2248 2059 2311 naturales
2099 2248 2176 2311 ad
2215 2248 2454 2329 aliquos
2503 2248 2752 2312 effectus

292 2353 738 2438 producendOS,
788 2352 865 2416 ad
910 2370 1064 2433 quos
1112 2353 1412 2434 putantur
1457 2350 1809 2414 naturalem
1856 2350 2078 2413 habere
2127 2350 2443 2423 virtutem,
2492 2369 2613 2415 non
2660 2352 2755 2415 est

296 2456 810 2540 superstitiosum
841 2454 938 2517 vel
970 2454 1259 2517 illicitum
1291 2479 1352 2515 ».

390 2561 486 2624 Ad
516 2579 673 2642 quae
707 2556 1069 2623 Caietanus:
1111 2582 1145 2616 «
1177 2556 1345 2622 Nota
1377 2557 1460 2642 ly.
1508 2582 1543 2615 «
1563 2559 1879 2636 putantur
1909 2555 2133 2620 habere
2165 2555 2523 2620 naturalem
2557 2560 2757 2620 virtu-

297 2669 424 2728 tem
450 2689 511 2726 ».
531 2663 839 2742 Quoniam
855 2661 996 2724 hinc
1019 2661 1227 2737 habes,
1254 2659 1417 2742 quod
1444 2660 1687 2742 quando
1714 2661 1907 2742 aliqui
1925 2659 2217 2723 adhibent
2233 2660 2487 2743 lapideS,
2516 2661 2756 2737 991-993,

290 2767 603 2851 imagines
637 2765 734 2828 vel
783 2764 1015 2845 aliquid
1063 2762 1437 2840 huiusmodi,
1474 2762 1549 2826 ad
1581 2764 1925 2827 sanandum
1957 2764 2179 2826 vuinus
2213 2763 2311 2826 vel
2340 2764 2757 2848 mitigandum

290 2871 576 2936 dolorem
608 2869 673 2932 et
703 2865 1077 2942 huiusmodi,
1116 2866 1390 2948 putando
1439 2865 1603 2946 quod
1642 2865 1975 2929 adhibeant
2011 2865 2326 2930 naturales
2375 2867 2471 2930 vel
2518 2865 2759 2930 divinas

290 2992 542 3048 9911393,
578 2971 827 3035 etiamsi
873 2969 1095 3045 errent,
1144 2969 1514 3032 excusantur
1546 2987 1583 3031 a
1621 2967 2078 3050 superstitione,
2113 2968 2230 3031 nisi
2276 2967 2631 3052 ignorantia
2677 2969 2761 3031 sit

293 3094 513 3141 crassa
544 3075 610 3137 et
639 3073 861 3156 supina
894 3070 1423 3152 excusationisque
1453 3088 1575 3134 non
1609 3089 1800 3152 capax
1834 3096 1893 3133 ».

383 3178 531 3241 Η119
566 3175 717 3239 facit
741 3173 904 3256 quod
929 3170 1262 3235 Caietanus
1288 3172 1473 3236 habet
1507 3171 1584 3235 ad
1623 3173 1738 3235 art.
1777 3173 1836 3235 3.
1872 3170 2062 3235 eiusd.
2086 3192 2143 3253 q.
2173 3172 2277 3235 96.
2315 3171 2392 3235 ad
2424 3191 2494 3235 ea
2529 3171 2763 3236 scilicet

291 3281 582 3364 exempla
631 3297 827 3344 vanae
876 3277 1324 3353 observantiae,
1374 3294 1530 3356 quae
1562 3295 1611 3339 s.
1662 3273 1934 3339 Thomas
1974 3274 2151 3338 affert
2188 3295 2259 3337 ex
2290 3274 2642 3358 Augustino
2690 3272 2765 3337 de

289 3384 595 3451 Doctrin.
656 3380 888 3445 Christ.
937 3381 1044 3444 lib.
1095 3382 1155 3443 2.
1204 3398 1337 3461 999.
1389 3380 1493 3441 20.
1549 3401 1584 3435 «
1615 3377 1712 3440 Ad
1760 3378 1942 3459 pacta
1973 3396 2112 3440 cum
2161 3377 2561 3440 daemonibus
2606 3377 2765 3439 inita

295 3487 619 3572 pertinent
663 3484 865 3548 millia
910 3483 1188 3547 inanium
1226 3480 1772 3564 superstitionum:
1821 3479 1974 3561 puta
2022 3478 2076 3540 si
2119 3476 2467 3540 membrum
2515 3476 2764 3556 aliquod

297 3589 568 3668 salierit,
597 3589 651 3653 si
675 3587 936 3650 iunctim
970 3583 1431 3649 ambulantibus
1458 3580 1671 3645 amicis
1702 3580 1863 3662 lapis
1891 3580 2000 3642 991
2025 3578 2192 3641 99913
2221 3581 2330 3641 9111
2356 3598 2504 3660 puer
2527 3577 2765 3640 medius

292 3690 738 3759 intervenerit:
787 3689 977 3752 limen
1023 3687 1278 3760 calcare,
1328 3704 1468 3748 eum
1516 3684 1659 3747 ante
1706 3681 1960 3746 domum
2007 3700 2186 3744 suam
2233 3680 2458 3761 aliquis
2504 3678 2764 3743 transit:

295 3796 500 3859 redire
535 3793 616 3857 ad
645 3793 898 3867 lectum,
932 3790 984 3854 si
1016 3789 1155 3870 quis
1186 3808 1327 3852 cum
1375 3806 1439 3850 39
1469 3785 1711 3861 9919191,
1754 3783 2230 3848 sternutaverit:
2264 3782 2460 3846 redire
2490 3782 2765 3860 domum,

294 3901 353 3966 si
400 3897 740 3983 procedens
788 3892 1139 3959 offenderit:
1190 3911 1325 3954 cum
1376 3889 1567 3952 vestis
1625 3908 1660 3950 a
1707 3887 2006 3951 soricibus
2052 3886 2313 3963 roditur,
2363 3885 2501 3969 plus
2549 3885 2768 3949 timere

296 4001 720 4086 suspicionem
767 3997 916 4060 mali
962 3995 1179 4070 futuri,
1229 4012 1415 4074 quam
1466 4009 1748 4075 91993993
1797 3989 2092 4053 damnum
2140 3989 2343 4054 dolere
2382 4015 2415 4044 »
2471 3987 2548 4051 ad
2594 3989 2764 4066 haec,

295 4108 582 4188 inquam,
633 4101 723 4165 319
769 4098 1135 4163 Caietanus:
1192 4121 1227 4154 α
1265 4096 1552 4168 Adverte,
1601 4094 1767 4176 quod
1798 4092 2150 4158 huiusmodi
2199 4092 2677 4162 observationes,
2715 4092 2767 4155 si

302 4208 465 4272 fiant
512 4225 586 4269 ex
633 4201 1074 4268 consuetudine
1119 4199 1359 4282 patriae
1406 4199 1507 4279 (ut
1553 4197 1789 4261 Romae
1846 4199 2091 4279 oportet
2140 4195 2459 4278 proprium
2515 4195 2768 4277 tangere

301 4328 552 4386 nasum,
580 4326 724 4369 cum
754 4303 1016 4387 proximi
1039 4304 1200 4367 bona
1231 4300 1503 4383 corporis
1530 4298 1820 4363 valetudo
1844 4298 2138 4361 laudatur
2162 4299 2225 4360 et
2256 4297 2452 4361 dicere
2477 4294 2770 4377 Anyelus

295 4416 561 4475 sanctus
599 4407 827 4472 audiat
855 4409 917 4470 et
947 4407 1063 4470 hoc
1092 4405 1324 4488 passim
1373 4423 1407 4466 9
1448 4402 1810 4466 mulieribus
1848 4400 1966 4482 fit),
2004 4398 2247 4481 quando
2281 4419 2350 4462 ex
2383 4418 2768 4480 quacumque

299 4515 566 4578 levitate
598 4512 697 4576 vel
730 4509 973 4587 timore,
1022 4507 1287 4590 simplici
1334 4506 1512 4570 corde
1560 4504 1735 4578 fiunt,
1789 4504 2077 4585 putantes
2125 4520 2188 4564 se
2226 4521 2346 4565 non
2379 4501 2541 4564 male
2572 4501 2769 4564 facere

302 4617 420 4681 sed
462 4634 640 4692 vane,
690 4611 902 4676 forsan
948 4630 1067 4675 999
1113 4612 1259 4674 31191
1305 4605 1765 4691 superstitionis
1812 4602 1915 4667 sed
1963 4603 2261 4666 vanitatis
2307 4603 2416 4680 rei,
2466 4602 2573 4682 qui
2619 4601 2770 4663 haec
