3497 5147
323 384 451 462 [222]
531 400 615 439 nn
653 398 980 440 FRATEBNA
1019 398 1444 441 conmwrroum
1481 399 1944 442 ms‘rmeurmnA
1982 402 2062 442 AB
2101 402 2550 444 rnsrnncrronm
2663 392 2768 447 165

401 497 629 561 Paucos
656 497 868 560 autem
890 495 1107 578 reperi,
1141 495 1204 558 et
1228 495 1389 560 inter
1411 496 1525 560 hos
1549 495 1861 574 Valentia,
1889 499 1995 580 qui
2014 499 2131 563 rite
2156 500 2315 563 hanc
2340 502 2766 581 quaestionem

326 599 648 684 proponant
694 600 846 662 tom.
897 599 959 661 3.
978 597 1133 681 disp.
1183 599 1244 661 3.
1287 617 1346 679 q.
1393 600 1492 662 10.
1541 600 1750 682 punct.
1779 601 1861 662 2.:
1896 624 1930 659 α
1958 599 2024 664 Si
2072 620 2394 666 sumamus
2444 603 2766 684 aliquanto

322 701 493 766 latius
516 699 915 766 correctionis
963 699 1355 777 vocabulum,
1397 703 1470 765 ut
1508 701 1815 785 significet
1840 722 2294 784 quamcumque
2341 706 2768 771 commonitio-

321 822 462 880 nem,
487 822 608 885 qua
641 802 958 885 proximus
989 802 1355 885 simpliciter
1386 802 1450 866 in
1480 822 1546 867 re
1578 804 1789 885 aliqua
1821 804 2117 870 doceatur
2141 807 2486 884 veritatem,
2523 809 2763 872 certum

317 906 419 980 est,
454 904 676 989 corrigi
713 903 929 968 debere
962 904 1154 968 etiam
1186 923 1330 968 eum
1362 905 1476 968 etc.
1505 929 1539 962 »

397 1006 470 1070 Et
498 1006 725 1070 clarius
758 1004 985 1070 Suarez
1010 1006 1084 1068 cle
1119 1003 1317 1070 Garat.
1351 1005 1581 1088 disp.8.
1610 1007 1756 1071 sect.
1788 1010 1920 1071 2.n.
1950 1008 2032 1084 6.,
2060 1008 2136 1071 ad
2162 1011 2589 1090 quaestionem
2622 1036 2657 1069 «
2685 1031 2763 1077 an

316 1108 365 1172 si
392 1128 535 1191 opus
564 1108 778 1172 fratris
812 1109 896 1173 sit
925 1108 999 1172 de
1025 1129 1089 1173 se
1117 1110 1440 1191 peccatum
1470 1108 1755 1187 mortale,
1782 1109 1887 1174 ille
1921 1112 2133 1175 autem
2166 1115 2490 1177 excusetur
2516 1133 2552 1178 a
2577 1115 2763 1196 culpa

317 1212 543 1293 propter
588 1211 1028 1295 ignorantiam,
1078 1209 1344 1275 tenearis
1390 1211 1690 1292 corripere
1728 1234 1798 1274 »z
1848 1212 2221 1294 Respondet,
2279 1238 2314 1272 «
2363 1216 2762 1298 praeceptum

310 1311 635 1394 spiritualis
658 1312 1114 1378 misericordiae
1144 1312 1410 1395 proximi
1439 1332 1617 1395 posse
1641 1313 1866 1377 habere
1900 1313 2110 1379 locum
2143 1315 2205 1379 in
2231 1316 2348 1380 tali
2371 1317 2659 1395 materia,
2688 1318 2763 1381 ut

314 1414 485 1477 sentit
512 1432 560 1477 s,
588 1413 941 1478 Antoninus
974 1417 1133 1497 part.
1171 1417 1231 1477 2.
1260 1415 1361 1479 tit.
1397 1416 1456 1477 9.
1493 1433 1625 1496 cap.
1655 1413 1714 1477 6.
1754 1415 1820 1497 ἓ..
1846 1416 1930 1493 4.,
1972 1413 2286 1499 Sylvester
2324 1417 2401 1480 V.
2448 1416 2760 1482 Com-ectio

310 1515 440 1580 dub.
482 1518 579 1581 10.
622 1516 900 1601 Angelus
945 1517 1022 1580 V.
1068 1515 1381 1580 Cor-rectio
1427 1538 1487 1581 n.
1538 1517 1620 1594 6.;
1657 1517 1762 1581 sed
1809 1537 1929 1582 non
1978 1537 2109 1584 esse
2157 1521 2289 1583 tam
2337 1520 2755 1598 correctioniS,

308 1637 484 1699 quam
511 1619 699 1683 dandi
729 1620 972 1684 consilii
1007 1620 1105 1683 vel
1136 1620 1470 1684 doctrinae.
1505 1620 1642 1683 Hoc
1671 1620 1970 1683 ultimum
2002 1623 2210 1703 patet;
2253 1622 2401 1702 quia
2440 1623 2758 1703 proximus

307 1719 388 1783 ibi
415 1739 531 1785 non
566 1721 891 1804 delinquit,
926 1741 1122 1804 neque
1152 1723 1332 1805 perit.
1367 1721 1649 1786 Primum
1688 1740 1831 1786 vero
1865 1725 2140 1799 constat3
2176 1723 2324 1804 quia
2362 1723 2460 1787 est
2493 1723 2757 1806 proximi

309 1822 598 1902 quaedam
633 1823 901 1900 miseria,
935 1842 1094 1906 quae
1126 1843 1233 1906 per
1263 1823 1747 1887 misericordiam
1795 1823 2107 1888 sublevari
2145 1827 2353 1907 potest
2386 1828 2449 1888 et
2487 1825 2753 1889 debet».

395 1922 579 1988 Porro
609 1925 698 1988 sic
724 1926 1044 2008 proposita
1074 1925 1514 2005 controversia,
1541 1927 1605 1990 et
1640 1927 1777 2009 ipsa
1807 1925 1987 1991 facile
2019 1927 2323 1992 enodatur
2354 1930 2417 1992 et
2442 1928 2758 1993 tolluntur

301 2021 682 2090 diversitates
713 2026 1023 2110 opinandi,
1058 2028 1155 2092 sin
1185 2028 1391 2092 minus
1429 2027 1633 2109 quoad
1665 2029 2172 2111 quaestiunculas
2205 2049 2315 2093 seu
2351 2049 2533 2094 casus
2566 2030 2758 2112 parti-

295 2125 543 2204 culares,
577 2131 744 2193 certe
776 2128 981 2211 quoad
1011 2130 1325 2214 generalia
1357 2130 1676 2212 principia.

379 2225 556 2301 222.
584 2232 916 2298 Generalis
950 2236 1161 2298 autem
1185 2235 1486 2318 principia
1516 2234 1636 2299 huc
1660 2237 2047 2314 revocantur,
2081 2238 2156 2300 ut
2188 2237 2265 2300 ad
2298 2236 2751 2301 admonendum

299 2349 401 2395 nos
442 2333 762 2418 impellere
794 2336 1013 2400 debeat
1055 2339 1120 2400 1ο
1151 2337 1447 2401 damnum
1478 2337 1669 2415 tertii,
1705 2340 1776 2401 2⁰
1809 2324 2107 2402 damnum
2142 2338 2338 2420 ipsius
2376 2339 2745 2422 ignorantis,

294 2430 361 2496 3⁰
387 2437 772 2511 scandalum,
805 2438 874 2502 4ο
909 2439 1107 2505 honor
1138 2440 1270 2516 Dei,
1308 2441 1376 2504 5⁰
1407 2440 1805 2505 irreverentia
1841 2440 2178 2523 religionis.

378 2536 476 2603 Ita
506 2540 559 2604 si
597 2540 746 2623 quis
777 2559 848 2605 ex
878 2541 1234 2626 ignorantia
1270 2541 1612 2607 invincibili
1642 2561 1774 2607 rem
1823 2542 2089 2607 alienam
2121 2542 2375 2618 detinet,
2411 2543 2749 2609 monendus

294 2640 406 2717 est,
443 2644 514 2705 ut
557 2642 866 2708 damnum
910 2644 1253 2709 innocentis
1299 2644 1553 2709 vitetur.

375 2741 471 2806 Ita
501 2744 929 2809 admonendus
962 2748 1074 2822 est,
1109 2746 1218 2828 qui
1246 2745 1498 2829 ignorat
1527 2748 1870 2811 necessaria
1896 2748 1970 2811 ad
1996 2748 2283 2813 salutem.
2310 2745 2410 2813 Sic
2434 2748 2749 2814 Bonacina
2868 2757 2873 2760 ’

289 2842 329 2906 1.
366 2864 414 2909 c.
454 2866 526 2910 ex
558 2845 860 2921 Sanchez,
900 2847 1084 2924 Azor,
1118 2848 1385 2928 Bannez,
1419 2847 1722 2929 Navarro‚
1759 2850 2104 2934 Reginaldo
2137 2853 2251 2916 etc.

367 2948 488 3028 Ita,
514 2970 666 3017 cum
701 2950 967 3016 eruditio
988 2951 1329 3015 errantium
1354 2951 1440 3016 sit
1461 2951 1766 3033 quaedam
1789 2952 2175 3037 eleemosyna
2207 2954 2570 3037 spiritualiS,
2597 2955 2748 3019 haec

287 3069 527 3133 quoque
566 3073 684 3136 pro
733 3054 872 3119 loco
911 3055 977 3118 et
1010 3056 1286 3137 tempore
1324 3056 1387 3118 et
1433 3054 1573 3118 aliis
1604 3054 2088 3120 circumstantiis
2119 3057 2398 3139 proximo
2443 3056 2748 3141 indigenti

287 3151 694 3237 impendenda
743 3158 839 3221 est
884 3176 956 3221 ex
1001 3157 1281 3221 caritate.

365 3256 454 3320 Ex
487 3258 588 3322 his
621 3260 791 3323 recte
822 3259 1112 3324 Valentia
1138 3258 1180 3322 1.
1214 3278 1264 3322 c.
1299 3259 1565 3338 deducit,
1599 3258 1766 3342 quod
1795 3278 2038 3325 necesse
2070 3279 2194 3325 non
2224 3261 2309 3325 sit
2340 3261 2747 3326 commonefa-

275 3376 403 3422 cere
449 3380 620 3435 eum,
671 3361 786 3442 ‘qui
833 3380 903 3424 ex
948 3361 1289 3425 invincibili
1333 3361 1689 3445 ignorantia
1719 3362 1874 3426 iuris
1923 3363 2037 3426 aut
2073 3362 2221 3427 facti
2268 3363 2588 3445 quidpiam
2635 3364 2748 3428 aut

282 3457 426 3525 facit
472 3464 590 3526 aut
642 3462 907 3542 omittit,
941 3463 1105 3544 quod
1154 3463 1430 3544 alioquin
1478 3464 1638 3528 esset
1683 3464 1891 3542 letale,
1925 3464 1980 3528 si
2015 3464 2260 3527 nullum
2292 3463 2588 3528 damnum
2635 3466 2748 3528 aut

277 3559 752 3629 incommodum
794 3564 936 3629 inde
967 3566 1263 3647 sequatur
1309 3566 1422 3630 aut
1466 3566 1659 3629 etiam
1704 3566 1760 3629 si
1805 3583 1928 3629 non
1960 3565 2373 3629 continuetur.
2408 3565 2510 3628 Ita
2540 3585 2599 3628 v.
2649 3585 2741 3649 gr.

276 3663 328 3726 si
372 3668 624 3731 omittit
674 3686 922 3732 sacrum
953 3668 1051 3732 vel
1082 3668 1402 3745 ieiunium,
1437 3668 1585 3749 quia
1615 3668 1813 3732 nescit
1836 3686 1966 3731 esse
2000 3666 2163 3730 diem
2194 3666 2425 3731 festum
2472 3668 2585 3730 aut
2616 3686 2748 3751 per-

271 3767 581 3852 vigilium.
627 3769 799 3834 Nam
828 3789 1024 3852 neque
1056 3771 1156 3834 hic
1186 3773 1415 3853 peccat,
1450 3788 1558 3834 nec
1591 3788 1661 3832 ex
1698 3769 1809 3833 illo
1847 3767 2013 3833 facto
2044 3767 2410 3851 particulari
2442 3770 2741 3851 sequitur,

271 3870 341 3935 ut
382 3871 546 3936 alias
578 3872 675 3937 sit
707 3874 1093 3954 peccaturus,

352 3973 544 4041 Secus
594 3977 657 4041 si
706 3976 899 4041 instet
944 3977 1239 4042 damnum
1272 3976 1464 4053 tertii,
1512 3996 1569 4059 v.
1605 3996 1698 4060 gr.
1750 3976 1803 4040 si
1835 3974 2048 4053 sciam,
2090 3976 2445 4059 quempiam
2483 3977 2640 4041 velle
2671 3977 2744 4040 de

269 4073 606 4144 homicidio
643 4097 938 4143 accusare
973 4079 1381 4156 innocentem,
1416 4097 1600 4160 quem
1631 4078 2071 4143 invincibiliter
2102 4078 2288 4162 putat
2323 4097 2517 4142 reum.

350 4181 534 4246 Hanc
571 4183 644 4245 in
681 4200 816 4245 rem
847 4182 1049 4246 Diana
1080 4183 1232 4245 tom.
1288 4182 1344 4245 7.
1380 4182 1458 4244 tr.
1493 4182 1553 4244 4.
1596 4182 1776 4246 resol.
1812 4182 1917 4245 32.
1955 4181 2191 4265 allegat
2238 4181 2360 4244 ista
2410 4201 2481 4246 ex
2512 4181 2742 4247 Oviedo

268 4281 419 4349 alios
466 4284 837 4369 allegante:
877 4309 913 4343 ‹
943 4284 1103 4348 Mihi
1150 4286 1359 4349 tamen
1409 4284 1583 4349 valde
1615 4284 1932 4367 probabile
1969 4285 2084 4362 est,
2118 4283 2453 4363 hominem,
2488 4284 2595 4367 qui
2643 4284 2746 4349 ad-

267 4389 451 4451 vertit
482 4409 544 4453 v.
582 4408 687 4473 gr.
727 4387 1017 4452 clericum
1048 4408 1119 4453 ex
1167 4388 1472 4453 oblivione
1521 4388 1808 4451 omittere
1855 4387 2039 4451 horas
2078 4387 2457 4469 vespertinas
2492 4388 2605 4451 aut
2649 4407 2745 4452 co-

265 4490 618 4557 medentem
681 4508 899 4555 carnes
954 4491 1051 4555 die
1114 4491 1350 4556 veneris
1407 4490 1636 4571 absque
1699 4490 1967 4554 aliorum
2020 4488 2330 4565 scandalo,
2380 4508 2503 4553 non
2550 4490 2742 4552 teneri

266 4591 445 4659 illum
491 4611 784 4659 monere.
835 4594 1020 4659 Ratio
1067 4595 1195 4669 est3
1245 4593 1393 4675 quia
1441 4592 1517 4655 ad
1563 4593 1681 4656 hoc
1728 4610 1848 4655 non
1896 4594 2142 4655 tenetur
2189 4593 2511 4674 praecepto
2550 4608 2743 4653 corre-
