3497 5147
330 341 471 410 [396]
1212 356 1632 401 8808111101οκ
1671 357 1912 400 nocam
2681 347 2787 402 291

327 454 631 518 lutionem
658 453 777 518 loci
801 454 977 530 sacri,
1005 455 1249 519 nomine
1284 454 1573 519 ecclesiae
1605 454 1774 518 venit
1798 454 2002 518 solum
2034 454 2306 519 ambitus
2337 456 2458 521 loci
2481 457 2786 522 benedicti

331 576 399 622 ac
428 556 715 640 deputati
746 556 824 620 ad
856 557 1061 621 divina
1088 557 1290 621 officia
1331 559 1441 621 aut
1476 556 1552 619 ad
1586 559 1866 621 mortuos
1906 557 2281 639 sepeliendos
2321 578 2357 621 a
2391 560 2555 624 tecto
2592 578 2787 641 11811110

330 659 405 725 811
451 659 898 741 pavimentum.
946 658 1086 723 Non
1133 659 1732 742 comprehenduntur
1781 659 1992 722 autem
2039 659 2249 735 cellae,
2290 660 2653 737 claustrum,
2694 680 2788 725 sa-

328 760 556 836 cristia,
607 759 1061 837 dormitorium,
1119 763 1353 825 tectum
1411 780 1597 843 supra
1661 761 1999 836 ecclesiam,
2049 764 2161 825 8111
2215 763 2504 846 spelunca
2561 764 2782 827 subtus

328 862 665 938 ecclesiam,
700 862 889 925 turris
921 862 1336 945 campanaria,
1372 863 1605 926 atrium
1630 863 1741 925 aut
1773 864 1959 926 ianua
1991 865 2164 927 extra
2201 864 2538 929 ecclesiam.
2572 865 2783 950 Ligor.

326 964 430 1028 lib.
464 965 527 1027 3.
568 985 627 1029 n.
661 964 814 1027 460.

413 1067 583 1146 Quae
632 1068 843 1130 autem
890 1067 1026 1131 loca
1073 1069 1434 1131 censeantur
1479 1087 1655 1132 sacra
1700 1068 1906 1149 quoad
1935 1070 2408 1143 inemendatam,
2443 1089 2585 1135 mox
2624 1070 2785 1135 dice-

328 1189 481 1245 muS,
520 1169 625 1232 ubi
671 1168 745 1232 de
795 1169 953 1253 asyli
1002 1169 1357 1233 violatione.

408 1267 587 1342 395.
636 1271 872 1335 Auctor
919 1271 1184 1335 breviter
1228 1273 1292 1335 et
1337 1271 1586 1335 confuse
1631 1273 1912 1356 congerit
1954 1293 2135 1338 casus
2180 1274 2503 1355 quosdam,
2556 1275 2783 1356 quibus

328 1373 584 1439 violatio
632 1373 756 1437 loci
803 1373 964 1437 sacri
1009 1373 1333 1457 contingit.
1385 1375 1683 1439 Doctores
1746 1378 1958 1439 autem
2015 1376 2287 1440 actiones
2347 1376 2650 1441 eiusmodi
2704 1377 2783 1440 ad

327 1477 547 1560 triplex
591 1494 786 1560 genus
832 1476 1194 1553 revocandO,
1228 1479 1520 1541 statuunt
1564 1478 1701 1542 loca
1751 1498 1925 1543 sacra
1973 1479 2194 1543 violari
2231 1477 2294 1542 1⁰
2327 1480 2657 1562 polluendo
2693 1500 2782 1545 ec·

326 1579 577 1644 clesiam
613 1578 710 1642 vel
740 1578 1203 1642 coemeterium:
1247 1580 1315 1641 2ο
1347 1580 1675 1644 exercendo
1725 1580 1996 1645 actiones
2044 1582 2352 1663 profanas,
2389 1600 2547 1663 quae
2579 1582 2678 1646 vel
2712 1601 2783 1646 ex

326 1684 551 1747 natura
582 1700 694 1745 sua
727 1681 825 1744 vel
858 1700 930 1743 01
961 1680 1114 1744 111118
1138 1678 1430 1745 Canonici
1455 1681 1870 1764 prohibitione
1901 1684 2251 1765 repugnant
2274 1682 2395 1749 loci
2429 1683 2778 1747 sanctitati:

329 1784 394 1846 3⁰
428 1782 715 1848 violando
752 1782 1216 1846 immunitatem
1263 1782 1551 1848 ecclesiae
1584 1786 1696 1848 aut
1745 1783 2000 1848 alterius
2034 1784 2154 1848 loci
2186 1783 2363 1847 sacri.
2394 1785 2484 1848 De
2520 1785 2782 1868 singulis

332 1885 637 1967 agendum
665 1885 1010 1949 seiunctim.
1045 1884 1222 1964 Quod
1255 1885 1577 1969 sacrilegio
1614 1885 1799 1950 locali
1837 1890 2114 1950 accenset
2145 1886 2400 1962 Auctor,
2435 1887 2487 1951 si
2518 1889 2782 1953 materia
2895 1932 2900 1938 -

324 1988 615 2052 ecclesiae
650 1988 746 2052 vel
790 1987 879 2051 rei
925 2006 1134 2052 sacrae
1188 1987 1266 2051 ad
1313 2005 1461 2052 usus
1507 1988 1800 2069 profanos
1848 1990 2265 2065 convertatur,
2313 1986 2375 2052 id
2434 1989 2656 2054 melius
2703 1990 2783 2054 ad

324 2090 719 2175 sacrilegium
764 2090 927 2155 reale
974 2093 1299 2154 revocatur
1344 2090 1517 2153 iuxta
1566 2092 1786 2154 notata
1825 2109 1960 2173 sup.
1996 2112 2054 2154 n.
2095 2093 2241 2155 132.

400 2192 615 2258 Pollui
660 2211 769 2257 seu
815 2192 1037 2256 violari
1082 2194 1364 2256 censetur
1408 2192 1681 2269 ecclesia,
1716 2212 1839 2257 non
1887 2193 2067 2275 quasi
2112 2195 2488 2276 quibusdam
2536 2197 2776 2261 actibus

316 2315 497 2360 suam
545 2295 801 2358 amittat
846 2294 1242 2358 sanctitatem
1289 2294 1562 2371 ecclesia,
1602 2296 1707 2359 sed
1754 2295 1900 2377 quia
1950 2297 2174 2360 morali
2221 2298 2545 2362 hominum
2593 2299 2779 2363 aesti-

312 2399 592 2464 matione
625 2398 906 2462 indecens
936 2399 1281 2481 reputatur,
1316 2400 1387 2462 ut
1418 2397 1623 2462 hostia
1656 2398 2061 2463 immaculata
2093 2401 2154 2463 et
2184 2400 2462 2465 divinum
2507 2401 2779 2467 officium

314 2502 613 2567 offeratur
658 2500 720 2564 in
767 2501 901 2565 loco
934 2500 1261 2565 sceleribus
1302 2500 1745 2578 contaminato,
1785 2503 2118 2584 antequam
2158 2503 2287 2568 eius
2334 2503 2454 2568 loci
2488 2505 2779 2588 purgatio

311 2607 441 2671 fiat.
476 2606 690 2690 Igitur
733 2603 929 2685 pollui
975 2604 1038 2668 in
1082 2622 1302 2687 genere
1334 2605 1482 2669 tunc
1530 2603 1781 2668 00010818
1815 2604 2060 2681 dicitur,
2095 2606 2340 2687 quando
2372 2608 2660 2671 manente
2693 2607 2779 2671 in-

310 2713 487 2794 tegra
521 2709 661 2773 eius
691 2708 893 2772 forma
924 2709 987 2771 et
1016 2706 1493 2782 consecratione,
1525 2706 1579 2770 si
1614 2726 1754 2770 eam
1783 2708 2021 2785 habuit,
2057 2708 2119 2772 in
2158 2728 2229 2773 ea
2263 2710 2486 2774 accidit
2521 2710 2775 2793 aliquid,

309 2811 476 2892 quod
526 2831 565 2875 a
614 2809 737 2874 loci
769 2809 1100 2875 sanctitate
1138 2808 1402 2873 maxime
1433 2812 1528 2872 est
1560 2809 1833 2873 alienum
1865 2811 1927 2873 et
1973 2810 2036 2874 in
2072 2811 2348 2876 fidelium
2388 2813 2610 2877 animis
2640 2814 2778 2878 hor-

306 2933 512 2979 rorem
563 2914 844 2998 generat‚
879 2913 950 2976 ut
995 2912 1058 2976 in
1104 2911 1272 2975 illius
1318 2910 1793 2975 detestationem
1826 2911 2034 2976 divina
2066 2913 2360 2978 celebrari
2405 2915 2468 2978 in
2518 2915 2652 2996 ipsa
2683 2934 2773 2980 ec-

304 3018 494 3081 clesia
527 3036 617 3081 ss.
644 3014 924 3086 08801108
956 3013 1399 3097 prohibuerint,
1440 3013 1631 3078 donec
1667 3014 1857 3080 sacris
1887 3014 2111 3079 ritibus
2135 3016 2530 3082 reconciliata
2566 3016 2773 3082 fuerit.

298 3118 378 3182 Et
426 3120 495 3183 hi
547 3116 838 3182 Canones
875 3116 1122 3199 quidem
1169 3115 1523 3181 huiusmodi
1562 3115 1833 3181 actiones
1871 3116 2097 3182 directe
2128 3137 2250 3182 non
2291 3117 2636 3201 prohibent,
2670 3118 2776 3183 sed

296 3222 736 3305 supponentes
767 3239 870 3283 088
903 3237 1031 3283 0880
1063 3219 1198 3283 1000
1246 3237 1419 3284 88010
1468 3219 1995 3284 indecentissimas
2041 3221 2331 3283 statuunt
2366 3239 2474 3302 per
2505 3239 2608 3284 eas
2640 3221 2776 3286 loca

295 3342 473 3388 sacra
524 3322 733 3406 pollui
780 3324 842 3385 et
887 3321 1022 3385 ideo
1071 3340 1190 3385 non
1236 3340 1413 3402 posse
1460 3321 1523 3384 in
1570 3321 1645 3385 iis
1691 3321 1900 3386 divina
1964 3322 2276 3399 celebrari,
2327 3321 2518 3387 donec
2572 3341 2779 3388 recon-

295 3425 622 3490 cilientur.
672 3423 848 3502 Quod
903 3424 1064 3488 certe
1129 3422 1297 3487 valet
1342 3422 1405 3485 in
1452 3422 1666 3503 primis
1714 3423 1915 3486 tribus
1972 3423 2171 3487 modis
2228 3441 2371 3487 mox
2423 3423 2773 3503 referendis,

296 3530 529 3610 quibus
602 3526 856 3591 ecclesia
919 3525 1207 3590 violatur.
1257 3523 1350 3588 Cf.
1400 3523 1624 3588 Suarez
1680 3523 1756 3588 de
1802 3525 2012 3606 Reliy.
2062 3526 2244 3588 tract.
2295 3526 2355 3587 2.
2405 3524 2447 3587 l.
2497 3525 2559 3588 3.
2609 3544 2662 3588 c.
2712 3528 2772 3588 2.

291 3650 350 3693 n.
386 3631 450 3694 6.
488 3650 671 3712 seqq.

378 3734 474 3797 Ex
508 3751 645 3815 quo
681 3731 980 3812 sequitur,
1018 3730 1417 3812 praecipuum
1455 3728 1818 3810 pollutionis
1866 3728 2148 3791 effectum
2194 3746 2345 3804 esse,
2385 3728 2549 3810 quod
2581 3728 2646 3792 in
2678 3747 2775 3792 ec-

288 3835 483 3900 clesia
532 3835 810 3919 polluta,
859 3833 1049 3898 donec
1094 3833 1537 3911 reconcilietur,
1588 3850 1711 3897 non
1757 3832 1998 3915 possint
2042 3831 2334 3896 celebrari
2379 3832 2608 3896 divina.
2655 3830 2775 3912 Qui

289 3940 507 4005 tamen
547 3937 940 4004 contrarium
973 3939 1203 4021 ageret,
1240 3936 1559 4000 temerarie
1597 3935 1845 4018 quidem
1893 3937 2104 4018 ageret
2150 3936 2212 3999 et
2261 3936 2612 4001 mortaliter
2643 3956 2774 4019 pec-

286 4047 490 4108 caret:
558 4040 811 4106 nullam
866 4042 1075 4104 tamen
1130 4039 1654 4124 irregularitatem
1701 4039 1799 4102 vel
1846 4058 2168 4103 censuram
2212 4039 2577 4114 incurreret;
2627 4040 2773 4121 quia

284 4144 745 4231 irregularitas
788 4161 912 4207 non
956 4142 1292 4207 incurritur
1337 4143 1467 4207 sine
1513 4144 1723 4206 textu:
1773 4144 1979 4206 textus
2028 4143 2258 4218 autem,
2306 4142 2415 4223 qui
2459 4141 2771 4207 insinuare

284 4248 593 4314 videntur
637 4245 1164 4328 irregularitatem
1210 4244 1459 4320 incurri,
1491 4245 1834 4327 loquuntur
1866 4244 1938 4308 de
1977 4244 2229 4309 ecclesia
2259 4243 2615 4320 interdicta,
2648 4263 2772 4310 non

285 4352 483 4415 etiam
534 4350 621 4413 de
674 4348 935 4430 polluta.
975 4346 1352 4432 Schmalzgr.
1388 4348 1460 4411 In
1496 4347 1603 4411 lib.
1639 4347 1699 4410 3.
1735 4347 1835 4410 tit.
1876 4346 1981 4410 40.
2017 4367 2076 4409 11.
2113 4345 2360 4409 {ia-64.

366 4450 559 4526 396.
598 4449 806 4516 Nota:
856 4450 1025 4515 aliud
1072 4470 1203 4515 esse
1251 4450 1448 4533 pollui
1494 4449 1835 4526 ecclesiam,
1871 4448 2038 4514 aliud
2087 4449 2148 4512 in
2186 4468 2258 4512 ea
2306 4448 2557 4512 admitti
2588 4450 2772 4512 sacri-

283 4555 551 4641 legium,
594 4552 772 4636 quod
802 4552 1012 4618 adesse
1048 4553 1296 4636 poterit,
1330 4553 1576 4618 etiamsi
1613 4552 1870 4617 ecclesia
1915 4570 2036 4615 nou
2074 4550 2410 4633 polluatur,
2453 4551 2549 4614 uti
2581 4571 2640 4614 v.
2673 4569 2768 4633 gr.
