3497 5147
396 343 578 419 [1098]
828 355 981 403 Qum
1019 354 1112 397 srr
1149 357 1226 396 m
1264 355 1439 403 QUAM
1476 355 1686 397 (imvm
1724 353 2047 397 moenum
2085 353 2430 395 marruci-10
2754 340 2864 396 815

492 453 672 534 Quod
718 453 772 518 si
820 453 1085 518 alicuius
1115 471 1411 536 personae
1442 453 1728 517 mortuae
1761 450 2073 516 coniuncti
2122 450 2321 515 adhuc
2359 451 2575 515 vivant
2607 450 2862 533 ideoque

400 556 660 622 infamia
691 555 928 620 mortui
950 555 1014 619 in
1048 555 1180 619 eius
1212 554 1516 619 familiam
1549 554 1757 619 eiusve
1795 557 2074 638 posteros
2111 554 2430 631 redundet,
2465 554 2863 619 manifestum

400 661 497 725 est
529 657 863 743 aggravari
895 659 1237 740 peccatum,
1274 659 1527 740 propter
1557 657 1870 734 iniuriam,
1920 676 2078 739 quae
2111 657 2461 721 viventibus
2494 675 2738 738 quoque
2769 657 2861 721 fit.

495 760 916 824 Veruntamen
951 760 1233 841 quaestio
1258 759 1495 823 moveri
1533 759 1692 823 solet
1724 760 1928 841 quoad
1975 760 2325 832 historicos,
2361 779 2439 823 an
2469 759 2596 823 illis
2630 759 2864 840 aliquid

401 864 542 949 plus
573 862 761 927 liceat
798 880 989 944 quam
1035 861 1273 926 ceteris.
1311 862 1467 937 DD.‚
1502 862 1593 925 ait
1630 861 1808 947 Lugo
1841 862 1998 945 disp.
2037 862 2140 926 cit.
2183 882 2243 926 n.
2280 862 2406 940 87„
2456 862 2867 926 communiter

403 966 679 1047 aliquam
707 963 1007 1029 maiorem
1031 963 1374 1028 concedunt
1396 963 1710 1028 licentiam
1736 964 1942 1045 quoad
1967 964 2081 1028 hoc
2113 963 2409 1028 historiae
2440 964 2863 1047 scriptoribuS,

402 1085 592 1149 quam
632 1066 791 1130 aliis.
828 1065 1018 1129 Ratio
1051 1066 1165 1142 est,
1201 1066 1347 1147 quia
1389 1065 1536 1129 talis
1569 1066 1846 1130 narratio
1878 1066 2207 1130 criminum
2255 1067 2552 1144 veterum,
2581 1084 2867 1130 verorum

408 1168 626 1249 utique
659 1167 764 1231 sed
799 1187 959 1231 nunc
991 1186 1028 1231 a
1077 1168 1306 1232 notitia
1336 1167 1583 1252 publica
1616 1167 2085 1240 subductorum‚
2121 1167 2387 1232 utilitati
2419 1166 2700 1249 publicae
2731 1186 2871 1232 con-

406 1269 625 1334 ducere
658 1271 884 1353 potest,
919 1272 1075 1351 puta
1100 1269 1175 1333 ad
1202 1269 1586 1333 excitandam
1624 1269 2153 1334 abominationem
2177 1270 2507 1334 criminum
2537 1270 2650 1333 aut
2682 1269 2871 1332 terro·

405 1390 536 1436 rem
572 1371 998 1436 incutiendum
1030 1371 1128 1436 vel
1153 1371 1230 1437 ad
1263 1372 1738 1437 commovendos
1772 1372 2074 1456 principes
2108 1371 2184 1436 ad
2217 1391 2431 1437 eorum
2463 1370 2869 1455 punitionem,

408 1474 670 1539 ostensis
693 1472 938 1538 damnis
969 1474 1110 1538 inde
1156 1474 1412 1551 secutis;
1462 1475 1750 1556 quamvis
1781 1474 2109 1557 prudentia
2157 1474 2500 1539 adhibenda
2547 1473 2631 1538 sit
2676 1475 2740 1538 et
2786 1474 2873 1538 vi-

406 1575 695 1652 dendum,
746 1595 824 1639 an
870 1576 1021 1640 haec
1067 1576 1313 1640 utilitas
1362 1576 1664 1640 lectorum
1712 1576 2160 1659 praeponderet
2206 1576 2431 1641 damno
2463 1578 2527 1640 et
2556 1575 2867 1653 infamiae,

406 1696 598 1759 quam
628 1677 789 1742 forte
821 1678 1107 1742 subitura
1144 1678 1229 1742 sit
1266 1678 1554 1760 prosapia
1584 1677 1777 1753 illius,
1812 1679 1986 1741 cuius
2025 1678 2282 1741 crimina
2314 1681 2667 1742 narrantur.

498 1779 787 1844 Advertit
818 1779 995 1866 Lugo
1029 1801 1089 1844 n.
1141 1781 1267 1856 88„
1303 1780 1468 1862 quod
1507 1779 1561 1844 si
1598 1799 1694 1844 res
1741 1780 1893 1845 bene
1939 1780 2379 1855 consideretur,
2413 1780 2476 1843 id
2508 1779 2673 1862 quod
2704 1781 2870 1844 intra

409 1882 523 1946 hos
554 1883 786 1947 limites
816 1883 1172 1948 conceditur
1219 1883 1516 1947 historiae
1562 1883 1967 1967 scriptoribus
2006 1902 2218 1966 reapse
2256 1885 2318 1948 et
2350 1901 2459 1966 pro
2493 1884 2633 1948 aliis
2681 1883 2868 1961 valet,

409 1984 633 2066 quibus
664 1986 915 2068 propter
946 1985 1191 2050 easdem
1221 1986 1493 2050 rationes
1541 1984 1687 2049 licet
1712 1986 1792 2050 ob
1823 1986 2055 2050 bonum
2085 2003 2410 2049 commune
2448 1985 2872 2050 transmittere

411 2087 489 2152 ad
526 2088 661 2151 loca
692 2089 935 2153 remota
965 2088 1257 2153 notitiam
1290 2087 1584 2165 criminis,
1635 2088 1799 2169 quod
1846 2089 1962 2153 hac
1995 2088 2059 2152 in
2091 2088 2240 2152 urbe
2285 2088 2604 2169 publicum
2636 2088 2749 2163 est,
2799 2089 2873 2152 ut

411 2190 575 2271 apud
612 2189 768 2254 alios
800 2190 1024 2255 terrori
1061 2191 1125 2254 et
1158 2190 1433 2272 exemplo
1474 2191 1575 2254 sit.

501 2291 615 2357 Sed
662 2294 821 2359 forte
855 2294 978 2358 alia
1009 2294 1171 2358 ratio
1219 2314 1329 2377 pro
1363 2294 1673 2359 historicis
1723 2295 2010 2360 occurrit.
2045 2292 2369 2380 Contingit
2415 2294 2598 2371 enim,
2648 2293 2872 2359 saltem

409 2395 777 2477 frequenter,
818 2397 982 2478 quod
1014 2397 1243 2461 crimen
1291 2396 1542 2479 aliquod
1589 2399 1928 2475 vetustum,
1964 2417 2034 2461 ex
2066 2397 2450 2462 documentis
2496 2397 2680 2461 modo
2714 2396 2876 2460 dete-

409 2500 601 2578 ctum,
657 2499 962 2564 conducat
1009 2500 1086 2563 ad
1133 2499 1490 2584 explicanda
1538 2500 1718 2585 plura
1765 2499 1950 2578 facta,
2017 2499 2093 2563 ad
2154 2499 2522 2564 reddendam
2570 2498 2873 2563 rationem

410 2620 645 2678 eorum,
679 2621 838 2684 quae
876 2602 1175 2667 hactenus
1207 2604 1413 2667 minus
1445 2604 1761 2668 credibilia
1798 2603 2167 2667 videbantur
2197 2604 2404 2685 sicque
2436 2621 2650 2667 eorum
2680 2601 2875 2666 mani·

411 2701 663 2767 festatio
701 2702 978 2768 conferat
1009 2704 1083 2768 ad
1124 2705 1568 2787 plenitudinem
1602 2706 1920 2780 historiae,
1959 2725 2117 2788 quae
2166 2724 2284 2770 non
2332 2705 2466 2769 sola
2519 2704 2874 2769 narratione

410 2803 720 2869 factorum
770 2804 874 2869 sed
921 2806 1199 2888 ipsorum
1246 2826 1491 2889 quoque
1536 2826 1868 2872 causarum
1906 2808 2285 2897 expositione
2316 2807 2689 2872 continetur.
2736 2806 2873 2870 Iam

411 2925 556 2971 vero
589 2907 908 2989 plenitudo
947 2907 1246 2973 historiae
1277 2911 1373 2973 est
1404 2910 1717 2991 quoddam
1751 2928 2075 2975 commune
2105 2912 2358 2987 bonum,
2392 2908 2557 2992 quod
2595 2909 2873 2973 homines

410 3009 759 3094 generatim
804 3011 1018 3096 magni
1058 3010 1314 3088 faciunt,
1364 3011 1513 3077 dum
1560 3012 1924 3096 praesertim
1955 3014 2163 3078 studia
2208 3013 2507 3078 historica
2545 3013 2766 3077 florent
2812 3013 2876 3076 et

411 3115 559 3178 sunt
604 3113 668 3177 in
717 3113 968 3179 honore.
1025 3113 1309 3179 Profecto
1359 3134 1429 3179 ea
1477 3116 1723 3179 cautela
1786 3116 2069 3198 superius
2123 3118 2469 3180 memorata
2531 3114 2875 3179 adhibenda

413 3233 651 3299 semper
676 3218 789 3296 est,
817 3236 893 3282 116
916 3217 1121 3281 maius
1156 3218 1241 3282 sit
1264 3217 1578 3295 damnum,
1606 3218 1771 3300 quod
1803 3217 2154 3283 viventibus
2187 3217 2345 3281 forte
2377 3217 2660 3294 infertur,
2687 3236 2874 3301 quam

411 3317 645 3383 bonum
690 3319 848 3382 illud
895 3318 1213 3401 publicum
1268 3320 1433 3400 quod
1472 3322 1784 3401 speratur3
1835 3338 1992 3400 quae
2045 3321 2248 3382 tamen
2296 3319 2515 3402 regula
2560 3321 2766 3384 solum
2811 3321 2875 3385 in

413 3419 692 3485 historiis
716 3420 1076 3484 recentioris
1103 3421 1329 3484 aetatis
1352 3421 1560 3485 locum
1585 3421 1857 3485 habebit.
1898 3422 2067 3485 Haec
2101 3422 2309 3484 tamen
2340 3422 2558 3505 regula
2590 3423 2876 3506 ampliari

416 3521 655 3602 potest:
706 3521 1047 3586 cavendum
1094 3524 1190 3586 est
1235 3522 1472 3587 scilicet
1518 3523 1729 3599 etiam,
1773 3542 1846 3587 ne
1893 3524 2266 3587 revelatione
2314 3522 2588 3586 criminis
2628 3526 2873 3601 occulti,

416 3621 605 3686 alicui
638 3623 838 3688 ordini
868 3624 1102 3702 sociali,
1143 3625 1297 3705 puta
1331 3624 1719 3700 sacerdotali,
1761 3624 2224 3708 Episcoporum‚
2259 3625 2686 3689 Romanorum
2722 3625 2879 3690 Pon-

417 3723 659 3788 tificum
687 3725 782 3789 ita
818 3726 1203 3803 detrahatur,
1237 3727 1312 3791 ut
1340 3727 1544 3791 maius
1577 3727 1661 3790 sit
1692 3726 2052 3791 scandalum
2086 3728 2389 3803 futurum,
2423 3745 2613 3808 quam
2647 3727 2876 3792 1161111111

414 3828 915 3892 consecuturum.

504 3925 570 3991 Si
617 3929 767 3993 haec
814 3933 1169 4009 caveantur,
1219 3935 1373 4016 puto
1420 3951 1542 3996 non
1594 3951 1725 3996 esse
1765 3932 2199 4015 inquietandos
2252 3932 2602 4006 histori008‚
2651 3933 2760 4014 qui
2807 3953 2878 3997 ex

417 4048 628 4095 amore
675 4031 958 4097 veritatis
1006 4032 1196 4110 ducti,
1248 4036 1323 4100 ut
1368 4035 1612 4118 plenam
1659 4054 1868 4099 rerum
1914 4035 2240 4100 historiam
2278 4035 2756 4116 repraesentent,
2807 4055 2878 4100 ea

418 4133 645 4207 omnia,
696 4134 826 4199 sive
872 4135 1033 4199 bona
1081 4136 1209 4200 sive
1258 4137 1425 4201 mala
1470 4138 1765 4213 referunt,
1828 4156 1987 4219 quae
2043 4157 2113 4202 ex
2158 4137 2578 4202 monumentis
2625 4138 2880 4219 conqui-

413 4235 553 4300 sitis
579 4236 942 4302 hauserunt.
971 4237 1317 4314 Praeterea,
1354 4258 1494 4302 cum
1526 4242 1740 4305 nostra
1777 4241 1982 4304 aetate
2016 4241 2289 4306 archivia
2327 4241 2517 4306 etiam
2550 4240 2880 4306 secretiora

416 4338 704 4403 omnibus
743 4339 1043 4405 studiosis
1089 4339 1269 4404 facile
1309 4343 1584 4422 pateant,
1618 4342 1892 4406 dubitari
1941 4346 2149 4426 potest
2187 4363 2265 4408 an
2311 4343 2430 4408 dici
2478 4343 2741 4408 debeant
2787 4362 2882 4407 66-

412 4440 585 4504 culta
623 4435 909 4520 crimina,
943 4461 1103 4524 quae
1134 4441 1198 4504 in
1230 4442 1306 4506 iis
1344 4443 1606 4507 vetustis
1639 4445 1872 4508 chartis
1906 4447 2319 4510 continentur.

506 4539 717 4615 1098.
751 4546 848 4610 An
875 4565 945 4609 ex
983 4545 1230 4610 iustitia
1263 4547 1583 4611 teneamur
1613 4567 1736 4612 non
1769 4547 2008 4613 laedere
2040 4549 2274 4613 famam
2299 4549 2571 4614 defuncti
2602 4549 2884 4616 damnati

318 4651 323 4656 ’
412 4643 582 4726 (quis
619 4647 687 4712 id
720 4650 888 4714 certo
928 4647 1105 4713 novit
1129 4650 1206 4732 Ρ),
1233 4647 1512 4730 disputat
1550 4649 1728 4734 Lugo
1762 4671 1862 4714 nn.
1903 4652 2141 4715 46.-47.
2179 4652 2389 4734 aitque
2420 4652 2537 4717 sibi
2562 4671 2878 4733 nunquam
