3497 5147
715 341 826 395 488
861 354 1072 395 macr.
1104 354 1183 396 vx.
1211 352 1373 394 sacr.
1401 353 1465 394 11.
1491 354 1576 393 mr
1600 351 1880 394 sneunno
1904 350 2119 393 raam
2139 350 2468 393 mmmm.
2487 350 2619 392 car.
2641 349 2729 390 111.
2755 349 2897 390 mm.
2926 349 3008 391 1v.
3039 333 3188 409 [637]

828 451 1047 504 XXXV.
1078 451 1160 502 40.
1190 450 1318 502 Vota
1346 448 1494 503 realia
1523 450 1759 503 solvenda
1788 454 1900 501 sunt
1926 462 1986 501 ex
2015 446 2247 513 proprio:
2274 448 2402 500 unde
2428 445 2510 513 qui
2550 444 2717 511 nequit
2755 460 2818 498 ex
2862 459 2971 508 suo,
2996 459 3092 497 non
3121 451 3190 496 le·

718 543 865 589 netur
902 537 963 586 ab
989 533 1085 587 alio
1116 533 1407 587 mendicare.
1438 535 1581 601 Quod
1609 532 1653 586 si
1679 532 1837 600 possit
1875 547 1934 585 ex
1965 546 2056 585 suo
2084 539 2132 585 et
2159 538 2318 585 tamen
2347 530 2474 584 alius
2506 529 2612 584 sive
2647 535 2854 593 rogatus
2882 527 2990 581 sive
3017 534 3189 593 sponte

718 634 811 686 pro
837 618 944 684 ipso
977 617 1095 671 velit
1120 620 1332 683 solvere,
1364 617 1412 671 id
1440 620 1600 685 valct;
1629 617 1738 683 quia
1767 625 1880 669 tunc
1906 617 2036 682 quod
2077 618 2199 669 alter
2224 618 2325 681 dat,
2352 617 2405 668 sst
2427 613 2610 680 ipsius:
2639 627 2735 667 non
2761 621 2925 665 autem
2972 612 3099 666 actio
3127 615 3191 664 al-

716 703 873 757 terius
910 688 1149 770 personae
1189 710 1349 769 potest
1383 702 1488 756 fleri
1529 702 1748 755 alterius.
1781 703 1842 755 V.
1866 699 1989 755 ibid.

810 820 982 894 637.
1011 824 1269 890 Addunt
1293 825 1430 889 DD.
1458 825 1741 889 sufficere
1767 824 2265 902 ratificationem,
2293 822 2538 905 quando
2565 823 2727 888 alius
2760 841 2871 905 pro
2905 823 3049 894 alio,
3075 824 3190 888 hoc

720 928 914 992 inscio
948 927 1282 992 satisfecit:
1321 945 1652 991 consensus
1692 927 1855 990 enim
1903 928 1965 991 et
1998 925 2362 991 ratihabitio
2411 945 2669 1008 sequens
2705 929 2999 1009 operatur
3030 926 3189 990 idem

724 1049 797 1093 ao
834 1031 887 1093 si
918 1030 1090 1114 prius
1125 1029 1426 1094 scivisset.

814 1130 1013 1209 Certe,
1046 1134 1121 1196 ut
1156 1132 1362 1213 inquit
1393 1151 1442 1196 s.
1480 1131 1664 1215 Alph.
1701 1151 1761 1194 n.
1799 1130 1970 1208 217„
2005 1130 2120 1195 hoc
2157 1130 2342 1195 modo
2375 1132 2702 1194 censentur
2733 1129 3028 1213 impletae
3061 1148 3193 1214 pro·

722 1234 1045 1298 missiones
1093 1233 1293 1298 factae
1330 1234 1600 1308 hominiz
1652 1252 1800 1320 ergo
1827 1235 1888 1297 et
1921 1232 2360 1315 promissiones
2392 1233 2522 1296 Deo
2562 1232 2764 1296 factae
2813 1234 3074 1315 possunt
3105 1232 3190 1295 sic

722 1335 987 1418 impleri.

815 1438 990 1524 Gury
1023 1440 1175 1504 tom.
1207 1440 1264 1503 1.
1294 1439 1352 1522 g.
1388 1439 1538 1502 328.
1567 1458 1626 1501 n.
1668 1439 1722 1500 1.
1754 1436 1926 1501 addit
1958 1437 2110 1501 heic.
2151 1461 2187 1496 ⁴<
2212 1436 2455 1520 Excipe,
2483 1437 2536 1502 si
2559 1437 2826 1501 materia
2851 1437 2988 1501 voti
3011 1436 3191 1500 realis

720 1541 915 1604 fuerit
950 1540 1388 1616 determinata3
1424 1542 1575 1604 tunc
1606 1539 1768 1603 enim
1802 1540 1865 1603 in
1899 1538 2224 1603 individuo
2256 1539 2567 1624 eroganda
2599 1541 2695 1604 est
2728 1565 2789 1602 ».

812 1642 1119 1728 Intellige‚
1171 1643 1417 1726 quando
1466 1642 1794 1725 peculiaris
1842 1643 2004 1707 ratio
2054 1643 2253 1707 movit
2287 1642 2366 1706 ad
2411 1661 2542 1706 rem
2579 1642 2739 1706 hano
2769 1643 2835 1707 in
2871 1642 3193 1707 individuo

728 1744 1093 1810 vovendam.
1129 1745 1315 1810 Secus
1349 1745 1511 1808 enim
1544 1746 1691 1808 voto
1726 1744 2009 1821 satisfiet,
2044 1745 2096 1808 si
2145 1744 2242 1808 vel
2287 1745 2418 1827 ipse
2465 1763 2692 1808 vovens
2727 1745 2827 1809 vel
2875 1745 3040 1809 alius
3088 1751 3201 1809 aut

722 1867 933 1930 parem
956 1849 1069 1911 aut
1096 1847 1592 1928 aequivalentem
1616 1866 1746 1910 rem
1773 1847 2033 1911 tribuat.
2061 1846 2144 1910 Et
2161 1847 2317 1911 citat
2333 1846 2508 1930 Gury
2532 1865 2580 1911 s.
2608 1846 2938 1932 Ligorium
2963 1868 3024 1912 n.
3046 1849 3198 1912 217.

723 1949 920 2030 Atqui
952 1968 1001 2012 s.
1040 1948 1225 2031 Alph.
1275 1950 1391 2013 hoc
1426 1949 1562 2013 loco
1611 1948 1767 2012 nihil
1800 1949 1927 2012 tale
1957 1949 2165 2012 habet.
2217 1946 2506 2013 Ceterum
2539 1949 2745 2014 valere
2779 1951 3017 2034 poterit
3049 1951 3200 2015 haec

725 2051 1198 2129 animadversio,
1227 2053 1281 2116 si
1306 2052 1464 2115 alter
1488 2070 1611 2116 non
1635 2052 1834 2134 possit
1861 2052 2323 2134 aequivalenter
2349 2052 2665 2137 supplere3
2694 2072 2873 2118 secus
2899 2054 2952 2119 si
2979 2056 3198 2138 possit.

725 2155 827 2218 Ita
874 2174 932 2217 v.
981 2174 1076 2238 gr.
1125 2154 1179 2217 si
1226 2153 1467 2218 voveris
1515 2153 1637 2218 duo
1687 2154 2056 2217 candelabra
2102 2173 2260 2236 quae
2307 2153 2475 2218 domi
2529 2174 2758 2232 servas,
2818 2156 3097 2239 profecto
3147 2158 3198 2220 si

726 2257 1013 2339 aequalia
1052 2257 1209 2321 alter
1240 2255 1345 2321 det
1383 2276 1492 2339 pro
1525 2258 1607 2334 te,
1643 2277 1753 2320 cur
1783 2275 1905 2321 non
1937 2257 2172 2321 valebit
2201 2257 2452 2335 solutio,
2488 2258 2541 2321 si
2573 2259 2778 2322 ratam
2811 2259 3088 2324 habeas?

838 2406 1078 2458 XXXVI.
1101 2408 1120 2457 t
1143 2406 1185 2457 l.
1209 2408 1338 2458 Vota
1366 2404 1711 2459 conditionalia
1742 2420 1835 2458 non
1857 2403 2088 2469 obligant,
2107 2410 2327 2459 cessante
2354 2404 2649 2468 conditione,
2669 2405 2861 2460 etiamsi
2881 2405 2992 2473 ipse
3011 2421 3197 2461 voveas

729 2504 876 2543 causa
915 2488 1075 2554 ruerit,
1103 2497 1156 2543 ut
1186 2489 1401 2544 conditio
1439 2505 1533 2543 non
1568 2496 1863 2556 poneretur-3
1889 2491 2153 2543 dummodo
2189 2489 2240 2543 id
2279 2504 2376 2543 non
2412 2489 2724 2558 impediverit
2763 2506 2848 2558 per
2881 2493 3069 2559 dolum,
3098 2491 3197 2546 vim

728 2583 814 2629 aut
841 2573 1102 2630 malitiam:
1128 2583 1181 2629 ut
1208 2575 1346 2629 verbi
1384 2575 1556 2640 gratia,
1587 2573 1769 2629 vovisti
1808 2573 2266 2642 peregrinationem,
2294 2573 2337 2627 si
2375 2589 2479 2628 eam
2511 2577 2682 2628 Petrus
2714 2578 2960 2643 approbet
2977 2592 2994 2643 ;
3022 2577 3194 2631 deinde

733 2660 997 2722 submitti&
1022 2659 1106 2727 qui
1132 2663 1440 2727 persuadeat,
1471 2668 1522 2713 ut
1550 2674 1645 2714 non
1675 2662 1939 2728 approbet:
1966 2660 2051 2714 illo
2076 2658 2222 2724 igitur
2248 2674 2342 2714 non
2370 2663 2691 2727 approbante,
2723 2676 2818 2714 non
2847 2661 3050 2715 teneris
3079 2666 3195 2727 lmo,

728 2744 821 2799 etsi
860 2742 1103 2798 malitiose
1142 2760 1229 2812 per
1266 2746 1500 2807 fraudem,
1528 2747 1694 2799 dolum
1733 2751 1826 2799 etc.
1854 2743 2191 2813 impediveriS,
2224 2746 2384 2799 adhuc
2423 2745 2678 2813 probabile
2715 2752 2808 2811 est,
2852 2753 2903 2800 te
2941 2755 3062 2801 voto
3103 2762 3196 2802 non

725 2828 900 2891 teneri,
929 2835 985 2882 ut
1020 2831 1167 2884 habet
1209 2831 1375 2895 Laym.
1400 2846 1444 2883 c.
1477 2832 1525 2881 6.
1553 2845 1615 2883 ex
1647 2832 1850 2893 suarez,
1876 2836 1925 2883 et
1963 2828 2090 2884 aliis,
2119 2829 2314 2883 lutet-im
2354 2831 2521 2895 Laym.
2548 2838 2679 2884 recte
2716 2828 2799 2885 bic
2836 2833 3194 2886 advertendum

728 2920 893 2967 monet
919 2916 981 2966 ad
1006 2912 1321 2968 intentionem
1358 2914 1608 2968 voventis:
1639 2921 1690 2967 ut
1719 2930 1763 2967 v.
1791 2929 1864 2978 gr.
1894 2914 1937 2967 si
1975 2913 2104 2968 filius
2144 2913 2282 2967 vovit
2320 2930 2372 2968 se
2409 2912 2745 2979 ingressurum
2772 2915 3077 2981 religionem,
3104 2916 3194 2971 nisi

729 3006 870 3064 pater
893 2998 1260 3061 contradixerit,
1289 2999 1485 3053 videtur
1512 2999 1618 3053 eius
1644 2999 1850 3053 intentio
1891 2998 2058 3055 tuisse.
2089 2997 2178 3051 nisi
2211 2998 2563 3052 contradixerit
2589 3014 2650 3052 ex
2678 3014 2749 3063 se,
2778 3014 2867 3053 sua
2894 3009 3073 3068 sponte
3102 3000 3192 3054 sibi

721 3083 924 3137 relictus
961 3091 1054 3137 etc.

816 3189 988 3262 638.
1029 3193 1241 3258 Prima
1273 3212 1416 3276 pars
1449 3192 1768 3276 deobligat
1802 3193 1879 3256 ab
1910 3193 2270 3275 impletione
2303 3192 2438 3257 voti
2473 3192 2907 3269 conditionati‚
2950 3194 3195 3276 quando

726 3313 956 3358 vovens
980 3295 1185 3359 solum
1209 3315 1315 3378 per
1339 3314 1546 3378 preces
1585 3297 1697 3359 aut
1729 3295 1853 3359 alio
1885 3294 2070 3359 modo
2109 3314 2233 3359 non
2263 3294 2662 3359 fraudulento
2693 3294 2961 3377 impedit
2997 3296 3196 3361 eondi-

729 3397 919 3459 tionis
949 3397 1440 3480 implementum.

818 3497 1095 3564 Secunda
1143 3519 1285 3583 pars
1332 3500 1523 3577 addit,
1588 3500 1992 3583 probabiliter
2045 3500 2208 3565 idem
2258 3498 2611 3573 tenendum,
2667 3499 2920 3565 etiamsi
2975 3501 3040 3566 vi
3080 3504 3194 3565 aut

731 3601 949 3666 fraude
980 3602 1395 3667 conditionem
1420 3603 1559 3684 quis
1582 3602 1903 3684 impediat.
1931 3603 2012 3666 Et
2035 3622 2083 3668 s.
2118 3603 2474 3687 Alphonsus
2500 3604 2643 3685 post
2675 3599 3195 3669 Salmanticenses

729 3723 861 3786 cap.
904 3707 959 3768 1.
994 3726 1053 3769 n.
1095 3706 1261 3785 173.‚
1304 3708 1485 3771 vocat
1516 3705 1673 3769 hanc
1704 3706 2077 3770 sententiam
2109 3704 2606 3788 probabiliorem.

820 3806 1007 3870 Ratio
1042 3808 1275 3889 primae
1308 3809 1536 3890 partis;
1573 3808 1718 3890 quia
1744 3826 1950 3891 preces
1983 3828 2041 3871 v.
2069 3827 2161 3892 gr.
2175 3811 2302 3872 aut
2333 3808 2542 3872 suasio
2575 3808 2836 3873 liberam
2870 3808 3066 3873 adhuc
3097 3808 3198 3872 fa·

730 3907 1032 3971 cultatem
1062 3908 1424 3990 relinquunt
1454 3911 1635 3975 alteri
1674 3910 2094 3975 consentiendi
2141 3910 2239 3975 vel
2271 3929 2413 3975 non.
2463 3909 2625 3974 Hinc
2657 3911 2767 3993 qui
2814 3912 3196 3994 poenitentia

730 4009 863 4074 voti
900 4009 1123 4075 ductus
1168 4010 1231 4074 id
1278 4015 1576 4094 praestat,
1618 4013 1974 4078 inconstans
2023 4014 2239 4096 utique
2272 4013 2424 4078 erit:
2460 4015 2528 4077 at
2573 4031 2695 4079 non
2729 4014 2997 4078 violator
3033 4014 3197 4089 voti,

726 4114 902 4178 cuius
952 4114 1254 4199 obligatio
1302 4115 1473 4179 nulla
1522 4117 1616 4180 est
1665 4117 1818 4180 ante
1869 4115 2286 4181 conditionem
2338 4116 2684 4198 impletam.
2734 4114 2996 4180 Aliunde
3041 4135 3198 4181 vero

729 4235 957 4282 vovens
986 4237 1107 4283 non
1144 4218 1419 4303 obligare
1457 4237 1521 4283 se
1558 4221 1840 4283 censetur
1883 4219 1961 4284 ad
2006 4217 2490 4303 promovendam
2536 4217 2904 4283 conditionis
2931 4217 3202 4301 positio·

726 4338 868 4382 nem
915 4320 1011 4385 vel
1060 4321 1137 4385 ad
1182 4341 1320 4386 eam
1367 4321 1536 4386 nullo
1584 4321 1768 4386 modo
1822 4321 2296 4405 impediendam.
2346 4320 2668 4406 Laymann
2717 4339 2848 4405 cap.
2905 4320 2963 4383 6.
3009 4340 3070 4384 n.
3131 4324 3195 4385 2.

728 4421 917 4484 corol.
953 4422 1013 4485 3.
1054 4421 1119 4487 Si
1146 4442 1286 4488 vero
1313 4441 1500 4507 cogas
1535 4423 1729 4487 alium
1764 4423 1860 4487 vel
1893 4423 2034 4489 dolo
2068 4423 2532 4498 circumveniaS,
2566 4440 2690 4487 non
2725 4422 3012 4505 relinquis
3035 4440 3199 4489 eum

729 4523 994 4588 liberum
1025 4524 1102 4589 ad
1140 4524 1486 4607 ponendam
1518 4524 1934 4591 conditionem
1966 4530 2029 4591 et
2060 4528 2148 4592 sic
2185 4545 2399 4610 peccas
2431 4527 2495 4591 et
2525 4525 2774 4608 quidem
2819 4524 3059 4609 peccato
3099 4526 3201 4591 in·

731 4623 1072 4704 fidelitatis,
1107 4645 1266 4707 quae
1296 4626 1543 4708 propria
1576 4627 1671 4690 est
1703 4627 1839 4692 voti
1871 4628 2246 4693 violationis.
