3497 5147
352 345 504 420 [451]
1258 364 1528 406 summa.
1564 365 1930 412 Quo‘rnpnnx
2708 356 2816 411 839

358 476 549 539 quam
594 477 678 523 ss.
729 458 1009 527 Canones
1054 460 1335 540 oderunt,
1385 461 1750 544 praebeant;
1801 463 1940 526 tum
1985 463 2174 527 etiam
2213 465 2379 546 quod
2416 484 2630 531 ansam
2669 467 2817 532 dent

360 561 668 643 optandae
715 565 779 628 et
827 564 1167 647 captandae
1211 565 1433 629 mortis
1478 564 1735 628 alienae.

445 661 585 742 Qua
634 665 708 729 de
752 685 820 730 re
867 664 1209 732 Concilium
1265 667 1696 731 Tridentinum
1756 686 1903 732 sesS.
1945 669 2050 732 25.
2090 689 2222 753 cap.
2267 671 2324 734 7.
2375 670 2450 734 de
2495 671 2773 752 Reform.
2794 694 2815 736 :

366 791 401 823 «
434 763 594 829 Cum
645 767 707 830 in
758 768 1068 834 beneficiis
1113 769 1562 847 ecelesiasticis,
1611 788 1704 848 ea,
1752 789 1910 852 quae
1955 771 2363 838 hereditariae
2417 775 2819 840 successionis

358 869 700 953 imaginem
746 870 1040 950 referunt,
1090 872 1279 936 sacris
1327 870 1895 937 Constitutionibus
1927 873 2054 937 sint
2091 874 2303 940 odiosa
2335 877 2398 940 et
2427 876 2690 941 Patrum
2721 878 2818 943 de-

356 971 545 1035 cretis
579 974 924 1038 contraria:
958 975 1189 1039 nemini
1234 975 1299 1038 in
1345 976 1662 1057 posterum
1694 993 1973 1040 accessus
2010 977 2123 1040 aut
2151 996 2486 1062 regressus,
2521 979 2711 1045 etiam
2743 980 2818 1045 (10

353 1091 676 1151 consensu,
712 1075 787 1139 ad
836 1076 1198 1141 beneficium
1242 1076 1726 1141 ecclesiasticum
1772 1076 2212 1160 cuiuscumque
2249 1079 2576 1160 qualitatis
2608 1101 2820 1146 001100-

352 1174 579 1241 datur:
626 1196 739 1242 1100
784 1179 1087 1243 hactenus
1134 1179 1403 1244 concessi
1433 1178 1908 1261 suspendantur,
1942 1179 2349 1245 extendantur
2395 1183 2508 1246 aut
2553 1183 2816 1248 transfe-

352 1282 598 1345 rantur.
643 1281 898 1365 Hocque
937 1282 1253 1347 decretum
1295 1283 1359 1346 in
1406 1282 1898 1365 quibuscumque
1934 1283 2240 1348 beneficiis
2278 1285 2706 1351 ecclesiasticis
2746 1307 2816 1351 ac

360 1384 424 1446 in
473 1382 966 1466 quibuscumque
1027 1385 1321 1468 personiS,
1384 1385 1575 1448 etiam
1635 1385 2055 1450 cardinalatus
2116 1387 2347 1451 honore
2407 1387 2811 1473 fulgentibus,

352 1485 565 1550 locum
626 1486 872 1551 habeat.
921 1488 994 1551 In
1041 1487 1442 1552 coadiutoriis
1489 1506 1733 1569 quoque
1780 1507 1922 1552 cum
1959 1488 2172 1552 futura
2219 1491 2599 1555 successione
2650 1491 2812 1556 idem

355 1589 574 1671 postea
621 1588 1003 1668 observetur,
1034 1593 1109 1654 ut
1152 1590 1381 1654 nemini
1427 1590 1491 1653 in
1529 1590 2020 1672 quibuscumque
2049 1591 2356 1656 beneficiis
2388 1593 2814 1658 ecelesiasticis

354 1692 825 1774 permittantur.
874 1691 1049 1773 Quod
1096 1693 1151 1756 si
1197 1692 1442 1775 quando
1504 1692 1794 1756 eeclesiae
1855 1693 2226 1757 cathedralis
2282 1695 2395 1757 aut
2453 1696 2812 1759 monasterii

354 1813 586 1878 urgens
633 1795 963 1859 necessitas
1011 1797 1125 1860 aut
1170 1795 1417 1859 evidens
1462 1795 1707 1858 utilitas
1738 1795 2016 1877 postulet
2059 1796 2338 1878 praelato
2386 1797 2520 1861 dari
2565 1797 2815 1862 coadiu-

357 1901 598 1972 torem3
634 1897 688 1960 is
730 1915 852 1962 non
908 1897 1064 1962 alias
1110 1917 1253 1962 cum
1297 1896 1513 1961 futura
1559 1897 1941 1962 successione
1986 1897 2185 1976 detur,
2230 1918 2417 1980 quam
2464 1900 2581 1963 hac
2626 1919 2814 1964 causa

354 1997 537 2082 prius
569 1998 889 2083 diligenter
922 2017 958 2063 a
991 2018 1071 2064 ss.
1107 2000 1389 2065 Romano
1414 1999 1714 2064 Pontifice
1750 2000 1836 2063 sit
1864 2000 2116 2083 cognita
2147 2003 2210 2065 et
2240 2001 2578 2082 qualitates
2604 2021 2814 2067 omnes

349 2103 418 2166 in
458 2101 569 2166 illo
602 2121 956 2167 concurrere
988 2103 1223 2167 certum
1256 2102 1359 2178 sit,
1410 2121 1568 2183 quae
1616 2121 1652 2166 a
1682 2102 1816 2166 iure
1846 2104 1910 2167 et
1954 2102 2212 2167 decretis
2260 2104 2446 2168 huius
2484 2124 2534 2169 s.
2584 2104 2814 2184 Svnodi

352 2203 418 2267 in
467 2204 786 2288 Episcopis
832 2207 895 2270 et
941 2205 1235 2287 praelatis
1264 2205 1698 2286 requiruntur:
1735 2204 1891 2268 alias
1923 2205 2340 2270 concessiones
2386 2225 2570 2289 super
2601 2208 2697 2271 his
2729 2208 2816 2271 fa-

346 2309 490 2372 ctae
528 2308 934 2391 subreptitiae
980 2327 1109 2373 esse
1155 2310 1520 2373 censeantur
1550 2333 1612 2372 ».

441 2410 534 2474 Ex
565 2428 689 2491 quo
721 2411 899 2494 patet
927 2411 1138 2488 etiam,
1167 2411 1326 2474 hanc
1349 2410 1677 2475 simoniam
1702 2410 1946 2475 extendi
1978 2410 2055 2474 ad
2087 2409 2500 2475 ecclesiastica
2523 2411 2815 2477 beneficia

350 2514 584 2589 omnia,
625 2531 1050 2596 quaecumque
1096 2513 1223 2578 sint
1269 2513 1398 2578 sive
1444 2513 1748 2598 simplicia
1795 2513 1924 2578 sive
1971 2514 2189 2577 curata
2235 2513 2365 2579 sive
2399 2514 2641 2580 maiora
2683 2514 2816 2580 sive

349 2616 617 2692 minora,
668 2616 799 2679 sive
846 2616 1209 2681 beneficium
1256 2617 1340 2681 sit
1384 2617 1668 2700 regulare
1714 2616 1802 2698 (v.
1850 2636 1943 2701 gr.
1993 2615 2293 2698 abbatia),
2343 2617 2473 2681 sive
2519 2617 2811 2682 seculare.

345 2716 736 2803 Schmalzgr.
770 2720 834 2783 et
864 2717 1081 2803 Laym.
1116 2719 1158 2781 l.
1192 2738 1244 2782 o.

444 2817 604 2891 451.
638 2822 766 2885 Alii
806 2839 951 2885 vero
998 2820 1168 2885 modi
1215 2819 1513 2885 simoniae
1559 2820 2009 2884 confidentialis
2054 2821 2260 2886 locum
2305 2821 2536 2885 habent
2580 2823 2720 2886 tum
2749 2822 2814 2885 in

347 2924 722 3001 conferente,
759 2925 896 2988 tum
920 2924 983 2987 in
1006 2924 1358 3007 resignante
1381 2923 1744 2987 beneficium
1769 2923 1897 2986 sive
1921 2922 2124 2987 solum
2148 2923 2448 2987 collatum
2472 2923 2600 2987 sive
2624 2924 2814 2987 etiam

348 3045 730 3111 possessum,
755 3026 1001 3108 quando
1026 3027 1135 3090 isti
1157 3025 1312 3090 illud
1339 3025 1525 3089 0110111
1550 3025 1836 3089 obvenire
1859 3025 2092 3089 faciant
2114 3045 2255 3089 cum
2280 3027 2482 3108 pacto,
2507 3026 2582 3090 ut
2603 3027 2814 3108 pensio

345 3150 427 3195 ex
475 3130 767 3194 beneficio
801 3148 911 3193 seu
941 3147 1084 3212 pars
1130 3129 1449 3193 fructuum
1495 3128 1615 3211 ipsi
1662 3128 2045 3193 renuntianti
2076 3130 2190 3193 aut
2219 3128 2556 3193 conferenti
2587 3129 2700 3191 aut
2733 3128 2816 3191 al-

344 3233 473 3298 teri
520 3251 817 3315 personae
862 3231 1250 3315 rependatur.

443 3333 622 3399 Circa
654 3335 771 3400 hoc
800 3333 1139 3407 Navarrus‚
1174 3334 1337 3416 apud
1370 3334 1709 3418 Laymann,
1744 3335 1851 3398 lib.
1879 3335 1939 3397 4.
1968 3336 2047 3397 tr.
2078 3334 2180 3397 10.
2216 3353 2347 3416 cap.
2381 3334 2587 3398 ultim.
2620 3354 2680 3398 n.
2712 3333 2814 3398 75.

342 3459 497 3504 cum
544 3437 817 3521 Ugolino
864 3437 1121 3515 censuit,
1154 3455 1276 3502 non
1324 3455 1453 3500 esse
1499 3436 2011 3513 confidentialem,
2050 3436 2156 3499 sed
2202 3454 2589 3499 communem
2627 3436 2819 3501 simo-

343 3541 546 3618 niam,
599 3541 650 3604 si
698 3539 911 3623 pensio
959 3540 1072 3603 aut
1107 3558 1250 3622 pars
1293 3538 1614 3602 fructuum
1658 3537 1986 3602 tribuenda
2031 3538 2116 3602 sit
2159 3538 2280 3619 ipsi
2325 3537 2660 3602 conferenti
2708 3540 2820 3602 0111

346 3644 736 3728 1011190οῃ1ἠ
773 3643 975 3707 solum
1017 3645 1229 3706 autem
1267 3660 1397 3706 esse
1428 3639 1942 3716 confidentialem,
1977 3639 2030 3703 si
2059 3640 2270 3723 pensio
2303 3638 2504 3703 danda
2529 3638 2614 3704 sit
2638 3639 2818 3703 alteri

346 3765 673 3832 personae.
706 3745 942 3809 Verum
975 3743 1199 3809 Suarez
1247 3743 1321 3807 de
1353 3741 1589 3807 Simon.
1629 3762 1761 3826 cap.
1797 3743 1902 3805 43.
1938 3763 1999 3806 n.
2036 3743 2183 3806 7.-8.
2218 3743 2587 3807 sententiam
2617 3744 2818 3826 ipsam

345 3851 583 3937 probat
615 3850 820 3915 solum
868 3848 1016 3913 oriri
1062 3867 1133 3912 ex
1178 3848 1383 3912 minus
1430 3848 1599 3911 recta
1642 3845 2061 3930 intelligentia
2096 3844 2578 3911 Constitutionis
2609 3846 2709 3910 Pii
2739 3846 2816 3911 V.

347 3976 467 4022 nec
514 3955 715 4021 solida
761 3954 893 4018 ulla
940 3953 1180 4016 ratione
1225 3952 1409 4016 inniti
1456 3952 1644 4034 atque
1683 3951 1833 4016 adeo
1866 3971 2001 4017 reos
2039 3970 2169 4016 esse
2215 3952 2487 4016 eiusdem
2519 3951 2818 4017 simoniae

343 4056 830 4134 confidentialis,
878 4055 1009 4120 sive
1055 4056 1367 4119 conferens
1415 4057 1528 4120 aut
1571 4055 1893 4141 resignans
1948 4054 2301 4137 pensionem
2361 4055 2632 4119 reservet
2677 4054 2814 4129 sibi,

344 4161 487 4226 sive
519 4161 792 4224 reservet
825 4158 991 4234 aliis3
1027 4157 1193 4239 quod
1225 4157 1471 4239 quidem
1504 4155 1730 4223 Suarez
1763 4157 2091 4223 confirmat
2112 4159 2251 4222 tum
2284 4158 2424 4221 aliis
2447 4156 2814 4225 rationibus,

346 4267 499 4329 tum
536 4264 730 4328 etiam
762 4262 1000 4344 etipsa
1036 4262 1135 4325 Pii
1167 4261 1242 4324 V.
1277 4259 1758 4327 Constitutione.

442 4365 815 4451 Resignatio
876 4384 1020 4430 cum
1062 4365 1480 4430 reservatione
1526 4364 1835 4447 pensionis
1882 4364 2028 4428 licet
2073 4364 2343 4446 quidem,
2402 4364 2820 4429 consentiente

352 4472 550 4555 Papa,
574 4471 640 4535 111
664 4470 844 4535 cuius
872 4469 1160 4534 manibus
1185 4468 1293 4532 fit:
1322 4467 1424 4532 sed
1451 4468 1503 4532 si
1528 4467 1881 4531 clanculum
1913 4466 2178 4531 addatur
2202 4468 2456 4550 pactum
2487 4466 2819 4532 cassandae

356 4574 458 4639 vel
496 4572 836 4640 abolendae
864 4572 1176 4655 pensionis
1207 4591 1313 4656 per
1347 4569 1754 4652 anticipatum
1784 4569 2161 4634 solutionem
2197 4569 2365 4633 intra
2396 4573 2633 4634 certum
2671 4570 2823 4630 tem-
