3497 5147
679 346 787 401 584
991 359 1202 400 maor.
1226 360 1307 401 vl.
1336 358 1498 401 sacr.
1524 360 1589 400 11.
1609 360 1695 399 1111
1718 359 1943 401 ‘ranno
1967 359 2184 400 rame.
2202 360 2533 402 nncamor.
2555 361 2695 402 Dim.
2715 361 2804 400 111.
2987 348 3145 425 [795]

1294 511 1675 575 Praesentia
1696 532 2003 591 personae
2017 511 2480 592 pm'vileffl'az‘ae.

765 655 1095 721 (31.1ῠο1101
1132 656 1239 720 ΙΧ.
1276 691 1364 704 -
1398 657 1467 719 111
1501 656 1800 720 consueta
1825 654 2061 719 Indulti
2098 653 2367 719 formula
2398 655 2550 718 haec
2577 654 2900 718 habentur.
2928 653 3014 718 In
3034 660 3141 718 tua

670 781 746 824 ac
794 765 1084 823 natorum
1127 780 1200 823 ac
1246 757 1528 838 fam-iliae
1594 763 1733 820 tuae
1795 778 1906 820 nec
1976 776 2102 820 non
2166 756 2475 836 hospitum
2538 761 2780 820 morum
2838 756 3138 820 nobilium

660 863 1029 943 praesentia
1074 862 1383 925 celebrare
1430 861 1632 941 tizccre
1679 864 1790 924 etc.

761 960 934 1034 795.
972 966 1163 1029 Porro
1211 963 1532 1046 proposito
1578 963 1787 1034 dubio,
1824 982 1901 1026 an
1941 962 2251 1028 sufficeret
2282 962 2628 1043 praesentia
2661 981 2718 1025 v.
2753 980 2846 1045 gr.
2882 961 2994 1025 filii
3028 964 3140 1026 aut

654 1067 932 1131 alterius
948 1087 981 1130 e
998 1066 1257 1144 familia,
1280 1085 1357 1129 an
1392 1084 1536 1129 vero
1555 1065 1913 1146 requiratur
1929 1065 2278 1145 praesentia
2295 1065 2551 1138 domini,
2570 1063 2942 1128 Benedictus
2965 1063 3134 1128 XIV.

671 1171 732 1232 3.
771 1168 914 1232 Dec.
955 1169 1145 1232 1749.
1182 1168 1304 1231 duo
1339 1168 1612 1232 declarat
1647 1187 1715 1231 ac
1750 1167 1999 1244 statuit,
2032 1168 2099 1229 1⁰
2138 1167 2367 1248 requiri
2415 1166 2826 1249 praesentiam
2876 1165 3136 1230 alicuius

672 1291 967 1354 personae
1014 1292 1086 1335 ex
1132 1272 1279 1346 illis,
1330 1272 1555 1353 quibus
1604 1270 2068 1352 particulariter
2113 1271 2309 1334 Breve
2357 1269 2738 1343 conceditur,
2773 1270 2887 1332 has
2927 1270 3134 1333 autem

671 1393 964 1456 personas
1012 1393 1142 1438 esse
1191 1374 1351 1451 illas,
1402 1374 1626 1456 quibus
1660 1374 1855 1436 Breve
1887 1373 2180 1456 dirigitur
2212 1374 2275 1436 et
2306 1391 2570 1453 quorum
2606 1372 2856 1435 nomina
2889 1391 2925 1434 a
2958 1375 3134 1455 tergo

669 1477 945 1541 eiusdem
991 1477 1208 1540 Brevis
1256 1477 1723 1560 exprimimtur:
1777 1476 1848 1537 2⁰
1879 1475 2131 1556 reliquis
2179 1492 2323 1538 vero
2357 1473 2603 1539 concedi
2650 1474 2873 1550 solum,
2908 1476 2982 1538 ut
3027 1493 3134 1537 va-

654 1579 791 1643 ·lide
839 1578 1229 1644 satisfaciant
1273 1580 1358 1644 ibi
1405 1580 1729 1661 praecepto
1781 1576 2065 1641 audiendi
2113 1576 2393 1641 Missam.

759 1683 861 1747 Ita
886 1702 934 1746 0.
971 1680 1164 1767 Cong.
1201 1681 1459 1746 Concilii
1490 1680 1681 1764 (apud
1714 1699 1762 1742 0.
1807 1680 1988 1762 Alph.
2029 1677 2240 1741 Theol.
2271 1677 2441 1741 Mor.
2469 1678 2592 1742 vol,
2621 1679 2680 1740 2.
2706 1679 2769 1741 in
2800 1677 2941 1752 fine,
2974 1678 3136 1744 inter

668 1785 913 1850 decreta
962 1785 1094 1849 RR.
1136 1785 1256 1849 PP.
1294 1784 1535 1849 decreto
1586 1783 1677 1866 5.)
1721 1808 1758 1840 ‹<
1804 1801 1947 1846 cum
1992 1782 2205 1845 exorta
2253 1783 2415 1845 esset
2460 1780 2793 1856 dubitatio,
2843 1800 2920 1845 an
2968 1799 3040 1845 ex
3070 1783 3132 1845 vi

667 1889 852 1952 huius
899 1888 1129 1952 indulti
1175 1887 1473 1969 (concessi
1519 1886 1761 1951 duobus
1808 1884 2203 1968 coniugibus)
2249 1883 2493 1958 liceret,
2531 1883 2791 1947 Missam
2839 1884 3129 1948 celebrari

666 1989 865 2054 facere
894 1991 955 2053 in
982 1991 1227 2073 privato
1262 1990 1534 2055 oratorio
1569 1989 1760 2053 etiam
1793 1990 1923 2052 sine
1947 1987 2294 2070 praesentia
2329 1986 2691 2050 alterutrius
2716 1986 2804 2066 (h.
2831 2006 2883 2050 0.
2911 1989 3133 2051 neutro

667 2095 1016 2176 praesente)
1042 2113 1111 2156 ex
1143 2092 1325 2157 dictis
1358 2092 1743 2176 coniugibus,
1774 2091 1851 2154 ad
1877 2109 2030 2173 quos
2056 2089 2283 2153 indulti
2316 2090 2624 2154 concessio
2650 2088 2882 2153 directa
2907 2093 3131 2164 erat...,

665 2195 764 2258 die
798 2195 857 2257 3.
895 2194 1021 2260 dec.
1063 2195 1275 2270 1740..
1312 2195 1550 2259 censuit
1584 2215 1708 2257 non
1746 2195 1947 2256 licere.
1984 2193 2218 2257 Deinde
2253 2211 2396 2257 vero
2429 2211 2509 2256 ss.
2547 2191 2852 2256 Dominus
2899 2194 3128 2268 noster,

664 2297 996 2380 reprobata
1028 2297 1339 2361 contraria
1373 2296 1699 2362 doctorum
1739 2296 2066 2372 sententia,
2103 2296 2482 2378 praedictam
2530 2313 2578 2358 s.
2615 2292 3131 2378 Congregationis

662 2399 1108 2464 resolutionem
1130 2400 1355 2464 nedum
1381 2399 1769 2482 approbavit,
1791 2418 2006 2462 verum
2032 2400 2222 2463 etiam
2247 2399 2489 2462 decreto
2515 2397 2754 2480 publice
2780 2396 3127 2482 evulgando

664 2503 867 2567 voluit
915 2502 1198 2566 omnibus
1231 2503 1451 2565 notum
1483 2500 1634 2577 fieri,
1674 2519 1797 2564 non
1835 2520 2012 2584 posse
2051 2502 2262 2586 vigore
2299 2500 2521 2564 similis
2555 2498 2790 2563 Indulti
2836 2500 3125 2565 celebrari

644 2608 925 2682 Missam
958 2606 1020 2670 in
1069 2606 1329 2687 privatis
1370 2605 1678 2679 oratoriis,
1720 2606 1968 2687 quando
2015 2605 2212 2670 eidem
2243 2604 2474 2670 Missae
2521 2606 2669 2668 actu
2714 2622 2834 2669 11011
2885 2603 3128 2668 intersit

662 2710 890 2791 aliquis
924 2729 995 2773 ex
1028 2710 1124 2785 iis,
1158 2709 1381 2790 quibus
1416 2708 1864 2788 prz‘ncrpaliter
1894 2708 2203 2773 indultum
2240 2727 2595 2773 concessum
2634 2709 2762 2781 est3
2812 2706 3126 2771 indultum

661 2831 806 2875 vero
828 2810 1273 2889 pm'nmpaliter
1304 2830 1659 2875 concessum
1698 2811 1969 2895 intelligi
2001 2811 2076 2875 iis
2117 2813 2385 2887 tantum,
2420 2811 2645 2892 quibus
2685 2810 2879 2874 Breve
2917 2809 3124 2894 dirigi-

659 2916 784 2990 tur,
814 2912 1103 2976 nimirum
1135 2915 1411 2994 personis
1440 2914 1585 2989 illis,
1614 2934 1773 2996 quae
1798 2934 1835 2978 a
1859 2917 2036 2998 tergo
2060 2913 2332 2977 eiusdem
2359 2913 2573 2975 Brevis
2606 2912 2853 2995 proprio
2878 2912 3125 2977 nomine

656 3015 1113 3098 nuncupantur,
1150 3015 1299 3079 adeo
1326 3019 1400 3080 ut
1424 3017 1552 3080 sine
1586 3017 1935 3098 praesentia
1964 3016 2226 3079 alicuius
2253 3035 2324 3079 ex
2356 3015 2537 3080 dictis
2564 3016 2837 3098 personis
2871 3017 3125 3080 minime

640 3116 843 3182 liceat
868 3117 1096 3182 Missae
1121 3117 1490 3182 sacrificium
1516 3119 1750 3202 peragi,
1778 3119 2026 3182 etiamsi
2049 3137 2335 3201 praesens
2362 3118 2447 3183 sit
2470 3118 2695 3199 aliquis
2728 3118 2858 3183 sive
2882 3138 2953 3184 ex
2976 3118 3121 3183 filiis

654 3220 783 3283 sive
823 3240 894 3283 ex
925 3220 1396 3304 consanguineis
1421 3220 1551 3284 sive
1584 3240 1655 3283 ex
1687 3221 1977 3284 affinibus
2009 3221 2140 3285 sive
2163 3240 2234 3284 ex
2271 3220 2687 3285 familiaribus
2719 3221 2850 3285 sive
2872 3221 3118 3286 demum

654 3339 727 3385 ex
761 3321 1111 3403 hospitibus
1156 3321 1468 3386 nobilibus
1502 3323 1561 3385 in
1601 3323 1816 3387 eodem
1849 3324 2034 3387 Brevi
2072 3324 2454 3399 memoratis,
2496 3324 2721 3405 quippe
2769 3323 2997 3405 quibus
3034 3324 3116 3389 ni]

654 3424 827 3488 aliud
874 3443 980 3508 per
1011 3425 1319 3490 eiusmodi
1366 3426 1590 3489 Brevia
1636 3426 2013 3503 conceditur,
2047 3445 2237 3508 quam
2257 3426 2423 3508 quod
2446 3426 2873 3507 unusquisque
2903 3445 3114 3492 eorum

652 3528 1039 3610 (dummodo,
1080 3528 1244 3610 quod
1270 3528 1499 3591 attinet
1530 3527 1607 3590 ad
1639 3529 2000 3603 familiares
2036 3529 2212 3593 iuxta
2245 3529 2591 3593 clausulam
2630 3530 2693 3592 in
2724 3529 2943 3595 iisdem
2974 3530 3116 3595 Bre-

642 3631 831 3693 vibus
865 3631 1182 3707 insertam,
1218 3648 1339 3694 non
1373 3629 1456 3693 sit
1503 3649 1574 3693 ex
1620 3631 1747 3695 illis
1797 3633 1943 3696 actu
1991 3650 2111 3695 non
2159 3632 2544 3714 necessariis)
2566 3632 2862 3698 assistens
2885 3632 3115 3698 Missae

647 3750 806 3811 quae
840 3732 1186 3796 celebratur
1231 3730 1294 3794 in
1344 3732 1617 3796 oratorio
1667 3733 1914 3815 privato
1951 3733 2015 3796 in
2052 3732 2400 3815 praesentia
2437 3732 2702 3798 alicuius
2735 3752 2805 3798 ex
2839 3736 3115 3817 personis

642 3851 687 3893 a
745 3834 920 3912 tergo
978 3832 1194 3895 Brevis
1263 3834 1512 3916 proprio
1582 3836 1829 3899 nomine
1877 3834 2268 3915 nuncupatiS,
2328 3834 2676 3901 satisfaciat
2745 3836 3110 3922 obligationi

651 3932 938 3997 audiendi
978 3934 1235 3998 Missam
1283 3936 1496 4001 diebus
1543 3937 1716 4001 festis
1765 3937 1838 4001 de
1883 3939 2209 4019 praecepto
2248 3962 2309 4000 ».

1366 4096 1465 4161 Dc
1512 4097 1662 4160 aliis
1694 4097 2010 4176 personis.
2063 4094 2163 4160 Dc
2213 4098 2390 4177 filiis.

731 4241 949 4321 Quoad
984 4242 1207 4317 Natos,
1242 4242 1684 4323 intelliguntur
1708 4242 1774 4304 et
1804 4240 2123 4305 nascituri.
2162 4240 2395 4308 Gattic.
2431 4263 2562 4326 cap.
2599 4247 2704 4309 25.
2741 4265 2798 4309 n.
2836 4248 2897 4310 4.

731 4342 1125 4425 Quamquam
1148 4362 1294 4407 vero
1328 4364 1377 4408 0.
1412 4343 1732 4425 Alphonso
1785 4341 1861 4405 ad
1896 4341 2102 4408 ClauS.
2142 4347 2200 4408 9.
2237 4346 2483 4428 placeat
2505 4349 2815 4413 sententia
2842 4350 3105 4416 duorum

636 4448 745 4529 qui
793 4449 1025 4532 negant
1070 4446 1424 4512 satisfacere
1487 4445 1648 4509 filios
1696 4446 1942 4528 spurios
1992 4447 2054 4509 et
2102 4448 2376 4512 nondum
2438 4449 2846 4533 legitimatos,
2896 4455 3104 4517 tamen

640 4569 763 4614 non
810 4551 1021 4634 magni
1069 4549 1371 4613 momenti
1402 4550 1549 4612 sunt
1594 4546 1868 4612 rationes
1902 4549 2153 4615 allatae.
2197 4550 2338 4613 Vid.
2381 4550 2616 4615 Gattic.
2651 4571 2784 4635 cap.
2814 4555 2921 4619 25.
2955 4574 3015 4618 n.
3041 4558 3103 4618 4.

642 4658 703 4716 et
745 4655 828 4729 6.,
863 4654 969 4734 qui
1017 4651 1317 4723 admittit,
1350 4651 1554 4733 quoad
1593 4651 1940 4734 adoptivos
