3497 5147
685 331 795 387 550
1006 340 1218 381 'ranem
1241 340 1320 380 VI.
1349 337 1510 380 sinor.
1536 338 1626 378 111.
1645 338 1731 378 mn
1757 337 1981 380 muno
2007 339 2224 381 paam.
2250 339 2578 383 DmALoffl.
2605 341 2749 383 mm.
2787 342 2828 382 1.
3007 326 3152 402 [733]

685 443 977 525 ceptuum
1006 436 1472 519 transscriptio;
1508 435 1613 500 sed
1646 436 1741 499 est
1774 435 2097 502 fabricatio
2137 438 2442 520 quaedam
2473 439 2874 505 instrumenti
2905 441 3150 505 mecha-

686 547 826 622 nici,
859 543 1024 626 quod
1056 540 1350 606 inservire
1387 539 1568 603 debet
1599 537 1678 602 ad
1708 539 2134 604 mechanicum
2168 559 2341 624 opus.
2368 542 2536 607 Dum
2567 543 2730 607 enim
2768 544 3145 627 typographi

684 647 1067 712 characteres
1097 643 1498 725 componunt,
1524 639 1850 718 fabricant,
1878 660 2034 723 quas
2067 643 2365 722 vocitant,
2391 644 2645 724 formaS,
2671 645 2897 727 quibus
2928 645 3143 710 deinde

687 752 955 816 utuntur
1000 747 1078 811 ad
1124 745 1432 810 cudendas
1468 763 1577 809 seu
1613 743 2054 827 imprimendas
2099 744 2365 825 litterae,
2405 767 2528 814 non
2565 750 2780 813 autem
2826 748 2904 812 ad
2941 766 3148 812 conoe-

687 856 834 938 ptus
870 848 1321 934 exprimendos;
1358 845 1525 930 quod
1570 847 1746 929 patet
1783 865 1855 911 ex
1885 865 1977 924 ec,
2011 848 2177 929 quod
2225 849 2610 915 characteres
2645 850 2891 915 inverso
2938 849 3146 915 ordine

691 960 754 1022 et
783 957 912 1021 situ
945 952 1362 1037 apponuntur,
1387 951 1464 1014 ut
1493 949 1624 1015 scil.
1657 967 1782 1014 non
1816 949 1893 1014 ad
1922 950 2248 1016 lectionem
2275 954 2388 1017 aut
2417 972 2633 1019 sensus
2662 953 3148 1020 manifestandos

690 1057 959 1123 ordinati
998 1055 1358 1137 appareant,
1391 1051 1497 1116 sed
1533 1051 1743 1134 potius
1791 1052 1883 1116 ita
1914 1052 2220 1137 dispositi,
2256 1056 2331 1119 ut
2376 1056 2503 1120 sint
2547 1075 2894 1141 congruum
2923 1056 3153 1120 instru-

688 1162 973 1226 mentum
1005 1157 1083 1222 ad
1113 1155 1359 1220 litteras
1391 1153 1718 1219 cudendae.

781 1262 944 1326 Hinc
987 1278 1111 1324 non
1156 1256 1469 1322 immerito
1516 1256 1788 1321 Escobar
1833 1256 1875 1320 1.
1910 1277 1960 1321 c.
2002 1279 2061 1322 n.
2107 1259 2253 1323 157.
2302 1261 2634 1340 concludit,
2667 1261 2742 1326 A.
2777 1261 3148 1327 sententiam

692 1365 941 1430 externa
973 1361 1183 1446 potius
1215 1358 1610 1436 auctoritate,
1644 1377 1835 1440 quam
1869 1359 2202 1427 intrinseco
2240 1364 2464 1428 merito
2503 1364 2623 1428 dici
2661 1383 2839 1447 posse
2874 1363 3154 1448 probabi-

691 1467 834 1531 lem.
867 1465 1074 1546 Atqfle
1118 1462 1256 1526 ideo
1303 1461 1401 1540 A„
1440 1462 1515 1525 ut
1560 1461 1826 1540 videtur,
1860 1482 2012 1528 usus
2059 1467 2155 1529 est
2199 1466 2413 1549 phrasi
2455 1467 2567 1531 illa
2611 1491 2647 1525 α
2678 1468 2923 1532 effletur
2968 1468 3157 1531 etiam

693 1569 984 1634 excusari
1014 1585 1200 1647 posse
1231 1589 1267 1623 »
1303 1583 1556 1646 remque
1593 1584 1735 1629 cum
1782 1564 2103 1650 Laymann
2141 1568 2249 1632 lib.
2283 1570 2345 1632 4.
2379 1570 2459 1633 tr.
2499 1571 2556 1633 7.
2591 1589 2724 1653 cap.
2762 1572 2821 1634 2.
2856 1591 2915 1634 n.
2951 1571 3012 1633 3.
3046 1569 3151 1634 fin.

693 1670 972 1736 coarctat
1010 1668 1087 1733 ad
1119 1665 1479 1750 explendam
1524 1667 1698 1749 pensi
1736 1669 1998 1750 partem,
2040 1688 2198 1751 quae
2235 1671 2517 1756 neglecta
2563 1690 2670 1754 per
2701 1671 3153 1736 hebdomadam

693 1774 902 1850 fuerit,
925 1772 1072 1836 licet
1097 1769 1205 1834 alii
1228 1789 1371 1833 cum
1394 1768 1599 1833 Diana
1628 1770 1782 1834 tom.
1810 1769 1871 1833 4.
1893 1771 1970 1833 tr.
1999 1771 2059 1835 5.
2086 1791 2202 1836 res,
2230 1773 2335 1836 31.
2363 1793 2423 1837 n.
2444 1774 2505 1836 3.
2525 1774 2683 1838 hanc
2712 1773 3154 1838 limitationem

694 1895 819 1941 non
866 1873 1213 1958 apponant3
1249 1891 1321 1936 ea
1369 1873 1582 1936 autem
1618 1871 1683 1935 in
1712 1891 1779 1936 re
1825 1874 2158 1939 concordat
2204 1893 2418 1939 sensus
2464 1875 2741 1940 fidelium
2789 1875 3154 1952 communia,

696 1980 847 2045 utut
892 1978 1215 2063 Laymann
1263 1979 1469 2044 aetate
1515 1981 1578 2043 et
1624 1980 1876 2064 regione
1922 1999 2037 2046 sua
2088 1982 2271 2047 aliter
2316 1982 2606 2048 habuisse
2652 1982 3159 2048 consuetudinem

697 2080 882 2145 dicat.

788 2186 947 2253 Cum
978 2190 1189 2254 tamen
1219 2209 1268 2254 s.
1302 2189 1487 2273 Alph.
1521 2209 1582 2253 n.
1613 2189 1763 2253 282.
1799 2191 1861 2254 et
1898 2189 2125 2254 clarius
2160 2192 2310 2256 279.
2337 2210 2459 2257 non
2495 2192 2805 2276 improbet
2837 2194 2898 2256 et
2946 2192 3164 2275 proba-

698 2291 1010 2356 bilitatem
1041 2291 1325 2356 tribuant
1368 2292 1515 2356 huic
1553 2290 1829 2374 opinioni
1873 2292 2081 2374 plures
2113 2294 2272 2371 DD„
2308 2294 2588 2379 neganda
2619 2313 2742 2360 non
2788 2294 2952 2359 foret
2989 2294 3164 2359 abso-

698 2393 860 2458 lutio
893 2394 957 2457 et
986 2412 1175 2459 causa
1206 2394 1485 2478 exigente
1514 2393 1962 2479 indulgendum
1993 2394 2173 2473 foret,
2200 2397 2274 2461 ut
2304 2397 2366 2461 id
2398 2396 2530 2462 fiat.

793 2532 895 2586 ·lX.
921 2532 972 2584 7.
999 2533 1216 2586 Excusat
1252 2529 1397 2584 ctiam
1435 2530 1541 2585 Fin.
1570 2529 1649 2585 hie
1680 2546 1726 2586 n.
1766 2532 1879 2585 169.
1917 2531 2299 2598 distillationem,
2325 2548 2450 2600 quac
2492 2533 2597 2589 sine
2624 2534 2846 2604 corporis
2884 2534 3164 2601 fatigatione

701 2616 865 2683 potius
902 2619 963 2670 ad
1000 2613 1351 2683 experientiam
1389 2621 1439 2668 et
1476 2614 1695 2683 peritiam
1734 2619 1805 2683 nt,
1833 2632 1978 2684 quam
2017 2633 2076 2673 ex
2116 2618 2279 2673 officio
2317 2628 2365 2674 et
2396 2628 2518 2675 arte.

1665 2814 1768 2880 De
1800 2814 2186 2882 distillando,

792 2992 968 3066 733.
1015 2993 1341 3059 Limitatio
1373 2995 1435 3057 si
1476 2992 1597 3073 fiat
1624 2993 1698 3056 ob
1736 2995 2186 3073 emper-tentiam
2214 2997 2331 3059 etc.
2364 2995 2525 3061 forte
2554 3015 2676 3060 non
2707 2997 2996 3063 cohaeret
3027 3017 3166 3062 cum

703 3099 1002 3185 principio
1051 3096 1208 3162 alias
1243 3096 1575 3172 inculcatO,
1610 3095 1777 3178 quod
1807 3096 2120 3161 servilitas
2176 3097 2376 3181 operis
2412 3117 2538 3163 non
2577 3098 2802 3182 pendet
2850 3101 2928 3165 ab
2974 3101 3166 3167 inten-

703 3202 893 3267 tione.
941 3196 1409 3264 Concedendum
1440 3200 1534 3263 est
1565 3200 1795 3275 tamen,
1830 3198 1996 3280 quod
2028 3219 2099 3264 ex
2131 3201 2443 3266 communi
2481 3220 2664 3266 sensu
2695 3202 2972 3268 fidelium
2997 3203 3165 3269 aliud

702 3302 1005 3367 iudicium
1049 3301 1124 3365 fit
1168 3301 1241 3365 de
1289 3301 1549 3377 actione,
1599 3320 1758 3383 quae
1806 3301 1961 3366 alias
1995 3303 2089 3367 est
2128 3322 2227 3367 ars
2259 3302 2509 3386 propria
2547 3306 2610 3367 et
2638 3304 2805 3389 iugis
2845 3304 3164 3389 occupatio

707 3406 973 3472 aliorum
1020 3404 1279 3481 dierum,
1330 3404 1500 3469 aliud
1548 3403 1621 3467 de
1668 3404 1912 3469 actione
1959 3407 2246 3489 suscepta
2292 3426 2399 3490 per
2446 3404 2743 3483 accidenS,
2777 3408 2852 3471 ut
2904 3408 2969 3472 in
3013 3426 3158 3472 casu

704 3512 941 3576 nostro,

1320 3652 1424 3719 De
1469 3652 1754 3737 yenerali
1781 3655 2105 3736 principio
2151 3654 2566 3719 resolutionis.

798 3826 975 3900 734.
1025 3829 1085 3895 S.
1119 3829 1305 3914 Alph.
1341 3848 1399 3893 n.
1436 3829 1584 3893 282.
1610 3829 1673 3893 in
1719 3830 1942 3895 notula
1988 3830 2133 3893 huic
2177 3829 2252 3894 A.
2279 3830 2415 3895 loco
2459 3831 2802 3910 interiecta,
2854 3834 2964 3911 ait,
3012 3854 3172 3907 reso,-

703 3936 1008 4001 lutionem
1034 3936 1421 4017 praesentem
1454 3933 1704 3998 admitti
1743 3953 1780 3997 a
1805 3931 1988 3998 Croix
2011 3933 2119 3998 lib.
2154 3934 2215 3998 3.
2251 3938 2411 4018 part.
2444 3937 2500 4001 1.
2535 3956 2595 4001 n.
2633 3938 2804 4015 578„
2839 3939 2895 4004 si
2924 3939 3169 4005 modica

709 4038 795 4103 sit
841 4036 1198 4122 applicatio.

797 4140 981 4207 Croix
1009 4158 1224 4205 revera
1254 4138 1297 4203 l.
1325 4157 1376 4202 c.
1416 4136 1762 4221 generatim
1787 4137 1875 4201 sic
1898 4136 2156 4202 statuit:
2196 4162 2231 4198 «
2256 4137 2631 4223 Simpliciter
2661 4141 2969 4224 loquendo
2994 4143 3168 4209 licita

708 4247 803 4309 est
834 4242 1159 4327 occupatio
1206 4238 1665 4305 modicissimae
1703 4237 2174 4322 applicationis;
2210 4241 2352 4306 hinc
2398 4242 2453 4307 si
2482 4244 2837 4326 cooperatio
2869 4264 3013 4310 cum
3046 4246 3175 4310 ani-

711 4347 1001 4422 malibus,
1040 4345 1261 4420 ventiS,
1312 4362 1493 4425 aqua,
1549 4342 1692 4427 igne
1740 4343 1856 4407 etc.
1904 4343 2144 4409 nullam
2189 4347 2290 4411 vel
2320 4346 2626 4412 modicam
2673 4348 2862 4413 habet
2909 4350 3175 4433 applica-

713 4449 966 4522 tionem,
1030 4450 1125 4511 est
1190 4445 1436 4510 licitum
1480 4444 1576 4509 illi
1621 4445 1940 4529 cooperari
1985 4450 2048 4512 et
2091 4448 2185 4513 ita
2230 4449 2475 4514 licitum
2521 4453 2617 4515 est
2663 4467 2829 4527 voce,
2879 4452 3170 4535 strepitu,

709 4549 931 4613 baculo
979 4548 1245 4612 excitare
1300 4548 1532 4614 animal
1567 4546 1767 4614 ferens
1807 4567 1961 4615 onus
1999 4549 2173 4632 (quid
2209 4550 2261 4615 si
2309 4549 2464 4615 nihil
2509 4550 2670 4615 ferat
2681 4553 2738 4633 P)
2792 4552 3044 4631 molere,
3084 4551 3174 4616 di-
