<?xml version="1.0" encoding="UTF-8"?>
<!DOCTYPE html PUBLIC "-//W3C//DTD XHTML 1.0 Transitional//EN"
    "http://www.w3.org/TR/xhtml1/DTD/xhtml1-transitional.dtd">
<html xmlns="http://www.w3.org/1999/xhtml" xml:lang="en" lang="en">
 <head>
  <title>
</title>
<meta http-equiv="Content-Type" content="text/html;charset=utf-8" />
  <meta name='ocr-system' content='tesseract 3.04.00' />
  <meta name='ocr-capabilities' content='ocr_page ocr_carea ocr_par ocr_line ocrx_word'/>
</head>
<body>
  <div class='ocr_page' id='page_1' title='image "./opustheologicum00ballgoog/opustheologicum00ballgoog_0480.png"; bbox 0 0 3497 5147; ppageno 0'>
   <div class='ocr_carea' id='block_1_1' title="bbox 310 344 2751 413">
    <p class='ocr_par' dir='ltr' id='par_1_1' title="bbox 310 344 2751 413">
     <span class='ocr_line' id='line_1_1' title="bbox 310 344 2751 413; baseline 0.001 -14"><span class='ocrx_word' id='word_1_1' title='bbox 310 344 438 413; x_wconf 84' lang='grc'><strong>[612]</strong></span> <span class='ocrx_word' id='word_1_2' title='bbox 684 357 853 406; x_wconf 74' lang='lat' dir='ltr'><strong>QUAE</strong></span> <span class='ocrx_word' id='word_1_3' title='bbox 890 358 1289 406; x_wconf 72' lang='lat' dir='ltr'>RmmRA‘run</span> <span class='ocrx_word' id='word_1_4' title='bbox 1328 358 1467 398; x_wconf 68' lang='lat' dir='ltr'>vo‘r1</span> <span class='ocrx_word' id='word_1_5' title='bbox 1507 359 1926 401; x_wconf 64' lang='lat' dir='ltr'>numanum-10</span> <span class='ocrx_word' id='word_1_6' title='bbox 1963 361 2041 400; x_wconf 78' lang='lat' dir='ltr'>m</span> <span class='ocrx_word' id='word_1_7' title='bbox 2079 360 2365 401; x_wconf 63' lang='lat' dir='ltr'>m‘rms‘rio</span> <span class='ocrx_word' id='word_1_8' title='bbox 2641 346 2751 402; x_wconf 81' lang='lat'>473</span> 
     </span>
    </p>
   </div>
   <div class='ocr_carea' id='block_1_2' title="bbox 288 455 2757 1668">
    <p class='ocr_par' dir='ltr' id='par_1_2' title="bbox 291 455 2757 1360">
     <span class='ocr_line' id='line_1_2' title="bbox 381 455 2756 540; baseline 0 -19"><span class='ocrx_word' id='word_1_9' title='bbox 381 455 565 521; x_wconf 84' lang='lat' dir='ltr'>Secus</span> <span class='ocrx_word' id='word_1_10' title='bbox 603 455 929 522; x_wconf 85' lang='lat' dir='ltr'>dicendum</span> <span class='ocrx_word' id='word_1_11' title='bbox 973 458 1179 540; x_wconf 86' lang='lat' dir='ltr'>putat,</span> <span class='ocrx_word' id='word_1_12' title='bbox 1219 457 1272 523; x_wconf 90' lang='lat' dir='ltr'>si</span> <span class='ocrx_word' id='word_1_13' title='bbox 1304 476 1492 532; x_wconf 90' lang='lat' dir='ltr'>error,</span> <span class='ocrx_word' id='word_1_14' title='bbox 1528 455 1671 520; x_wconf 77' lang='lat' dir='ltr'>lieet</span> <span class='ocrx_word' id='word_1_15' title='bbox 1699 457 1945 521; x_wconf 76' lang='lat' dir='ltr'><strong><em>dederit</em></strong></span> <span class='ocrx_word' id='word_1_16' title='bbox 1977 476 2231 521; x_wconf 80' lang='lat' dir='ltr'>eausa-m</span> <span class='ocrx_word' id='word_1_17' title='bbox 2260 460 2415 534; x_wconf 75' lang='lat' dir='ltr'>voto,</span> <span class='ocrx_word' id='word_1_18' title='bbox 2449 475 2572 524; x_wconf 90' lang='lat' dir='ltr'>non</span> <span class='ocrx_word' id='word_1_19' title='bbox 2619 477 2756 521; x_wconf 83' lang='lat' dir='ltr'>ver-</span> 
     </span>
     <span class='ocr_line' id='line_1_3' title="bbox 303 558 2757 635; baseline -0 -11"><span class='ocrx_word' id='word_1_20' title='bbox 303 560 460 624; x_wconf 87' lang='lat' dir='ltr'>setur</span> <span class='ocrx_word' id='word_1_21' title='bbox 505 558 668 622; x_wconf 85' lang='lat' dir='ltr'>circa</span> <span class='ocrx_word' id='word_1_22' title='bbox 705 558 1088 624; x_wconf 90' lang='lat' dir='ltr'>conditiones</span> <span class='ocrx_word' id='word_1_23' title='bbox 1122 559 1458 624; x_wconf 88' lang='lat' dir='ltr'>afficientes</span> <span class='ocrx_word' id='word_1_24' title='bbox 1501 560 1589 624; x_wconf 92' lang='lat' dir='ltr'>rei</span> <span class='ocrx_word' id='word_1_25' title='bbox 1636 560 2076 635; x_wconf 74' lang='lat' dir='ltr'>substantiam,</span> <span class='ocrx_word' id='word_1_26' title='bbox 2128 559 2231 624; x_wconf 89' lang='lat' dir='ltr'>sed</span> <span class='ocrx_word' id='word_1_27' title='bbox 2279 559 2439 622; x_wconf 88' lang='lat' dir='ltr'>circa</span> <span class='ocrx_word' id='word_1_28' title='bbox 2488 559 2757 623; x_wconf 86' lang='lat' dir='ltr'>acciden-</span> 
     </span>
     <span class='ocr_line' id='line_1_4' title="bbox 301 658 2754 745; baseline 0 -19"><span class='ocrx_word' id='word_1_29' title='bbox 301 662 464 726; x_wconf 80' lang='lat' dir='ltr'><strong>tales.</strong></span> <span class='ocrx_word' id='word_1_30' title='bbox 501 660 582 724; x_wconf 85' lang='lat' dir='ltr'>Et</span> <span class='ocrx_word' id='word_1_31' title='bbox 612 658 1130 726; x_wconf 89' lang='lat' dir='ltr'>Salmanticenses</span> <span class='ocrx_word' id='word_1_32' title='bbox 1169 662 1437 736; x_wconf 79' lang='lat' dir='ltr'>adducit,</span> <span class='ocrx_word' id='word_1_33' title='bbox 1475 665 1697 727; x_wconf 87' lang='lat' dir='ltr'>notans</span> <span class='ocrx_word' id='word_1_34' title='bbox 1730 665 1961 737; x_wconf 90' lang='lat' dir='ltr'>tamen,</span> <span class='ocrx_word' id='word_1_35' title='bbox 1990 680 2093 726; x_wconf 90' lang='lat' dir='ltr'>eos</span> <span class='ocrx_word' id='word_1_36' title='bbox 2132 680 2452 744; x_wconf 79' lang='lat' dir='ltr'>perperam</span> <span class='ocrx_word' id='word_1_37' title='bbox 2487 661 2754 745; x_wconf 82' lang='lat' dir='ltr'>allegare</span> 
     </span>
     <span class='ocr_line' id='line_1_5' title="bbox 300 760 2755 847; baseline 0 -21"><span class='ocrx_word' id='word_1_38' title='bbox 300 782 399 846; x_wconf 90' lang='lat' dir='ltr'>pro</span> <span class='ocrx_word' id='word_1_39' title='bbox 445 782 510 826; x_wconf 90' lang='lat' dir='ltr'>se</span> <span class='ocrx_word' id='word_1_40' title='bbox 559 761 850 827; x_wconf 87' lang='lat' dir='ltr'>Sanchez.</span> <span class='ocrx_word' id='word_1_41' title='bbox 885 762 1002 828; x_wconf 88' lang='lat' dir='ltr'>Sed</span> <span class='ocrx_word' id='word_1_42' title='bbox 1050 765 1299 829; x_wconf 89' lang='lat' dir='ltr'>demum</span> <span class='ocrx_word' id='word_1_43' title='bbox 1331 764 1626 841; x_wconf 85' lang='lat' dir='ltr'>concedit,</span> <span class='ocrx_word' id='word_1_44' title='bbox 1662 764 2048 847; x_wconf 86' lang='lat' dir='ltr'>probabilem</span> <span class='ocrx_word' id='word_1_45' title='bbox 2094 782 2225 828; x_wconf 91' lang='lat' dir='ltr'>esse</span> <span class='ocrx_word' id='word_1_46' title='bbox 2263 764 2638 828; x_wconf 86' lang='lat' dir='ltr'>sententiam</span> <span class='ocrx_word' id='word_1_47' title='bbox 2670 760 2755 828; x_wconf 82' lang='lat' dir='ltr'>af-</span> 
     </span>
     <span class='ocr_line' id='line_1_6' title="bbox 298 864 2750 943; baseline 0.002 -16"><span class='ocrx_word' id='word_1_48' title='bbox 298 864 693 941; x_wconf 89' lang='lat' dir='ltr'>firmantium,</span> <span class='ocrx_word' id='word_1_49' title='bbox 727 866 920 929; x_wconf 87' lang='lat' dir='ltr'>etiam</span> <span class='ocrx_word' id='word_1_50' title='bbox 968 867 1045 931; x_wconf 91' lang='lat' dir='ltr'>ob</span> <span class='ocrx_word' id='word_1_51' title='bbox 1092 886 1360 931; x_wconf 91' lang='lat' dir='ltr'>errorem</span> <span class='ocrx_word' id='word_1_52' title='bbox 1406 868 1565 931; x_wconf 89' lang='lat' dir='ltr'>circa</span> <span class='ocrx_word' id='word_1_53' title='bbox 1614 867 2018 931; x_wconf 85' lang='lat' dir='ltr'>accidentalia</span> <span class='ocrx_word' id='word_1_54' title='bbox 2065 866 2315 931; x_wconf 91' lang='lat' dir='ltr'>irritum</span> <span class='ocrx_word' id='word_1_55' title='bbox 2345 865 2480 930; x_wconf 90' lang='lat' dir='ltr'>fieri</span> <span class='ocrx_word' id='word_1_56' title='bbox 2510 868 2750 943; x_wconf 86' lang='lat' dir='ltr'>votum,</span> 
     </span>
     <span class='ocr_line' id='line_1_7' title="bbox 296 967 2753 1052; baseline 0.002 -23"><span class='ocrx_word' id='word_1_57' title='bbox 296 967 343 1030; x_wconf 87' lang='lat' dir='ltr'>si</span> <span class='ocrx_word' id='word_1_58' title='bbox 386 967 537 1030; x_wconf 85' lang='lat' dir='ltr'>haec</span> <span class='ocrx_word' id='word_1_59' title='bbox 584 967 711 1030; x_wconf 89' lang='lat' dir='ltr'>sint</span> <span class='ocrx_word' id='word_1_60' title='bbox 754 968 969 1052; x_wconf 88' lang='lat' dir='ltr'>magni</span> <span class='ocrx_word' id='word_1_61' title='bbox 1000 969 1318 1034; x_wconf 88' lang='lat' dir='ltr'>momenti.</span> <span class='ocrx_word' id='word_1_62' title='bbox 1353 971 1445 1034; x_wconf 89' lang='lat' dir='ltr'>De</span> <span class='ocrx_word' id='word_1_63' title='bbox 1490 989 1612 1051; x_wconf 89' lang='lat' dir='ltr'>qua</span> <span class='ocrx_word' id='word_1_64' title='bbox 1660 989 1725 1033; x_wconf 89' lang='lat' dir='ltr'>re</span> <span class='ocrx_word' id='word_1_65' title='bbox 1759 988 1808 1032; x_wconf 90' lang='lat' dir='ltr'>s.</span> <span class='ocrx_word' id='word_1_66' title='bbox 1835 970 2068 1033; x_wconf 89' lang='lat' dir='ltr'>Doctor</span> <span class='ocrx_word' id='word_1_67' title='bbox 2099 968 2323 1032; x_wconf 90' lang='lat' dir='ltr'>merito</span> <span class='ocrx_word' id='word_1_68' title='bbox 2370 968 2639 1032; x_wconf 87' lang='lat' dir='ltr'>remittit</span> <span class='ocrx_word' id='word_1_69' title='bbox 2676 968 2753 1033; x_wconf 90' lang='lat' dir='ltr'>ad</span> 
     </span>
     <span class='ocr_line' id='line_1_8' title="bbox 295 1068 2751 1150; baseline 0.002 -19"><span class='ocrx_word' id='word_1_70' title='bbox 295 1089 349 1131; x_wconf 90' lang='lat' dir='ltr'>n.</span> <span class='ocrx_word' id='word_1_71' title='bbox 383 1069 532 1132; x_wconf 78' lang='lat'>226.</span> <span class='ocrx_word' id='word_1_72' title='bbox 582 1069 691 1133; x_wconf 92' lang='lat' dir='ltr'>ubi</span> <span class='ocrx_word' id='word_1_73' title='bbox 736 1068 809 1133; x_wconf 92' lang='lat' dir='ltr'>de</span> <span class='ocrx_word' id='word_1_74' title='bbox 855 1070 1205 1135; x_wconf 86' lang='lat' dir='ltr'>mutatione</span> <span class='ocrx_word' id='word_1_75' title='bbox 1238 1074 1353 1135; x_wconf 85' lang='lat' dir='ltr'>etc.</span> <span class='ocrx_word' id='word_1_76' title='bbox 1394 1072 1510 1136; x_wconf 87' lang='lat' dir='ltr'>sub</span> <span class='ocrx_word' id='word_1_77' title='bbox 1545 1072 1704 1135; x_wconf 89' lang='lat' dir='ltr'>Dub.</span> <span class='ocrx_word' id='word_1_78' title='bbox 1744 1071 1821 1135; x_wconf 91' lang='lat' dir='ltr'>V.</span> <span class='ocrx_word' id='word_1_79' title='bbox 1871 1070 1948 1134; x_wconf 87' lang='lat' dir='ltr'>cf.</span> <span class='ocrx_word' id='word_1_80' title='bbox 1988 1071 2123 1135; x_wconf 92' lang='lat' dir='ltr'>heic</span> <span class='ocrx_word' id='word_1_81' title='bbox 2159 1090 2219 1133; x_wconf 92' lang='lat' dir='ltr'>n.</span> <span class='ocrx_word' id='word_1_82' title='bbox 2262 1071 2366 1133; x_wconf 84' lang='lat'>83.</span> <span class='ocrx_word' id='word_1_83' title='bbox 2402 1070 2537 1150; x_wconf 81' lang='lat' dir='ltr'>Quo</span> <span class='ocrx_word' id='word_1_84' title='bbox 2585 1071 2751 1136; x_wconf 88' lang='lat' dir='ltr'>facto</span> 
     </span>
     <span class='ocr_line' id='line_1_9' title="bbox 294 1170 2753 1257; baseline 0.002 -24"><span class='ocrx_word' id='word_1_85' title='bbox 294 1170 577 1246; x_wconf 81' lang='lat' dir='ltr'>ostendit,</span> <span class='ocrx_word' id='word_1_86' title='bbox 612 1189 677 1235; x_wconf 88' lang='lat' dir='ltr'>se</span> <span class='ocrx_word' id='word_1_87' title='bbox 709 1171 935 1236; x_wconf 80' lang='lat' dir='ltr'>vidisse</span> <span class='ocrx_word' id='word_1_88' title='bbox 980 1171 1142 1237; x_wconf 86' lang='lat' dir='ltr'>forte</span> <span class='ocrx_word' id='word_1_89' title='bbox 1188 1173 1712 1238; x_wconf 80' lang='lat' dir='ltr'>incohaerentiam</span> <span class='ocrx_word' id='word_1_90' title='bbox 1762 1172 2363 1249; x_wconf 86' lang='lat' dir='ltr'>Salmanticensium,</span> <span class='ocrx_word' id='word_1_91' title='bbox 2414 1173 2521 1254; x_wconf 90' lang='lat' dir='ltr'>qui</span> <span class='ocrx_word' id='word_1_92' title='bbox 2567 1191 2753 1257; x_wconf 84' lang='lat' dir='ltr'>regu-</span> 
     </span>
     <span class='ocr_line' id='line_1_10' title="bbox 291 1277 1657 1360; baseline 0.003 -22"><span class='ocrx_word' id='word_1_93' title='bbox 291 1277 405 1339; x_wconf 86' lang='lat' dir='ltr'>lam</span> <span class='ocrx_word' id='word_1_94' title='bbox 453 1277 749 1340; x_wconf 86' lang='lat' dir='ltr'>statuunt</span> <span class='ocrx_word' id='word_1_95' title='bbox 793 1278 1204 1341; x_wconf 85' lang='lat' dir='ltr'>memoratam</span> <span class='ocrx_word' id='word_1_96' title='bbox 1242 1296 1377 1360; x_wconf 89' lang='lat' dir='ltr'>sup.</span> <span class='ocrx_word' id='word_1_97' title='bbox 1413 1299 1470 1342; x_wconf 91' lang='lat' dir='ltr'>n.</span> <span class='ocrx_word' id='word_1_98' title='bbox 1509 1278 1657 1342; x_wconf 75' lang='lat'>606.</span> 
     </span>
    </p>

    <p class='ocr_par' dir='ltr' id='par_1_3' title="bbox 288 1377 2752 1668">
     <span class='ocr_line' id='line_1_11' title="bbox 374 1377 2752 1463; baseline 0 -21"><span class='ocrx_word' id='word_1_99' title='bbox 374 1377 553 1442; x_wconf 88' lang='lat' dir='ltr'>Unde</span> <span class='ocrx_word' id='word_1_100' title='bbox 578 1377 810 1461; x_wconf 81' lang='lat' dir='ltr'>duplici</span> <span class='ocrx_word' id='word_1_101' title='bbox 834 1378 1017 1443; x_wconf 93' lang='lat' dir='ltr'>modo</span> <span class='ocrx_word' id='word_1_102' title='bbox 1043 1379 1362 1463; x_wconf 88' lang='lat' dir='ltr'>quidpiam</span> <span class='ocrx_word' id='word_1_103' title='bbox 1389 1380 1617 1444; x_wconf 83' lang='lat' dir='ltr'>afficiet</span> <span class='ocrx_word' id='word_1_104' title='bbox 1642 1381 2091 1456; x_wconf 79' lang='lat' dir='ltr'>substantiam3</span> <span class='ocrx_word' id='word_1_105' title='bbox 2125 1378 2190 1443; x_wconf 87' lang='lat'>1⁰</span> <span class='ocrx_word' id='word_1_106' title='bbox 2214 1381 2266 1443; x_wconf 89' lang='lat' dir='ltr'>si</span> <span class='ocrx_word' id='word_1_107' title='bbox 2292 1397 2463 1443; x_wconf 89' lang='lat' dir='ltr'>error</span> <span class='ocrx_word' id='word_1_108' title='bbox 2489 1379 2571 1443; x_wconf 90' lang='lat' dir='ltr'>sit</span> <span class='ocrx_word' id='word_1_109' title='bbox 2590 1379 2752 1443; x_wconf 88' lang='lat' dir='ltr'>circa</span> 
     </span>
     <span class='ocr_line' id='line_1_12' title="bbox 292 1481 2752 1549; baseline -0 -4"><span class='ocrx_word' id='word_1_110' title='bbox 292 1481 373 1545; x_wconf 90' lang='lat' dir='ltr'>rei</span> <span class='ocrx_word' id='word_1_111' title='bbox 403 1481 858 1546; x_wconf 86' lang='lat' dir='ltr'>substantiam:</span> <span class='ocrx_word' id='word_1_112' title='bbox 887 1484 956 1545; x_wconf 84' lang='lat'>2⁰</span> <span class='ocrx_word' id='word_1_113' title='bbox 988 1483 1043 1547; x_wconf 89' lang='lat' dir='ltr'>si</span> <span class='ocrx_word' id='word_1_114' title='bbox 1074 1483 1159 1547; x_wconf 91' lang='lat' dir='ltr'>sit</span> <span class='ocrx_word' id='word_1_115' title='bbox 1189 1484 1349 1548; x_wconf 88' lang='lat' dir='ltr'>circa</span> <span class='ocrx_word' id='word_1_116' title='bbox 1374 1484 1754 1549; x_wconf 90' lang='lat' dir='ltr'>conditiones</span> <span class='ocrx_word' id='word_1_117' title='bbox 1786 1484 1885 1548; x_wconf 84' lang='lat' dir='ltr'>vel</span> <span class='ocrx_word' id='word_1_118' title='bbox 1916 1502 2171 1549; x_wconf 86' lang='lat' dir='ltr'>causam</span> <span class='ocrx_word' id='word_1_119' title='bbox 2210 1484 2386 1546; x_wconf 89' lang='lat' dir='ltr'>actus</span> <span class='ocrx_word' id='word_1_120' title='bbox 2423 1483 2514 1546; x_wconf 89' lang='lat' dir='ltr'>ita</span> <span class='ocrx_word' id='word_1_121' title='bbox 2547 1483 2621 1545; x_wconf 92' lang='lat' dir='ltr'>ut</span> <span class='ocrx_word' id='word_1_122' title='bbox 2643 1500 2752 1545; x_wconf 84' lang='lat' dir='ltr'>vo-</span> 
     </span>
     <span class='ocr_line' id='line_1_13' title="bbox 288 1583 2749 1668; baseline 0.001 -22"><span class='ocrx_word' id='word_1_123' title='bbox 288 1583 495 1648; x_wconf 81' lang='lat' dir='ltr'>luntas</span> <span class='ocrx_word' id='word_1_124' title='bbox 511 1583 714 1666; x_wconf 91' lang='lat' dir='ltr'>reipsa</span> <span class='ocrx_word' id='word_1_125' title='bbox 733 1584 1037 1649; x_wconf 88' lang='lat' dir='ltr'>noluisset</span> <span class='ocrx_word' id='word_1_126' title='bbox 1051 1587 1270 1650; x_wconf 86' lang='lat' dir='ltr'>votum</span> <span class='ocrx_word' id='word_1_127' title='bbox 1288 1585 1504 1660; x_wconf 88' lang='lat' dir='ltr'>facere,</span> <span class='ocrx_word' id='word_1_128' title='bbox 1518 1585 1571 1648; x_wconf 90' lang='lat' dir='ltr'>si</span> <span class='ocrx_word' id='word_1_129' title='bbox 1589 1586 1872 1668; x_wconf 80' lang='lat' dir='ltr'>praevisa</span> <span class='ocrx_word' id='word_1_130' title='bbox 1896 1585 2004 1649; x_wconf 78' lang='lat' dir='ltr'>illa</span> <span class='ocrx_word' id='word_1_131' title='bbox 2022 1586 2491 1649; x_wconf 78' lang='lat' dir='ltr'>circumstantia</span> <span class='ocrx_word' id='word_1_132' title='bbox 2507 1585 2749 1649; x_wconf 88' lang='lat' dir='ltr'>fuisset.</span> 
     </span>
    </p>
   </div>
   <div class='ocr_carea' id='block_1_3' title="bbox 289 1717 2752 1868">
    <p class='ocr_par' dir='ltr' id='par_1_4' title="bbox 289 1717 2752 1868">
     <span class='ocr_line' id='line_1_14' title="bbox 392 1717 2752 1788; baseline 0.001 -18"><span class='ocrx_word' id='word_1_133' title='bbox 392 1720 453 1770; x_wconf 82' lang='lat' dir='ltr'>X.</span> <span class='ocrx_word' id='word_1_134' title='bbox 476 1719 528 1770; x_wconf 87' lang='lat'>7.</span> <span class='ocrx_word' id='word_1_135' title='bbox 552 1719 697 1779; x_wconf 88' lang='lat' dir='ltr'>Vota,</span> <span class='ocrx_word' id='word_1_136' title='bbox 718 1732 843 1784; x_wconf 87' lang='lat' dir='ltr'>quae</span> <span class='ocrx_word' id='word_1_137' title='bbox 869 1717 1156 1772; x_wconf 86' lang='lat' dir='ltr'>emittuntur</span> <span class='ocrx_word' id='word_1_138' title='bbox 1182 1727 1289 1787; x_wconf 87' lang='lat' dir='ltr'>post</span> <span class='ocrx_word' id='word_1_139' title='bbox 1319 1719 1633 1782; x_wconf 85' lang='lat' dir='ltr'>Novitiatum,</span> <span class='ocrx_word' id='word_1_140' title='bbox 1658 1719 1705 1772; x_wconf 89' lang='lat' dir='ltr'>in</span> <span class='ocrx_word' id='word_1_141' title='bbox 1732 1734 2022 1786; x_wconf 84' lang='lat' dir='ltr'>quocunque</span> <span class='ocrx_word' id='word_1_142' title='bbox 2048 1722 2321 1788; x_wconf 88' lang='lat' dir='ltr'>approbato</span> <span class='ocrx_word' id='word_1_143' title='bbox 2359 1718 2558 1782; x_wconf 82' lang='lat' dir='ltr'>Ordine,</span> <span class='ocrx_word' id='word_1_144' title='bbox 2599 1719 2752 1773; x_wconf 83' lang='lat' dir='ltr'>instar</span> 
     </span>
     <span class='ocr_line' id='line_1_15' title="bbox 289 1801 2747 1868; baseline 0.001 -14"><span class='ocrx_word' id='word_1_145' title='bbox 289 1801 582 1855; x_wconf 80' lang='lat' dir='ltr'>matrimonii</span> <span class='ocrx_word' id='word_1_146' title='bbox 617 1802 841 1867; x_wconf 82' lang='lat' dir='ltr'>carnalis,</span> <span class='ocrx_word' id='word_1_147' title='bbox 870 1817 963 1856; x_wconf 90' lang='lat' dir='ltr'>non</span> <span class='ocrx_word' id='word_1_148' title='bbox 1004 1811 1117 1857; x_wconf 86' lang='lat' dir='ltr'>sunt</span> <span class='ocrx_word' id='word_1_149' title='bbox 1151 1804 1291 1858; x_wconf 87' lang='lat' dir='ltr'>irrita</span> <span class='ocrx_word' id='word_1_150' title='bbox 1322 1806 1386 1857; x_wconf 88' lang='lat' dir='ltr'>ob</span> <span class='ocrx_word' id='word_1_151' title='bbox 1427 1808 1575 1858; x_wconf 88' lang='lat' dir='ltr'>ullum</span> <span class='ocrx_word' id='word_1_152' title='bbox 1616 1819 1852 1868; x_wconf 89' lang='lat' dir='ltr'>errorem,</span> <span class='ocrx_word' id='word_1_153' title='bbox 1883 1803 1974 1858; x_wconf 91' lang='lat' dir='ltr'>nisi</span> <span class='ocrx_word' id='word_1_154' title='bbox 2013 1807 2172 1857; x_wconf 87' lang='lat' dir='ltr'>solum</span> <span class='ocrx_word' id='word_1_155' title='bbox 2217 1805 2583 1857; x_wconf 82' lang='lat' dir='ltr'>substantialem</span> <span class='ocrx_word' id='word_1_156' title='bbox 2623 1804 2747 1857; x_wconf 76' lang='lat' dir='ltr'>eirca</span> 
     </span>
    </p>
   </div>
   <div class='ocr_carea' id='block_1_4' title="bbox 256 1886 2748 3415">
    <p class='ocr_par' dir='ltr' id='par_1_5' title="bbox 291 1886 623 1939">
     <span class='ocr_line' id='line_1_16' title="bbox 291 1886 623 1939; baseline 0.003 -1"><span class='ocrx_word' id='word_1_157' title='bbox 291 1886 623 1939; x_wconf 81' lang='lat' dir='ltr'>substantiam.</span> 
     </span>
    </p>

    <p class='ocr_par' dir='ltr' id='par_1_6' title="bbox 256 1988 2748 3415">
     <span class='ocr_line' id='line_1_17' title="bbox 380 1988 2747 2075; baseline -0.003 -15"><span class='ocrx_word' id='word_1_158' title='bbox 380 1988 515 2060; x_wconf 77' lang='grc'><strong>611.</strong></span> <span class='ocrx_word' id='word_1_159' title='bbox 548 1991 757 2075; x_wconf 82' lang='lat' dir='ltr'>Excipi</span> <span class='ocrx_word' id='word_1_160' title='bbox 802 2011 949 2057; x_wconf 88' lang='lat' dir='ltr'>sane</span> <span class='ocrx_word' id='word_1_161' title='bbox 982 1993 1205 2057; x_wconf 89' lang='lat' dir='ltr'>debent</span> <span class='ocrx_word' id='word_1_162' title='bbox 1250 1995 1417 2070; x_wconf 80' lang='lat' dir='ltr'>vota,</span> <span class='ocrx_word' id='word_1_163' title='bbox 1459 2013 1617 2075; x_wconf 89' lang='lat' dir='ltr'>quae</span> <span class='ocrx_word' id='word_1_164' title='bbox 1665 1994 2041 2057; x_wconf 87' lang='lat' dir='ltr'>emittuntur</span> <span class='ocrx_word' id='word_1_165' title='bbox 2087 1993 2229 2075; x_wconf 87' lang='lat' dir='ltr'>post</span> <span class='ocrx_word' id='word_1_166' title='bbox 2274 1990 2654 2054; x_wconf 78' lang='lat' dir='ltr'>novitiatum</span> <span class='ocrx_word' id='word_1_167' title='bbox 2684 1992 2747 2054; x_wconf 94' lang='lat' dir='ltr'>in</span> 
     </span>
     <span class='ocr_line' id='line_1_18' title="bbox 282 2093 2748 2178; baseline 0 -21"><span class='ocrx_word' id='word_1_168' title='bbox 282 2112 674 2176; x_wconf 85' lang='lat' dir='ltr'>quocumque</span> <span class='ocrx_word' id='word_1_169' title='bbox 705 2095 1047 2176; x_wconf 85' lang='lat' dir='ltr'>approbato</span> <span class='ocrx_word' id='word_1_170' title='bbox 1079 2094 1331 2159; x_wconf 90' lang='lat' dir='ltr'>Ordine:</span> <span class='ocrx_word' id='word_1_171' title='bbox 1366 2096 1591 2178; x_wconf 89' lang='lat' dir='ltr'>quippe</span> <span class='ocrx_word' id='word_1_172' title='bbox 1638 2115 1798 2177; x_wconf 89' lang='lat' dir='ltr'>quae</span> <span class='ocrx_word' id='word_1_173' title='bbox 1840 2096 2021 2159; x_wconf 90' lang='lat' dir='ltr'>irrita</span> <span class='ocrx_word' id='word_1_174' title='bbox 2067 2112 2190 2158; x_wconf 93' lang='lat' dir='ltr'>non</span> <span class='ocrx_word' id='word_1_175' title='bbox 2236 2095 2386 2157; x_wconf 91' lang='lat' dir='ltr'>sunt</span> <span class='ocrx_word' id='word_1_176' title='bbox 2415 2093 2493 2156; x_wconf 90' lang='lat' dir='ltr'>ob</span> <span class='ocrx_word' id='word_1_177' title='bbox 2547 2093 2748 2157; x_wconf 91' lang='lat' dir='ltr'>ullum</span> 
     </span>
     <span class='ocr_line' id='line_1_19' title="bbox 280 2193 2744 2274; baseline -0.001 -14"><span class='ocrx_word' id='word_1_178' title='bbox 280 2216 570 2272; x_wconf 88' lang='lat' dir='ltr'>errorem,</span> <span class='ocrx_word' id='word_1_179' title='bbox 614 2196 734 2260; x_wconf 85' lang='lat' dir='ltr'>nisi</span> <span class='ocrx_word' id='word_1_180' title='bbox 779 2196 984 2261; x_wconf 91' lang='lat' dir='ltr'>solum</span> <span class='ocrx_word' id='word_1_181' title='bbox 1031 2197 1508 2262; x_wconf 88' lang='lat' dir='ltr'>substantialem</span> <span class='ocrx_word' id='word_1_182' title='bbox 1557 2199 1716 2262; x_wconf 83' lang='lat' dir='ltr'>circa</span> <span class='ocrx_word' id='word_1_183' title='bbox 1766 2197 2205 2262; x_wconf 83' lang='lat' dir='ltr'>substantiam.</span> <span class='ocrx_word' id='word_1_184' title='bbox 2241 2194 2304 2260; x_wconf 89' lang='lat' dir='ltr'>S.</span> <span class='ocrx_word' id='word_1_185' title='bbox 2347 2193 2541 2274; x_wconf 75' lang='lat' dir='ltr'>Alph..</span> <span class='ocrx_word' id='word_1_186' title='bbox 2592 2196 2632 2257; x_wconf 96' lang='lat' dir='ltr'>l.</span> <span class='ocrx_word' id='word_1_187' title='bbox 2685 2196 2744 2257; x_wconf 85' lang='lat'>3.</span> 
     </span>
     <span class='ocr_line' id='line_1_20' title="bbox 279 2297 2743 2386; baseline -0.001 -24"><span class='ocrx_word' id='word_1_188' title='bbox 279 2317 336 2363; x_wconf 91' lang='lat' dir='ltr'>n.</span> <span class='ocrx_word' id='word_1_189' title='bbox 390 2300 540 2362; x_wconf 78' lang='grc'><strong>198.</strong></span> <span class='ocrx_word' id='word_1_190' title='bbox 594 2322 629 2357; x_wconf 83' lang='lat'><strong>«</strong></span> <span class='ocrx_word' id='word_1_191' title='bbox 684 2298 871 2363; x_wconf 86' lang='lat' dir='ltr'>Ratio</span> <span class='ocrx_word' id='word_1_192' title='bbox 919 2300 1014 2363; x_wconf 88' lang='lat' dir='ltr'>est</span> <span class='ocrx_word' id='word_1_193' title='bbox 1060 2299 1265 2383; x_wconf 90' lang='lat' dir='ltr'>inquit</span> <span class='ocrx_word' id='word_1_194' title='bbox 1310 2300 1487 2386; x_wconf 84' lang='lat' dir='ltr'>Lugo</span> <span class='ocrx_word' id='word_1_195' title='bbox 1535 2300 1609 2363; x_wconf 78' lang='lat' dir='ltr'>de</span> <span class='ocrx_word' id='word_1_196' title='bbox 1658 2300 1817 2364; x_wconf 72' lang='lat' dir='ltr'>lust.</span> <span class='ocrx_word' id='word_1_197' title='bbox 1868 2303 1931 2363; x_wconf 78' lang='lat' dir='ltr'>et</span> <span class='ocrx_word' id='word_1_198' title='bbox 1972 2300 2110 2364; x_wconf 74' lang='grc' dir='ltr'><em>Ιιιν.</em></span> <span class='ocrx_word' id='word_1_199' title='bbox 2168 2298 2323 2382; x_wconf 88' lang='lat' dir='ltr'>disp.</span> <span class='ocrx_word' id='word_1_200' title='bbox 2375 2299 2479 2361; x_wconf 77' lang='lat'>22.</span> <span class='ocrx_word' id='word_1_201' title='bbox 2516 2317 2574 2360; x_wconf 93' lang='lat' dir='ltr'>n.</span> <span class='ocrx_word' id='word_1_202' title='bbox 2618 2297 2743 2372; x_wconf 68' lang='lat'>88„</span> 
     </span>
     <span class='ocr_line' id='line_1_21' title="bbox 274 2399 2748 2484; baseline -0 -19"><span class='ocrx_word' id='word_1_203' title='bbox 274 2401 421 2484; x_wconf 85' lang='lat' dir='ltr'>quia</span> <span class='ocrx_word' id='word_1_204' title='bbox 468 2401 536 2465; x_wconf 90' lang='lat' dir='ltr'>in</span> <span class='ocrx_word' id='word_1_205' title='bbox 584 2401 684 2478; x_wconf 74' lang='lat' dir='ltr'>iis,</span> <span class='ocrx_word' id='word_1_206' title='bbox 718 2420 875 2483; x_wconf 90' lang='lat' dir='ltr'>quae</span> <span class='ocrx_word' id='word_1_207' title='bbox 923 2402 1318 2468; x_wconf 88' lang='lat' dir='ltr'>constituunt</span> <span class='ocrx_word' id='word_1_208' title='bbox 1361 2406 1601 2468; x_wconf 90' lang='lat' dir='ltr'>statum</span> <span class='ocrx_word' id='word_1_209' title='bbox 1647 2423 1718 2467; x_wconf 82' lang='lat' dir='ltr'>ex</span> <span class='ocrx_word' id='word_1_210' title='bbox 1751 2404 1977 2468; x_wconf 87' lang='lat' dir='ltr'>natura</span> <span class='ocrx_word' id='word_1_211' title='bbox 2024 2421 2138 2467; x_wconf 88' lang='lat' dir='ltr'>sua</span> <span class='ocrx_word' id='word_1_212' title='bbox 2185 2400 2434 2466; x_wconf 88' lang='lat' dir='ltr'>firmum</span> <span class='ocrx_word' id='word_1_213' title='bbox 2483 2403 2545 2465; x_wconf 88' lang='lat' dir='ltr'>et</span> <span class='ocrx_word' id='word_1_214' title='bbox 2606 2399 2748 2466; x_wconf 90' lang='lat' dir='ltr'>irre-</span> 
     </span>
     <span class='ocr_line' id='line_1_22' title="bbox 278 2503 2747 2588; baseline 0 -21"><span class='ocrx_word' id='word_1_215' title='bbox 278 2504 645 2581; x_wconf 81' lang='lat' dir='ltr'>vocabilem,</span> <span class='ocrx_word' id='word_1_216' title='bbox 686 2503 900 2585; x_wconf 87' lang='lat' dir='ltr'>quales</span> <span class='ocrx_word' id='word_1_217' title='bbox 932 2506 1081 2569; x_wconf 90' lang='lat' dir='ltr'>sunt</span> <span class='ocrx_word' id='word_1_218' title='bbox 1126 2505 1425 2588; x_wconf 85' lang='lat' dir='ltr'>professio</span> <span class='ocrx_word' id='word_1_219' title='bbox 1460 2507 1522 2570; x_wconf 89' lang='lat' dir='ltr'>et</span> <span class='ocrx_word' id='word_1_220' title='bbox 1554 2506 2048 2581; x_wconf 87' lang='lat' dir='ltr'>matrimonium,</span> <span class='ocrx_word' id='word_1_221' title='bbox 2086 2504 2377 2570; x_wconf 81' lang='lat' dir='ltr'>voluntas</span> <span class='ocrx_word' id='word_1_222' title='bbox 2414 2504 2591 2568; x_wconf 81' lang='lat' dir='ltr'>iuxta</span> <span class='ocrx_word' id='word_1_223' title='bbox 2637 2523 2747 2568; x_wconf 88' lang='lat' dir='ltr'>na-</span> 
     </span>
     <span class='ocr_line' id='line_1_23' title="bbox 272 2606 2746 2692; baseline 0.001 -23"><span class='ocrx_word' id='word_1_224' title='bbox 272 2608 481 2672; x_wconf 85' lang='lat' dir='ltr'>turam</span> <span class='ocrx_word' id='word_1_225' title='bbox 516 2607 631 2684; x_wconf 91' lang='lat' dir='ltr'>rei,</span> <span class='ocrx_word' id='word_1_226' title='bbox 674 2606 747 2671; x_wconf 91' lang='lat' dir='ltr'>de</span> <span class='ocrx_word' id='word_1_227' title='bbox 778 2626 903 2689; x_wconf 92' lang='lat' dir='ltr'>qua</span> <span class='ocrx_word' id='word_1_228' title='bbox 936 2608 1164 2692; x_wconf 86' lang='lat' dir='ltr'>agitur,</span> <span class='ocrx_word' id='word_1_229' title='bbox 1201 2610 1628 2674; x_wconf 83' lang='lat' dir='ltr'>accommodat</span> <span class='ocrx_word' id='word_1_230' title='bbox 1660 2629 1723 2673; x_wconf 91' lang='lat' dir='ltr'>se</span> <span class='ocrx_word' id='word_1_231' title='bbox 1756 2612 1818 2673; x_wconf 87' lang='lat' dir='ltr'>et</span> <span class='ocrx_word' id='word_1_232' title='bbox 1856 2608 2165 2674; x_wconf 87' lang='lat' dir='ltr'>consentit</span> <span class='ocrx_word' id='word_1_233' title='bbox 2196 2608 2327 2672; x_wconf 88' lang='lat' dir='ltr'>sine</span> <span class='ocrx_word' id='word_1_234' title='bbox 2359 2607 2746 2672; x_wconf 86' lang='lat' dir='ltr'>restrictione</span> 
     </span>
     <span class='ocr_line' id='line_1_24' title="bbox 270 2709 2747 2795; baseline 0 -21"><span class='ocrx_word' id='word_1_235' title='bbox 270 2710 367 2775; x_wconf 84' lang='lat' dir='ltr'>vel</span> <span class='ocrx_word' id='word_1_236' title='bbox 411 2709 794 2786; x_wconf 88' lang='lat' dir='ltr'>conditione,</span> <span class='ocrx_word' id='word_1_237' title='bbox 844 2711 948 2775; x_wconf 87' lang='lat' dir='ltr'>sed</span> <span class='ocrx_word' id='word_1_238' title='bbox 989 2710 1237 2777; x_wconf 89' lang='lat' dir='ltr'>omnino</span> <span class='ocrx_word' id='word_1_239' title='bbox 1293 2712 1578 2777; x_wconf 88' lang='lat' dir='ltr'>absolute</span> <span class='ocrx_word' id='word_1_240' title='bbox 1609 2714 1674 2777; x_wconf 90' lang='lat' dir='ltr'>et</span> <span class='ocrx_word' id='word_1_241' title='bbox 1716 2712 2193 2795; x_wconf 85' lang='lat' dir='ltr'>independenter</span> <span class='ocrx_word' id='word_1_242' title='bbox 2233 2711 2310 2776; x_wconf 89' lang='lat' dir='ltr'>ab</span> <span class='ocrx_word' id='word_1_243' title='bbox 2356 2710 2497 2775; x_wconf 88' lang='lat' dir='ltr'>aliis</span> <span class='ocrx_word' id='word_1_244' title='bbox 2543 2710 2747 2775; x_wconf 89' lang='lat' dir='ltr'>condi-</span> 
     </span>
     <span class='ocr_line' id='line_1_25' title="bbox 268 2813 2744 2896; baseline 0 -19"><span class='ocrx_word' id='word_1_245' title='bbox 268 2813 553 2878; x_wconf 86' lang='lat' dir='ltr'>tionibus</span> <span class='ocrx_word' id='word_1_246' title='bbox 589 2815 834 2896; x_wconf 88' lang='lat' dir='ltr'>praeter</span> <span class='ocrx_word' id='word_1_247' title='bbox 864 2832 988 2891; x_wconf 75' lang='lat' dir='ltr'>eae,</span> <span class='ocrx_word' id='word_1_248' title='bbox 1028 2833 1187 2896; x_wconf 88' lang='lat' dir='ltr'>quae</span> <span class='ocrx_word' id='word_1_249' title='bbox 1222 2817 1373 2879; x_wconf 88' lang='lat' dir='ltr'>sunt</span> <span class='ocrx_word' id='word_1_250' title='bbox 1417 2814 1491 2879; x_wconf 91' lang='lat' dir='ltr'>de</span> <span class='ocrx_word' id='word_1_251' title='bbox 1527 2815 1882 2880; x_wconf 89' lang='lat' dir='ltr'>substantia</span> <span class='ocrx_word' id='word_1_252' title='bbox 1928 2814 2204 2880; x_wconf 86' lang='lat' dir='ltr'>eiusdem</span> <span class='ocrx_word' id='word_1_253' title='bbox 2251 2816 2628 2881; x_wconf 88' lang='lat' dir='ltr'>contractus.</span> <span class='ocrx_word' id='word_1_254' title='bbox 2655 2814 2744 2878; x_wconf 81' lang='lat' dir='ltr'>Ex</span> 
     </span>
     <span class='ocr_line' id='line_1_26' title="bbox 268 2914 2744 3001; baseline 0 -21"><span class='ocrx_word' id='word_1_255' title='bbox 268 2915 346 2980; x_wconf 86' lang='lat' dir='ltr'>iis</span> <span class='ocrx_word' id='word_1_256' title='bbox 393 2917 569 2981; x_wconf 92' lang='lat' dir='ltr'>enim</span> <span class='ocrx_word' id='word_1_257' title='bbox 618 2915 1076 2981; x_wconf 84' lang='lat' dir='ltr'>conditionibus</span> <span class='ocrx_word' id='word_1_258' title='bbox 1130 2920 1451 2983; x_wconf 85' lang='lat' dir='ltr'>manerent</span> <span class='ocrx_word' id='word_1_259' title='bbox 1495 2919 1731 2984; x_wconf 87' lang='lat' dir='ltr'>incerta</span> <span class='ocrx_word' id='word_1_260' title='bbox 1782 2918 2180 2983; x_wconf 87' lang='lat' dir='ltr'>matrimonia</span> <span class='ocrx_word' id='word_1_261' title='bbox 2228 2914 2292 2982; x_wconf 75' lang='lat' dir='ltr'>e&#39;t</span> <span class='ocrx_word' id='word_1_262' title='bbox 2338 2917 2744 3001; x_wconf 86' lang='lat' dir='ltr'>professiones</span> 
     </span>
     <span class='ocr_line' id='line_1_27' title="bbox 264 3018 2740 3106; baseline 0.002 -25"><span class='ocrx_word' id='word_1_263' title='bbox 264 3020 457 3099; x_wconf 84' lang='lat' dir='ltr'>atque</span> <span class='ocrx_word' id='word_1_264' title='bbox 484 3018 647 3083; x_wconf 90' lang='lat' dir='ltr'>adeo</span> <span class='ocrx_word' id='word_1_265' title='bbox 670 3018 801 3101; x_wconf 88' lang='lat' dir='ltr'>ipse</span> <span class='ocrx_word' id='word_1_266' title='bbox 832 3021 1058 3099; x_wconf 86' lang='lat' dir='ltr'>status,</span> <span class='ocrx_word' id='word_1_267' title='bbox 1078 3021 1241 3103; x_wconf 90' lang='lat' dir='ltr'>quod</span> <span class='ocrx_word' id='word_1_268' title='bbox 1277 3040 1398 3086; x_wconf 92' lang='lat' dir='ltr'>non</span> <span class='ocrx_word' id='word_1_269' title='bbox 1425 3024 1520 3087; x_wconf 89' lang='lat' dir='ltr'>est</span> <span class='ocrx_word' id='word_1_270' title='bbox 1544 3022 1718 3087; x_wconf 81' lang='lat' dir='ltr'>iuxta</span> <span class='ocrx_word' id='word_1_271' title='bbox 1744 3024 2037 3087; x_wconf 87' lang='lat' dir='ltr'>naturam</span> <span class='ocrx_word' id='word_1_272' title='bbox 2061 3023 2169 3099; x_wconf 92' lang='lat' dir='ltr'>rei,</span> <span class='ocrx_word' id='word_1_273' title='bbox 2189 3022 2263 3087; x_wconf 91' lang='lat' dir='ltr'>de</span> <span class='ocrx_word' id='word_1_274' title='bbox 2285 3042 2410 3104; x_wconf 88' lang='lat' dir='ltr'>qua</span> <span class='ocrx_word' id='word_1_275' title='bbox 2444 3023 2655 3106; x_wconf 86' lang='lat' dir='ltr'>agitur</span> <span class='ocrx_word' id='word_1_276' title='bbox 2680 3048 2740 3085; x_wconf 81' lang='lat'>».</span> 
     </span>
     <span class='ocr_line' id='line_1_28' title="bbox 260 3118 2745 3217; baseline 0.003 -34"><span class='ocrx_word' id='word_1_277' title='bbox 260 3118 363 3197; x_wconf 86' lang='lat' dir='ltr'>Et,</span> <span class='ocrx_word' id='word_1_278' title='bbox 398 3122 477 3187; x_wconf 90' lang='lat' dir='ltr'>ut</span> <span class='ocrx_word' id='word_1_279' title='bbox 528 3119 823 3205; x_wconf 85' lang='lat' dir='ltr'>adiungit</span> <span class='ocrx_word' id='word_1_280' title='bbox 868 3121 1136 3188; x_wconf 82' lang='lat' dir='ltr'>Sanchez</span> <span class='ocrx_word' id='word_1_281' title='bbox 1159 3124 1234 3187; x_wconf 84' lang='lat' dir='ltr'>de</span> <span class='ocrx_word' id='word_1_282' title='bbox 1266 3123 1558 3188; x_wconf 59' lang='lat' dir='ltr'>Matrem.</span> <span class='ocrx_word' id='word_1_283' title='bbox 1592 3124 1700 3189; x_wconf 90' lang='lat' dir='ltr'>lib.</span> <span class='ocrx_word' id='word_1_284' title='bbox 1740 3126 1842 3189; x_wconf 90' lang='grc'>10.</span> <span class='ocrx_word' id='word_1_285' title='bbox 1879 3124 2036 3217; x_wconf 83' lang='lat' dir='ltr'>disp.</span> <span class='ocrx_word' id='word_1_286' title='bbox 2078 3126 2139 3191; x_wconf 86' lang='lat'>9.</span> <span class='ocrx_word' id='word_1_287' title='bbox 2173 3145 2232 3190; x_wconf 93' lang='lat' dir='ltr'>n.</span> <span class='ocrx_word' id='word_1_288' title='bbox 2270 3127 2406 3189; x_wconf 84' lang='grc' dir='ltr'><strong>2Ο.;</strong></span> <span class='ocrx_word' id='word_1_289' title='bbox 2449 3150 2483 3182; x_wconf 90' lang='lat'>«</span> <span class='ocrx_word' id='word_1_290' title='bbox 2516 3144 2588 3189; x_wconf 80' lang='lat' dir='ltr'>ex</span> <span class='ocrx_word' id='word_1_291' title='bbox 2634 3125 2745 3190; x_wconf 91' lang='lat' dir='ltr'>hu·</span> 
     </span>
     <span class='ocr_line' id='line_1_29' title="bbox 260 3222 2745 3312; baseline 0.002 -25"><span class='ocrx_word' id='word_1_292' title='bbox 260 3222 546 3289; x_wconf 88' lang='lat' dir='ltr'>iusmodi</span> <span class='ocrx_word' id='word_1_293' title='bbox 581 3222 985 3307; x_wconf 86' lang='lat' dir='ltr'>dependentia</span> <span class='ocrx_word' id='word_1_294' title='bbox 1015 3231 1393 3308; x_wconf 88' lang='lat' dir='ltr'>sequeretur,</span> <span class='ocrx_word' id='word_1_295' title='bbox 1428 3229 1636 3312; x_wconf 91' lang='lat' dir='ltr'>plures</span> <span class='ocrx_word' id='word_1_296' title='bbox 1673 3228 2082 3311; x_wconf 85' lang='lat' dir='ltr'>professiones</span> <span class='ocrx_word' id='word_1_297' title='bbox 2121 3232 2184 3294; x_wconf 95' lang='lat' dir='ltr'>et</span> <span class='ocrx_word' id='word_1_298' title='bbox 2216 3229 2507 3312; x_wconf 88' lang='lat' dir='ltr'>pleraque</span> <span class='ocrx_word' id='word_1_299' title='bbox 2530 3228 2745 3293; x_wconf 90' lang='lat' dir='ltr'>matri-</span> 
     </span>
     <span class='ocr_line' id='line_1_30' title="bbox 256 3326 2742 3415; baseline 0.003 -25"><span class='ocrx_word' id='word_1_300' title='bbox 256 3326 473 3391; x_wconf 88' lang='lat' dir='ltr'>monia</span> <span class='ocrx_word' id='word_1_301' title='bbox 501 3327 810 3392; x_wconf 85' lang='lat' dir='ltr'>censenda</span> <span class='ocrx_word' id='word_1_302' title='bbox 842 3347 973 3393; x_wconf 89' lang='lat' dir='ltr'>esse</span> <span class='ocrx_word' id='word_1_303' title='bbox 1004 3329 1223 3403; x_wconf 70' lang='lat' dir='ltr'>irrita,</span> <span class='ocrx_word' id='word_1_304' title='bbox 1252 3330 1416 3412; x_wconf 93' lang='lat' dir='ltr'>quod</span> <span class='ocrx_word' id='word_1_305' title='bbox 1440 3331 1681 3396; x_wconf 87' lang='lat' dir='ltr'>cederet</span> <span class='ocrx_word' id='word_1_306' title='bbox 1712 3331 1776 3396; x_wconf 91' lang='lat' dir='ltr'>in</span> <span class='ocrx_word' id='word_1_307' title='bbox 1815 3350 2005 3415; x_wconf 80' lang='lat' dir='ltr'>grave</span> <span class='ocrx_word' id='word_1_308' title='bbox 2036 3331 2409 3414; x_wconf 86' lang='lat' dir='ltr'>reipublicae</span> <span class='ocrx_word' id='word_1_309' title='bbox 2447 3331 2742 3397; x_wconf 89' lang='lat' dir='ltr'>damnum</span> 
     </span>
    </p>
   </div>
   <div class='ocr_carea' id='block_1_5' title="bbox 256 3430 838 3495">
    <p class='ocr_par' dir='ltr' id='par_1_7' title="bbox 256 3430 838 3495">
     <span class='ocr_line' id='line_1_31' title="bbox 256 3430 838 3495; baseline 0 -2"><span class='ocrx_word' id='word_1_310' title='bbox 256 3430 320 3494; x_wconf 88' lang='lat' dir='ltr'>et</span> <span class='ocrx_word' id='word_1_311' title='bbox 351 3430 739 3495; x_wconf 83' lang='lat' dir='ltr'>scandalum</span> <span class='ocrx_word' id='word_1_312' title='bbox 776 3456 838 3493; x_wconf 88' lang='lat'>».</span> 
     </span>
    </p>
   </div>
   <div class='ocr_carea' id='block_1_6' title="bbox 237 3566 2742 4318">
    <p class='ocr_par' dir='ltr' id='par_1_8' title="bbox 237 3566 2742 4318">
     <span class='ocr_line' id='line_1_32' title="bbox 361 3566 2740 3635; baseline 0 -16"><span class='ocrx_word' id='word_1_313' title='bbox 361 3568 456 3620; x_wconf 82' lang='lat' dir='ltr'>xl.</span> <span class='ocrx_word' id='word_1_314' title='bbox 480 3570 536 3619; x_wconf 84' lang='lat'>8.</span> <span class='ocrx_word' id='word_1_315' title='bbox 559 3568 615 3619; x_wconf 89' lang='lat' dir='ltr'>Si</span> <span class='ocrx_word' id='word_1_316' title='bbox 641 3581 775 3621; x_wconf 84' lang='lat' dir='ltr'>error</span> <span class='ocrx_word' id='word_1_317' title='bbox 797 3567 926 3622; x_wconf 83' lang='lat' dir='ltr'>circa</span> <span class='ocrx_word' id='word_1_318' title='bbox 954 3569 1281 3623; x_wconf 86' lang='lat' dir='ltr'>conditionem</span> <span class='ocrx_word' id='word_1_319' title='bbox 1308 3567 1676 3622; x_wconf 83' lang='lat' dir='ltr'>substantialem</span> <span class='ocrx_word' id='word_1_320' title='bbox 1704 3569 1769 3622; x_wconf 89' lang='lat' dir='ltr'>sit</span> <span class='ocrx_word' id='word_1_321' title='bbox 1793 3571 1854 3622; x_wconf 84' lang='lat' dir='ltr'>de</span> <span class='ocrx_word' id='word_1_322' title='bbox 1880 3584 1931 3622; x_wconf 85' lang='lat' dir='ltr'>re</span> <span class='ocrx_word' id='word_1_323' title='bbox 1961 3568 2101 3635; x_wconf 85' lang='lat' dir='ltr'>parvi</span> <span class='ocrx_word' id='word_1_324' title='bbox 2130 3566 2376 3630; x_wconf 87' lang='lat' dir='ltr'>momenti,</span> <span class='ocrx_word' id='word_1_325' title='bbox 2399 3582 2493 3620; x_wconf 91' lang='lat' dir='ltr'>non</span> <span class='ocrx_word' id='word_1_326' title='bbox 2516 3568 2740 3621; x_wconf 82' lang='lat' dir='ltr'>redditur</span> 
     </span>
     <span class='ocr_line' id='line_1_33' title="bbox 252 3650 2740 3721; baseline 0 -15"><span class='ocrx_word' id='word_1_327' title='bbox 252 3658 428 3707; x_wconf 83' lang='lat' dir='ltr'>votum</span> <span class='ocrx_word' id='word_1_328' title='bbox 454 3650 691 3708; x_wconf 81' lang='lat' dir='ltr'>irritum:</span> <span class='ocrx_word' id='word_1_329' title='bbox 719 3660 772 3707; x_wconf 82' lang='lat' dir='ltr'>ut</span> <span class='ocrx_word' id='word_1_330' title='bbox 798 3653 841 3708; x_wconf 89' lang='lat' dir='ltr'>si</span> <span class='ocrx_word' id='word_1_331' title='bbox 865 3654 959 3708; x_wconf 86' lang='lat' dir='ltr'>iter</span> <span class='ocrx_word' id='word_1_332' title='bbox 985 3654 1405 3721; x_wconf 77' lang='lat' dir='ltr'>peregrinationis,</span> <span class='ocrx_word' id='word_1_333' title='bbox 1432 3668 1575 3720; x_wconf 87' lang='lat' dir='ltr'>quam</span> <span class='ocrx_word' id='word_1_334' title='bbox 1607 3653 1719 3719; x_wconf 89' lang='lat' dir='ltr'>quis</span> <span class='ocrx_word' id='word_1_335' title='bbox 1744 3653 1902 3715; x_wconf 78' lang='lat' dir='ltr'>vovit,</span> <span class='ocrx_word' id='word_1_336' title='bbox 1931 3654 1993 3707; x_wconf 84' lang='lat' dir='ltr'>sit</span> <span class='ocrx_word' id='word_1_337' title='bbox 2021 3655 2167 3720; x_wconf 85' lang='lat' dir='ltr'>paulo</span> <span class='ocrx_word' id='word_1_338' title='bbox 2196 3652 2406 3718; x_wconf 77' lang='lat' dir='ltr'>longius,</span> <span class='ocrx_word' id='word_1_339' title='bbox 2430 3668 2574 3718; x_wconf 86' lang='lat' dir='ltr'>quam</span> <span class='ocrx_word' id='word_1_340' title='bbox 2606 3660 2740 3719; x_wconf 81' lang='lat' dir='ltr'>puta·</span> 
     </span>
     <span class='ocr_line' id='line_1_34' title="bbox 250 3738 2740 3807; baseline 0.002 -17"><span class='ocrx_word' id='word_1_341' title='bbox 250 3741 427 3806; x_wconf 71' lang='lat' dir='ltr'>batua-3</span> <span class='ocrx_word' id='word_1_342' title='bbox 461 3738 590 3805; x_wconf 86' lang='lat' dir='ltr'>quia</span> <span class='ocrx_word' id='word_1_343' title='bbox 618 3753 788 3805; x_wconf 85' lang='lat' dir='ltr'>parum</span> <span class='ocrx_word' id='word_1_344' title='bbox 815 3748 1071 3807; x_wconf 84' lang='lat' dir='ltr'>reputatur</span> <span class='ocrx_word' id='word_1_345' title='bbox 1095 3755 1187 3807; x_wconf 88' lang='lat' dir='ltr'>pro</span> <span class='ocrx_word' id='word_1_346' title='bbox 1226 3739 1395 3794; x_wconf 80' lang='lat' dir='ltr'>nihilo.</span> <span class='ocrx_word' id='word_1_347' title='bbox 1428 3743 1545 3793; x_wconf 87' lang='lat' dir='ltr'>ltem</span> <span class='ocrx_word' id='word_1_348' title='bbox 1583 3739 1627 3792; x_wconf 91' lang='lat' dir='ltr'>si</span> <span class='ocrx_word' id='word_1_349' title='bbox 1653 3753 1795 3791; x_wconf 84' lang='lat' dir='ltr'>error</span> <span class='ocrx_word' id='word_1_350' title='bbox 1821 3738 1882 3791; x_wconf 85' lang='lat' dir='ltr'>sit</span> <span class='ocrx_word' id='word_1_351' title='bbox 1910 3745 2095 3793; x_wconf 85' lang='lat' dir='ltr'>tantum</span> <span class='ocrx_word' id='word_1_352' title='bbox 2130 3738 2263 3793; x_wconf 87' lang='lat' dir='ltr'>circa</span> <span class='ocrx_word' id='word_1_353' title='bbox 2288 3752 2486 3793; x_wconf 85' lang='lat' dir='ltr'>causam</span> <span class='ocrx_word' id='word_1_354' title='bbox 2524 3739 2740 3805; x_wconf 83' lang='lat' dir='ltr'>impulsi·</span> 
     </span>
     <span class='ocr_line' id='line_1_35' title="bbox 252 3823 2740 3892; baseline 0.002 -18"><span class='ocrx_word' id='word_1_355' title='bbox 252 3837 378 3884; x_wconf 79' lang='lat' dir='ltr'>vam,</span> <span class='ocrx_word' id='word_1_356' title='bbox 410 3828 561 3880; x_wconf 75' lang='lat' dir='ltr'>valet</span> <span class='ocrx_word' id='word_1_357' title='bbox 592 3832 787 3892; x_wconf 80' lang='lat' dir='ltr'>votum3</span> <span class='ocrx_word' id='word_1_358' title='bbox 816 3824 927 3890; x_wconf 89' lang='lat' dir='ltr'>quia</span> <span class='ocrx_word' id='word_1_359' title='bbox 953 3824 1036 3879; x_wconf 87' lang='lat' dir='ltr'>illa</span> <span class='ocrx_word' id='word_1_360' title='bbox 1070 3832 1144 3879; x_wconf 84' lang='lat' dir='ltr'>est</span> <span class='ocrx_word' id='word_1_361' title='bbox 1184 3832 1368 3879; x_wconf 73' lang='lat' dir='ltr'>tantuin</span> <span class='ocrx_word' id='word_1_362' title='bbox 1406 3840 1553 3878; x_wconf 83' lang='lat' dir='ltr'>causa</span> <span class='ocrx_word' id='word_1_363' title='bbox 1593 3823 1899 3886; x_wconf 84' lang='lat' dir='ltr'>secundaria,</span> <span class='ocrx_word' id='word_1_364' title='bbox 1927 3839 2020 3891; x_wconf 87' lang='lat' dir='ltr'>qua</span> <span class='ocrx_word' id='word_1_365' title='bbox 2063 3824 2295 3891; x_wconf 86' lang='lat' dir='ltr'>seposita,</span> <span class='ocrx_word' id='word_1_366' title='bbox 2322 3831 2461 3878; x_wconf 89' lang='lat' dir='ltr'>actus</span> <span class='ocrx_word' id='word_1_367' title='bbox 2498 3831 2573 3878; x_wconf 83' lang='lat' dir='ltr'>est</span> <span class='ocrx_word' id='word_1_368' title='bbox 2608 3829 2740 3880; x_wconf 81' lang='lat' dir='ltr'>suffi-</span> 
     </span>
     <span class='ocr_line' id='line_1_36' title="bbox 247 3907 2736 3975; baseline 0.001 -14"><span class='ocrx_word' id='word_1_369' title='bbox 247 3911 445 3964; x_wconf 86' lang='lat' dir='ltr'>cienter</span> <span class='ocrx_word' id='word_1_370' title='bbox 478 3909 794 3963; x_wconf 80' lang='lat' dir='ltr'>voluntarius</span> <span class='ocrx_word' id='word_1_371' title='bbox 820 3912 1085 3963; x_wconf 88' lang='lat' dir='ltr'>secundum</span> <span class='ocrx_word' id='word_1_372' title='bbox 1114 3909 1449 3963; x_wconf 85' lang='lat' dir='ltr'>substantiam.</span> <span class='ocrx_word' id='word_1_373' title='bbox 1475 3910 1638 3975; x_wconf 73' lang='lat' dir='ltr'>Neque</span> <span class='ocrx_word' id='word_1_374' title='bbox 1662 3908 1771 3962; x_wconf 88' lang='lat' dir='ltr'>talis</span> <span class='ocrx_word' id='word_1_375' title='bbox 1794 3924 1930 3962; x_wconf 85' lang='lat' dir='ltr'>error</span> <span class='ocrx_word' id='word_1_376' title='bbox 1949 3907 1996 3962; x_wconf 90' lang='lat' dir='ltr'>in</span> <span class='ocrx_word' id='word_1_377' title='bbox 2021 3910 2193 3963; x_wconf 84' lang='lat' dir='ltr'>ceteris</span> <span class='ocrx_word' id='word_1_378' title='bbox 2215 3910 2546 3963; x_wconf 83' lang='lat' dir='ltr'>contractibus</span> <span class='ocrx_word' id='word_1_379' title='bbox 2576 3919 2736 3964; x_wconf 87' lang='lat' dir='ltr'>actum</span> 
     </span>
     <span class='ocr_line' id='line_1_37' title="bbox 249 3992 2735 4062; baseline 0 -16"><span class='ocrx_word' id='word_1_380' title='bbox 249 3992 423 4052; x_wconf 78' lang='lat' dir='ltr'>vitiat:</span> <span class='ocrx_word' id='word_1_381' title='bbox 455 4011 509 4049; x_wconf 75' lang='lat' dir='ltr'>v.</span> <span class='ocrx_word' id='word_1_382' title='bbox 543 4010 620 4060; x_wconf 80' lang='lat' dir='ltr'>gr.</span> <span class='ocrx_word' id='word_1_383' title='bbox 654 3993 789 4048; x_wconf 76' lang='lat' dir='ltr'>vovit</span> <span class='ocrx_word' id='word_1_384' title='bbox 813 3994 988 4061; x_wconf 88' lang='lat' dir='ltr'>aliquis</span> <span class='ocrx_word' id='word_1_385' title='bbox 1015 3994 1452 4062; x_wconf 80' lang='lat' dir='ltr'>peregrinationem</span> <span class='ocrx_word' id='word_1_386' title='bbox 1494 3997 1694 4047; x_wconf 86' lang='lat' dir='ltr'>Romam</span> <span class='ocrx_word' id='word_1_387' title='bbox 1735 3994 1896 4047; x_wconf 88' lang='lat' dir='ltr'>studio</span> <span class='ocrx_word' id='word_1_388' title='bbox 1936 3995 2126 4047; x_wconf 82' lang='lat' dir='ltr'>colendi</span> <span class='ocrx_word' id='word_1_389' title='bbox 2161 3996 2314 4048; x_wconf 78' lang='lat' dir='ltr'>Deum</span> <span class='ocrx_word' id='word_1_390' title='bbox 2344 4002 2390 4048; x_wconf 85' lang='lat' dir='ltr'>et</span> <span class='ocrx_word' id='word_1_391' title='bbox 2423 3996 2563 4049; x_wconf 88' lang='lat' dir='ltr'>simul</span> <span class='ocrx_word' id='word_1_392' title='bbox 2593 3997 2735 4049; x_wconf 88' lang='lat' dir='ltr'>etiam</span> 
     </span>
     <span class='ocr_line' id='line_1_38' title="bbox 240 4078 2737 4148; baseline -0.001 -12"><span class='ocrx_word' id='word_1_393' title='bbox 240 4082 423 4136; x_wconf 81' lang='lat' dir='ltr'>babuit</span> <span class='ocrx_word' id='word_1_394' title='bbox 450 4094 666 4135; x_wconf 77' lang='lat' dir='ltr'>causam</span> <span class='ocrx_word' id='word_1_395' title='bbox 694 4080 1029 4133; x_wconf 82' lang='lat' dir='ltr'>secundariam</span> <span class='ocrx_word' id='word_1_396' title='bbox 1055 4079 1379 4147; x_wconf 82' lang='lat' dir='ltr'>impulsivam,</span> <span class='ocrx_word' id='word_1_397' title='bbox 1409 4085 1459 4133; x_wconf 88' lang='lat' dir='ltr'>ut</span> <span class='ocrx_word' id='word_1_398' title='bbox 1484 4078 1719 4132; x_wconf 78' lang='lat' dir='ltr'>inviseret</span> <span class='ocrx_word' id='word_1_399' title='bbox 1746 4082 1958 4141; x_wconf 78' lang='lat' dir='ltr'>tratrem,</span> <span class='ocrx_word' id='word_1_400' title='bbox 1988 4095 2131 4147; x_wconf 88' lang='lat' dir='ltr'>quem</span> <span class='ocrx_word' id='word_1_401' title='bbox 2179 4080 2368 4148; x_wconf 76' lang='lat' dir='ltr'>putavit</span> <span class='ocrx_word' id='word_1_402' title='bbox 2391 4096 2501 4133; x_wconf 85' lang='lat' dir='ltr'>esse</span> <span class='ocrx_word' id='word_1_403' title='bbox 2534 4083 2737 4143; x_wconf 82' lang='lat' dir='ltr'>Romae,</span> 
     </span>
     <span class='ocr_line' id='line_1_39' title="bbox 243 4164 2735 4233; baseline -0.002 -11"><span class='ocrx_word' id='word_1_404' title='bbox 243 4182 393 4233; x_wconf 83' lang='lat' dir='ltr'>quem</span> <span class='ocrx_word' id='word_1_405' title='bbox 424 4166 534 4221; x_wconf 82' lang='lat' dir='ltr'>etsi</span> <span class='ocrx_word' id='word_1_406' title='bbox 565 4164 804 4231; x_wconf 76' lang='lat' dir='ltr'>intelligat</span> <span class='ocrx_word' id='word_1_407' title='bbox 829 4166 1006 4220; x_wconf 83' lang='lat' dir='ltr'>deinde</span> <span class='ocrx_word' id='word_1_408' title='bbox 1031 4166 1142 4219; x_wconf 82' lang='lat' dir='ltr'>istic</span> <span class='ocrx_word' id='word_1_409' title='bbox 1168 4181 1263 4219; x_wconf 92' lang='lat' dir='ltr'>non</span> <span class='ocrx_word' id='word_1_410' title='bbox 1289 4180 1414 4227; x_wconf 82' lang='lat' dir='ltr'>esse,</span> <span class='ocrx_word' id='word_1_411' title='bbox 1442 4181 1537 4219; x_wconf 88' lang='lat' dir='ltr'>non</span> <span class='ocrx_word' id='word_1_412' title='bbox 1565 4164 1677 4218; x_wconf 89' lang='lat' dir='ltr'>ideo</span> <span class='ocrx_word' id='word_1_413' title='bbox 1702 4165 1883 4219; x_wconf 86' lang='lat' dir='ltr'>desinit</span> <span class='ocrx_word' id='word_1_414' title='bbox 1907 4166 2114 4230; x_wconf 75' lang='lat' dir='ltr'>obligari</span> <span class='ocrx_word' id='word_1_415' title='bbox 2140 4174 2276 4220; x_wconf 68' lang='lat' dir='ltr'>voto.</span> <span class='ocrx_word' id='word_1_416' title='bbox 2305 4169 2366 4218; x_wconf 75' lang='lat' dir='ltr'>Et</span> <span class='ocrx_word' id='word_1_417' title='bbox 2393 4180 2453 4218; x_wconf 82' lang='lat' dir='ltr'>ex</span> <span class='ocrx_word' id='word_1_418' title='bbox 2482 4164 2558 4218; x_wconf 85' lang='lat' dir='ltr'>bis</span> <span class='ocrx_word' id='word_1_419' title='bbox 2586 4171 2735 4230; x_wconf 80' lang='lat' dir='ltr'>patet,</span> 
     </span>
     <span class='ocr_line' id='line_1_40' title="bbox 237 4248 2742 4318; baseline -0.002 -11"><span class='ocrx_word' id='word_1_420' title='bbox 237 4256 510 4318; x_wconf 77' lang='lat' dir='ltr'>quomodo</span> <span class='ocrx_word' id='word_1_421' title='bbox 540 4249 914 4315; x_wconf 72' lang='lat' dir='ltr'>intelligendum</span> <span class='ocrx_word' id='word_1_422' title='bbox 940 4251 1020 4313; x_wconf 85' lang='lat' dir='ltr'>sit,</span> <span class='ocrx_word' id='word_1_423' title='bbox 1046 4252 1176 4316; x_wconf 85' lang='lat' dir='ltr'>quod</span> <span class='ocrx_word' id='word_1_424' title='bbox 1204 4249 1300 4304; x_wconf 90' lang='lat' dir='ltr'>dici</span> <span class='ocrx_word' id='word_1_425' title='bbox 1325 4252 1467 4315; x_wconf 89' lang='lat' dir='ltr'>solet,</span> <span class='ocrx_word' id='word_1_426' title='bbox 1496 4257 1608 4302; x_wconf 80' lang='lat' dir='ltr'>vota</span> <span class='ocrx_word' id='word_1_427' title='bbox 1636 4265 1730 4303; x_wconf 89' lang='lat' dir='ltr'>non</span> <span class='ocrx_word' id='word_1_428' title='bbox 1758 4249 1973 4314; x_wconf 81' lang='lat' dir='ltr'>obligare</span> <span class='ocrx_word' id='word_1_429' title='bbox 2002 4252 2127 4304; x_wconf 83' lang='lat' dir='ltr'>ultra</span> <span class='ocrx_word' id='word_1_430' title='bbox 2152 4248 2469 4305; x_wconf 83' lang='lat' dir='ltr'>intentionem</span> <span class='ocrx_word' id='word_1_431' title='bbox 2493 4248 2742 4303; x_wconf 54' lang='lat' dir='ltr'>voventis</span> 
     </span>
    </p>
   </div>
   <div class='ocr_carea' id='block_1_7' title="bbox 241 4336 1271 4392">
    <p class='ocr_par' dir='ltr' id='par_1_9' title="bbox 241 4336 1271 4392">
     <span class='ocr_line' id='line_1_41' title="bbox 241 4336 1271 4392; baseline -0.005 0"><span class='ocrx_word' id='word_1_432' title='bbox 241 4339 479 4392; x_wconf 70' lang='lat' dir='ltr'>Sanchez</span> <span class='ocrx_word' id='word_1_433' title='bbox 510 4338 550 4390; x_wconf 90' lang='grc' dir='ltr'><strong>Ι.</strong></span> <span class='ocrx_word' id='word_1_434' title='bbox 584 4336 633 4388; x_wconf 74' lang='grc'><strong>4.</strong></span> <span class='ocrx_word' id='word_1_435' title='bbox 659 4352 703 4388; x_wconf 79' lang='lat' dir='ltr'>c·</span> <span class='ocrx_word' id='word_1_436' title='bbox 732 4340 780 4390; x_wconf 78' lang='lat'>2.</span> <span class='ocrx_word' id='word_1_437' title='bbox 807 4338 943 4390; x_wconf 65' lang='lat' dir='ltr'>Les&amp;</span> <span class='ocrx_word' id='word_1_438' title='bbox 972 4340 1006 4390; x_wconf 84' lang='lat' dir='ltr'>l.</span> <span class='ocrx_word' id='word_1_439' title='bbox 1034 4336 1116 4390; x_wconf 77' lang='lat'>40.</span> <span class='ocrx_word' id='word_1_440' title='bbox 1144 4338 1192 4389; x_wconf 87' lang='lat' dir='ltr'>d.</span> <span class='ocrx_word' id='word_1_441' title='bbox 1224 4339 1271 4389; x_wconf 75' lang='lat'>2.</span> 
     </span>
    </p>
   </div>
   <div class='ocr_carea' id='block_1_8' title="bbox 233 4432 2739 4720">
    <p class='ocr_par' dir='ltr' id='par_1_10' title="bbox 233 4432 2739 4720">
     <span class='ocr_line' id='line_1_42' title="bbox 328 4432 2334 4514; baseline -0.005 -8"><span class='ocrx_word' id='word_1_442' title='bbox 328 4432 511 4506; x_wconf 73' lang='lat'>612.</span> <span class='ocrx_word' id='word_1_443' title='bbox 561 4433 679 4497; x_wconf 84' lang='lat' dir='ltr'>Est</span> <span class='ocrx_word' id='word_1_444' title='bbox 722 4433 1021 4499; x_wconf 89' lang='lat' dir='ltr'>limitatio</span> <span class='ocrx_word' id='word_1_445' title='bbox 1062 4434 1485 4498; x_wconf 83' lang='lat' dir='ltr'>Resolutionis</span> <span class='ocrx_word' id='word_1_446' title='bbox 1519 4434 1627 4509; x_wconf 71' lang='lat'>6³⁹,</span> <span class='ocrx_word' id='word_1_447' title='bbox 1664 4433 1737 4497; x_wconf 89' lang='lat' dir='ltr'>de</span> <span class='ocrx_word' id='word_1_448' title='bbox 1773 4452 1894 4514; x_wconf 86' lang='lat' dir='ltr'>qua</span> <span class='ocrx_word' id='word_1_449' title='bbox 1928 4433 2015 4496; x_wconf 90' lang='lat' dir='ltr'>ibi</span> <span class='ocrx_word' id='word_1_450' title='bbox 2045 4432 2334 4496; x_wconf 84' lang='lat' dir='ltr'>diximus.</span> 
     </span>
     <span class='ocr_line' id='line_1_43' title="bbox 329 4533 2739 4619; baseline -0.002 -17"><span class='ocrx_word' id='word_1_451' title='bbox 329 4536 584 4619; x_wconf 84' lang='lat' dir='ltr'>Quoad</span> <span class='ocrx_word' id='word_1_452' title='bbox 618 4554 707 4613; x_wconf 90' lang='lat' dir='ltr'>ea,</span> <span class='ocrx_word' id='word_1_453' title='bbox 736 4555 895 4618; x_wconf 89' lang='lat' dir='ltr'>quae</span> <span class='ocrx_word' id='word_1_454' title='bbox 929 4536 1154 4600; x_wconf 91' lang='lat' dir='ltr'>ultimo</span> <span class='ocrx_word' id='word_1_455' title='bbox 1202 4535 1337 4599; x_wconf 91' lang='lat' dir='ltr'>loco</span> <span class='ocrx_word' id='word_1_456' title='bbox 1388 4535 1697 4611; x_wconf 80' lang='lat' dir='ltr'>dicuntur,</span> <span class='ocrx_word' id='word_1_457' title='bbox 1732 4535 1954 4599; x_wconf 83' lang='lat' dir='ltr'>merito</span> <span class='ocrx_word' id='word_1_458' title='bbox 1991 4534 2261 4599; x_wconf 80' lang='lat' dir='ltr'>advertit</span> <span class='ocrx_word' id='word_1_459' title='bbox 2308 4533 2574 4598; x_wconf 84' lang='lat' dir='ltr'>Sanehez</span> <span class='ocrx_word' id='word_1_460' title='bbox 2607 4535 2650 4598; x_wconf 90' lang='lat' dir='ltr'>l.</span> <span class='ocrx_word' id='word_1_461' title='bbox 2687 4555 2739 4598; x_wconf 93' lang='lat' dir='ltr'>c.</span> 
     </span>
     <span class='ocr_line' id='line_1_44' title="bbox 233 4636 2738 4720; baseline -0.002 -14"><span class='ocrx_word' id='word_1_462' title='bbox 233 4664 296 4708; x_wconf 91' lang='lat' dir='ltr'>n.</span> <span class='ocrx_word' id='word_1_463' title='bbox 336 4645 454 4707; x_wconf 84' lang='lat'>51.</span> <span class='ocrx_word' id='word_1_464' title='bbox 500 4640 594 4704; x_wconf 92' lang='lat' dir='ltr'>ob</span> <span class='ocrx_word' id='word_1_465' title='bbox 639 4639 940 4704; x_wconf 88' lang='lat' dir='ltr'>eiusmodi</span> <span class='ocrx_word' id='word_1_466' title='bbox 986 4657 1254 4703; x_wconf 88' lang='lat' dir='ltr'>errorem</span> <span class='ocrx_word' id='word_1_467' title='bbox 1302 4638 1605 4720; x_wconf 78' lang='lat' dir='ltr'>praestari</span> <span class='ocrx_word' id='word_1_468' title='bbox 1652 4637 1993 4702; x_wconf 87' lang='lat' dir='ltr'>faciliorem</span> <span class='ocrx_word' id='word_1_469' title='bbox 2026 4636 2414 4719; x_wconf 81' lang='lat' dir='ltr'>dispensandi</span> <span class='ocrx_word' id='word_1_470' title='bbox 2461 4657 2738 4701; x_wconf 79' lang='lat' dir='ltr'>causam.</span> 
     </span>
    </p>
   </div>
  </div>
 </body>
</html>
