3497 5147
687 352 794 407 586
990 365 1201 406 macr.
1222 366 1302 406 VI.
1324 365 1484 406 sacr.
1504 364 1593 404 111.
1619 364 1705 403 mr
1733 363 1958 405 ‘mimo
1983 364 2200 405 muno.
2225 362 2554 405 omanoor.
2576 362 2719 404 nun.
2742 362 2832 403 111.
3003 347 3153 416 [798]

1220 508 1472 575 Debent
1499 530 1629 574 esse
1661 512 2004 574 necessarii
2042 513 2309 592 tempore
2347 510 2615 574 Missae.

775 663 947 737 798.
983 666 1158 747 Quod
1193 665 1590 750 privilegium
1622 664 2042 730 satisfaciendi
2076 668 2404 750 praecepto
2440 666 2673 731 Missae
2707 666 3045 731 audiendae
3091 667 3157 729 in

688 770 960 837 oratorio
993 769 1239 852 privato
1272 768 1645 831 concedatur
1676 767 1826 831 solis
1851 766 2283 846 familiaribuS‚
2320 787 2586 850 quorum
2619 772 2898 852 tempore
2927 767 3158 831 Missae

685 873 1034 957 praesentia
1067 875 1161 935 est
1199 873 1344 934 actu
1379 870 1743 947 necessaria,
1780 870 1942 934 clare
1976 870 2216 934 eruitur
2241 872 2433 935 etiam
2466 890 2538 935 ex
2572 872 2712 935 aliis
2751 870 3161 936 concessionis

687 975 994 1050 formulis
1029 992 1184 1056 quas
1216 972 1403 1037 refert
1435 971 1668 1037 Gattic.
1703 991 1837 1055 cap.
1874 974 1978 1036 25.
2021 994 2121 1038 1111.
2158 975 2262 1037 23.
2301 973 2406 1037 24.

780 1077 1136 1142 Difficultas
1169 1076 1283 1151 est,
1332 1093 1638 1155 quaenam
1670 1075 1757 1138 sit
1802 1075 1925 1138 ista
1971 1076 2304 1139 necessitas
2339 1077 2723 1158 praesentiae
2756 1075 3162 1141 familiarium

692 1201 802 1246 seu
835 1180 1091 1261 quinam
1122 1177 1208 1242 sit
1242 1177 1620 1241 necessarius
1652 1176 1997 1241 famulatus
2032 1179 2312 1261 tempore
2345 1178 2593 1243 Missae.

879 1281 949 1344 1⁰
984 1278 1274 1344 Gatticus
1306 1280 1468 1342 recte
1502 1279 1791 1343 observat
1822 1299 1953 1362 cap.
1993 1281 2097 1343 25.
2136 1300 2195 1344 n.
2235 1281 2338 1344 23.
2375 1281 2439 1344 111
2476 1281 2693 1364 primis
2724 1280 2938 1345 haberi
2986 1298 3164 1364 posse

696 1403 807 1467 pro
837 1382 1181 1446 necessario
1228 1381 1429 1455 illum,
1477 1381 1590 1461 qui
1634 1379 1884 1444 Missae
1914 1382 2196 1454 inservit,
2230 1382 2477 1463 quando
2524 1402 2721 1464 neque
2752 1383 2884 1466 ipse
2916 1381 3166 1465 privile-

696 1487 908 1571 giatus
941 1503 1137 1565 neque
1170 1483 1330 1547 alius
1377 1483 1464 1546 eis
1513 1484 2007 1567 consanguineus
2056 1503 2164 1547 seu
2213 1484 2418 1548 affinis
2456 1487 2672 1564 sponte
2702 1484 3003 1568 suscipiat
3047 1484 3168 1547 hoc

700 1589 1008 1662 officium;
1042 1605 1189 1650 nam
1234 1586 1578 1670 constringi
1611 1585 1883 1667 aliquem
1915 1605 1986 1649 ex
2026 1587 2142 1662 hie,
2184 1586 2358 1649 nulla
2406 1587 2502 1651 lex
2540 1585 2746 1662 iubet3
2795 1585 2905 1668 qui
2953 1587 3168 1650 autem

699 1692 928 1755 Missae
967 1689 1218 1764 serviat,
1253 1689 1632 1753 necessarius
1666 1690 1781 1752 est.
1860 1729 1873 1739 -

881 1797 950 1857 2ο
973 1793 1322 1867 Praeterea,
1348 1794 1423 1855 ut
1446 1792 1591 1855 ibid.
1619 1791 1855 1856 Gattic.
1885 1791 2177 1870 advertit,
2206 1792 2369 1856 alius
2404 1791 2677 1856 famulus
2712 1791 2963 1856 admitti
2987 1790 3171 1855 debet

701 1915 940 1978 semper
994 1896 1294 1977 tanquam
1355 1890 1733 1959 necessarius
1783 1896 2036 1960 servitio
2084 1896 2318 1960 domini
2372 1897 2491 1972 vel,
2542 1897 2594 1961 si
2639 1896 3038 1980 privilegiata
3084 1894 3172 1958 sit

703 1998 952 2073 femina,
1002 2016 1125 2060 una
1174 1997 1398 2061 ancilla
1445 1997 1499 2059 ei
1547 1998 1921 2074 conceditur,
1975 2001 2045 2061 ut
2094 2000 2238 2063 actu
2271 2001 2492 2081 parata
2525 1998 2609 2062 sit
2656 1997 2734 2061 ad
2779 1996 3171 2062 serviendum

705 2099 1009 2174 dominae,
1044 2098 1097 2161 si
1129 2096 1288 2161 forte
1320 2098 1451 2162 eius
1486 2117 1669 2181 opera
1698 2099 2070 2184 indiguerit3
2104 2101 2169 2164 in
2201 2101 2317 2165 hoc
2356 2101 2516 2165 enim
2550 2101 2965 2166 necessarium
3002 2118 3174 2183 prae-

706 2203 879 2267 stant
904 2200 1247 2279 servitium,
1282 2201 1446 2282 quod
1486 2202 1630 2265 actu
1664 2202 1944 2286 vigilent,
1980 2203 2034 2266 si
2066 2203 2383 2285 inopinate
2424 2202 2658 2285 aliquid
2691 2206 2842 2268 tunc
2871 2201 3174 2284 temporis

709 2302 1028 2369 accideret.

887 2407 958 2468 3⁰
990 2405 1056 2469 Si
1086 2405 1290 2488 plures
1339 2407 1545 2470 adsint
1590 2426 1884 2490 personae
1929 2408 2352 2490 principaliter
2388 2408 2840 2492 privilegiatae,
2880 2405 3174 2472 Gatticus

708 2529 841 2593 cap.
871 2509 976 2570 25.
1003 2526 1061 2570 n.
1092 2508 1197 2570 24.
1225 2526 1296 2571 ex
1319 2508 1562 2572 indulto
1588 2507 1925 2573 Clementis
1951 2509 2028 2572 X.
2065 2508 2330 2588 deducit,
2357 2528 2864 2593 unamquamque
2894 2509 3176 2592 ipsarum

710 2630 890 2697 posse
921 2610 1145 2674 habere
1183 2628 1369 2673 suum
1401 2610 1708 2675 famulum
1742 2612 1841 2675 vel
1868 2612 2178 2675 ancillam.

890 2718 962 2781 4⁰
990 2718 1318 2782 Praeterea
1366 2718 1525 2782 idem
1564 2718 1855 2783 Gatticus
1906 2719 2054 2783 ibid.
2104 2720 2401 2797 concedit,
2437 2720 2758 2785 dominum
2789 2738 2967 2802 posse
2993 2718 3177 2783 desti-

712 2840 859 2885 nare
898 2821 1091 2884 alium
1123 2819 1432 2885 famulum
1465 2841 1572 2885 seu
1606 2822 1915 2897 ancillam,
1951 2841 2108 2903 quae
2143 2821 2443 2905 advigilat
2474 2841 2584 2905 pro
2632 2822 2885 2886 servitio
2923 2840 3178 2886 consan-

712 2923 1081 3007 guineorum
1114 2922 1212 2986 vel
1237 2923 1538 2993 affinium,
1581 2924 1635 2987 si
1666 2923 1913 3005 quidem
1940 2924 2003 2986 hi
2039 2924 2154 2987 sub
2187 2942 2335 2987 cura
2358 2924 2529 2987 illius
2555 2923 2881 2987 maneant:
2909 2922 3177 2987 deservit

712 3025 874 3090 enim
923 3024 1171 3089 domino
1219 3025 1501 3106 quisquis
1548 3024 1817 3089 deservit
1861 3026 2008 3096 illis,
2060 3044 2169 3108 pro
2217 3026 2442 3107 quibus
2491 3026 2776 3090 dominus
2815 3043 2886 3089 ex
2923 3044 3177 3089 munere

714 3148 827 3194 suo
853 3130 1150 3193 excubare
1176 3129 1440 3193 tenetur.
1470 3127 1529 3191 S.
1565 3128 1748 3210 Alph.
1784 3149 1844 3191 n.
1881 3130 2031 3191 318.
2061 3127 2269 3193 Claus.
2310 3130 2449 3193 10.:
2490 3154 2526 3187 «
2557 3128 2924 3193 Familiares
2957 3147 3180 3212 cogna-

716 3232 925 3295 torum
948 3249 1071 3294 non
1096 3230 1369 3315 gaudent
1400 3231 1515 3295 hoc
1547 3230 1893 3315 privilegi0‚
1921 3230 2040 3294 nisi
2073 3232 2473 3295 assumantur
2498 3232 2575 3295 ab
2598 3233 2733 3314 ipso
2759 3231 3177 3315 privilegiam,

716 3336 791 3396 ut
829 3332 1126 3396 assistant
1158 3333 1221 3397 et
1256 3333 1382 3396 sint
1428 3333 1754 3396 necessarii
1802 3332 1987 3397 modo
2021 3332 2335 3415 praedicto
2385 3333 2688 3416 cognatis,
2725 3333 2833 3415 qui
2869 3336 3023 3396 sunt
3065 3332 3179 3396 sub

717 3455 872 3500 cura
924 3434 1303 3519 privilegiati
1360 3460 1420 3497 ».
1470 3433 1734 3499 Proinde
1781 3437 1989 3516 potest
2035 3435 2263 3499 censeri
2311 3435 2691 3499 necessarius
2739 3434 3037 3499 educator
3073 3452 3181 3498 seu

716 3538 1077 3622 pedagogus
1124 3556 1235 3621 pro
1268 3537 1431 3607 filiis,
1482 3556 1588 3600 seu
1626 3538 1838 3601 nutrix
1875 3556 1986 3621 pro
2019 3538 2266 3601 filiabus
2300 3557 2370 3601 ac
2408 3540 2725 3620 praeterea
2761 3537 3035 3601 famulus
3081 3536 3182 3601 vel

721 3640 947 3705 ancilla
984 3658 1094 3722 pro
1128 3639 1366 3703 iisdem.

901 3744 969 3803 5⁰
1017 3743 1293 3823 Denique
1339 3743 1707 3807 rationabile
1755 3762 2007 3825 prorsus
2055 3742 2317 3818 videtur,
2369 3741 2530 3822 quod
2581 3741 2872 3807 Gatticus
2905 3761 3041 3826 cap.
3078 3744 3181 3806 25.

720 3865 778 3908 n.
818 3847 919 3907 19.
956 3844 1129 3907 addit
1174 3845 1247 3908 de
1294 3846 1563 3926 quadam
1608 3845 1995 3919 necessitate,
2046 3861 2205 3924 quae
2237 3845 2517 3928 exsurgit
2553 3863 2624 3908 ex
2672 3846 2806 3909 sola
2853 3845 3182 3929 dignitate,

721 3946 939 4031 gradu,
989 3946 1335 4010 conditione
1383 3947 1785 4031 privilegiati.
1843 3970 1876 4003 «
1910 3946 2176 4020 Etenim,
2226 3945 2434 4027 inquit
2480 3946 2738 4023 Gattic.,
2797 3966 2918 4011 non
2977 3948 3184 4011 minus

720 4070 909 4135 grave
942 4068 1122 4132 saepe
1154 4051 1607 4132 molestumque
1646 4049 1740 4113 est
1777 4049 1910 4112 viro
1949 4050 2392 4130 matronaeque
2429 4049 2624 4114 nobili
2672 4049 3046 4132 quibusdam
3094 4050 3186 4115 fa-

719 4154 1087 4229 miliaribus
1137 4154 1384 4237 proprio
1434 4153 1635 4216 decori
1682 4150 2208 4227 convenientibus,
2263 4170 2487 4229 carere,
2545 4172 2736 4235 quam
2790 4171 2981 4237 grave
3028 4152 3189 4218 foret

720 4257 847 4320 illis
894 4276 1117 4332 carere,
1167 4257 1274 4337 qui
1322 4255 1591 4320 servitiis
1639 4252 1995 4316 immediate
2041 4272 2366 4335 personam
2416 4256 2730 4337 propriam
2771 4254 3186 4320 afficientibus
3245 4291 3254 4301 ·

722 4361 871 4422 sunt
914 4359 1258 4423 necessarii.
1308 4357 1469 4421 Hinc
1514 4354 1867 4420 incredibile
1915 4356 2176 4431 videtur,
2231 4358 2306 4421 R.
2345 4357 2727 4433 Pontificem,
2760 4356 2910 4421 dum
2961 4358 3026 4421 in
3075 4377 3186 4422 suo

723 4459 1047 4543 privilegio
1094 4460 1361 4542 respexit
1408 4458 1480 4522 ad
1506 4455 1870 4521 .familiares
1908 4460 2282 4523 necessarios
2313 4459 2584 4524 servitiis
2622 4459 3183 4543 privilegiatorum,

722 4562 911 4627 simul
958 4582 1077 4628 non
1116 4563 1448 4645 respexisse
1488 4560 1565 4625 ad
1603 4561 2054 4638 necessitatem,
2104 4581 2262 4644 quae
2310 4561 2554 4626 derivat
2584 4581 2655 4627 ex
2701 4563 2954 4645 propria
2985 4562 3190 4627 condi·
