3497 5147
622 348 655 401 6
1014 358 1225 400 TRAc‘r.
1267 359 1320 400 v.
1361 359 1524 399 sacr.
1563 360 1603 399 1.
1643 359 1726 399 ma
1765 358 2136 399 PRAECBPTIS
2172 358 2361 400 mmm.
2401 358 2598 402 capu-r
2636 363 2676 403 1.
3005 347 3079 423 [8]
3212 333 3218 339 ’

606 458 686 522 «et
715 459 805 521 ita
836 457 1181 532 iustificari,
1216 456 1333 519 etsi
1363 456 1520 519 nihil
1565 456 1801 540 cogitet
1832 457 1945 520 aut
1968 454 2125 519 sciat
2170 454 2244 520 de
2289 457 2803 523 remuneratione.
2823 459 3077 536 Verum,

623 561 909 643 quamvis
956 559 1373 623 admittendus
1421 560 1504 622 sit
1549 577 1725 623 amor
1770 577 1919 643 erga
1964 559 2167 622 Deum
2214 560 2550 642 gratuitae,
2595 562 2669 624 ut
2714 560 2836 625 dici
2882 563 3078 626 solet:

624 663 1027 727 nihilominus
1058 664 1296 725 certum
1327 663 1439 738 est,
1474 661 1656 743 quod,
1700 661 1941 725 ratione
1971 661 2186 724 habita
2217 662 2478 725 naturae
2509 662 2874 739 voluntatiS,
2915 664 3081 727 Deus

627 784 663 830 a
699 766 876 830 nobis
913 783 1035 829 non
1072 763 1452 849 diligeretur,
1491 763 1612 827 nisi
1656 782 1778 826 una
1827 782 1970 826 cum
2016 763 2147 827 eius
2195 763 2660 828 absolutissima
2710 764 3081 847 perfectione

625 868 1097 953 cognosceretur
1127 886 1270 930 eum
1301 865 1379 929 ad
1410 885 1521 930 nos
1553 869 1830 949 spectare
1867 884 1974 929 seu
2007 884 2119 929 nos
2150 864 2228 928 ad
2266 865 2466 942 illum,
2501 886 2645 930 eum
2682 886 2812 931 esse
2850 867 3083 932 bonum

625 972 930 1046 nostrum,
969 969 1152 1032 finem
1184 969 1486 1032 nostrum.
1520 967 1714 1031 Porro
1736 968 1889 1031 haec
1921 967 2451 1050 apprehendimus,
2480 972 2918 1052 cognoscentes
2943 988 3087 1034 eum

627 1091 758 1137 esse
796 1073 1337 1135 remuneratorem.

717 1170 787 1243 8.
837 1171 1124 1237 Ceterum
1155 1171 1355 1254 quoad
1398 1171 1843 1253 quaestionem,
1878 1191 1956 1235 an
1993 1172 2142 1236 fides
2175 1173 2461 1255 explicita
2494 1174 2782 1257 mysterii
2813 1174 3089 1238 incarna-

629 1275 817 1340 tionis
854 1278 916 1339 et
953 1275 1280 1338 Trinitatis
1312 1274 1395 1337 sit
1432 1273 1774 1337 necessaria
1812 1274 2176 1338 necessitate
2211 1275 2398 1339 medii
2431 1278 2573 1358 post
2610 1274 2842 1340 Christi
2868 1275 3087 1340 adven-

631 1379 788 1450 tum,
822 1378 1071 1442 adverte
1095 1376 1260 1458 quod
1293 1375 1451 1458 apud
1479 1376 1828 1459 Theologos
1861 1375 2021 1439 ratio
2053 1377 2297 1440 exsistit
2320 1376 2679 1441 defendendi
2713 1378 3086 1441 sententiam

630 1481 1063 1553 affirmantem,
1105 1479 1253 1561 quin
1298 1479 1438 1561 plus
1487 1497 1696 1561 reapse
1744 1498 1780 1541 a
1826 1477 1992 1541 fideli
2023 1479 2330 1562 exigatur,
2365 1497 2555 1559 quam
2589 1478 2756 1559 quod
2804 1479 3088 1562 postulat

630 1583 935 1647 sententia
967 1601 1217 1665 negans
1252 1581 1554 1644 Asserunt
1583 1579 1878 1643 nimirum
1910 1578 2134 1643 Suarez
2172 1580 2236 1642 et
2271 1579 2450 1664 Lugo
2483 1578 2558 1642 de
2593 1579 2758 1643 Fide
2782 1580 2937 1662 disp.
2983 1581 3085 1643 12.

631 1689 777 1751 sect.
820 1687 881 1748 4.
916 1684 1019 1747 ille
1051 1704 1152 1747 nn.
1190 1684 1291 1745 18.
1334 1683 1433 1746 19.
1468 1681 1567 1746 hic
1598 1701 1699 1745 nn.
1737 1681 1884 1745 106.
1923 1681 2092 1757 107.,
2141 1681 2325 1744 fidem
2369 1682 2596 1746 horum
2648 1682 3090 1766 mysteriorum

632 1787 983 1869 explicitam
1011 1785 1415 1848 necessariam
1440 1803 1568 1848 esse
1591 1786 1667 1848 ut
1688 1783 1962 1847 medium
1986 1783 2064 1847 ad
2094 1784 2360 1865 primam
2383 1783 2897 1850 iustificationem
2922 1783 3092 1848 adul-

632 1892 871 1961 torum3
908 1888 1204 1961 attamen,
1231 1886 1752 1965 quemadmodum
1777 1884 2085 1968 contingit
2114 1885 2178 1948 in
2209 1885 2286 1948 iis
2318 1904 2476 1967 quae
2513 1887 2721 1951 media
2753 1886 3095 1951 necessaria

634 1992 782 2052 sunt
813 2007 885 2051 ex
915 1986 1328 2061 institutione,
1355 2004 1476 2049 non
1502 2004 1656 2067 opus
1688 2005 1819 2049 esse
1851 2005 1989 2049 eam
2020 1987 2243 2049 habere
2268 1987 2332 2056 in
2363 2008 2446 2063 re,
2475 1987 2580 2051 sed
2617 1989 2716 2052 vel
2747 1988 2810 2052 in
2841 2008 2926 2062 re,
2951 2007 3093 2051 cum

634 2091 768 2155 fieri
798 2091 1023 2171 potest,
1056 2088 1156 2149 vel
1192 2087 1415 2150 saltem
1462 2087 1525 2149 in
1572 2087 1741 2149 voto.
1777 2084 2004 2165 Quaeri
2049 2090 2262 2152 autem
2309 2090 2536 2171 potest,
2570 2109 2680 2154 cur
2716 2090 2864 2153 talis
2896 2107 3094 2153 neces-

635 2193 789 2256 sitas
828 2190 1206 2263 affirmetur3
1233 2206 1343 2250 cur
1366 2188 1638 2252 sufficiat
1666 2187 1730 2250 in
1759 2189 1925 2263 vot0,
1960 2188 2178 2270 ecquid
2209 2188 2453 2255 differat
2494 2190 2611 2255 hoc
2633 2192 2852 2255 votum
2885 2209 2921 2253 a
2944 2191 3091 2255 voto

638 2292 973 2358 servandae
1006 2290 1327 2353 universae
1364 2289 1539 2373 legiS,
1574 2288 1738 2370 quod
1772 2292 1835 2353 et
1865 2289 1927 2352 in
1958 2290 2400 2356 iustificatione
2437 2292 2795 2373 requiritur.

725 2395 821 2459 Ad
854 2395 1123 2477 primum
1160 2410 1307 2476 ergo
1340 2390 1777 2455 affirmandum
1813 2395 2143 2457 moventur
2181 2393 2463 2475 pluribus
2494 2393 2573 2456 N.
2607 2393 2678 2457 T.
2720 2393 3095 2460 testimoniis

637 2517 727 2563 ex.
766 2518 858 2583 gr.
894 2498 1065 2560 Ioan.
1100 2496 1216 2559 III.
1254 2494 1356 2558 16.
1392 2492 1496 2557 Sic
1526 2492 1705 2557 Deus
1736 2492 1964 2557 dilexit
1989 2494 2291 2558 mundum
2324 2499 2396 2557 ut
2427 2494 2638 2575 filium
2671 2515 2856 2558 suum
2885 2497 3098 2578 uniye-
3223 2540 3232 2547 -

637 2603 842 2665 nitum
871 2599 1070 2670 daret,
1119 2600 1192 2660 ut
1235 2598 1456 2669 omme,
1507 2597 1619 2677 qui
1654 2596 1855 2660 credit
1897 2597 1969 2660 in
2016 2598 2236 2677 ipsum,
2271 2618 2397 2661 non
2431 2602 2671 2677 pereat,
2721 2599 2834 2663 sed
2875 2597 3103 2663 habeat

638 2705 832 2766 vitam
859 2706 1197 2764 aeternam.
1233 2699 1468 2763 Ibidem
1513 2699 1613 2762 18.
1659 2699 1782 2779 Qui
1826 2718 1953 2762 non
1997 2699 2213 2772 credit,
2246 2701 2377 2762 iam
2420 2698 2740 2765 iudicatus
2787 2705 2917 2776 est,·
2948 2702 3101 2782 quia

638 2826 766 2869 non
801 2803 1001 2868 credit
1027 2804 1097 2865 in
1130 2803 1374 2865 nomine
1410 2802 1722 2882 uniyeniti
1753 2800 1919 2864 Filii
1949 2800 2093 2865 Dei.
2128 2802 2267 2866 Act.
2302 2802 2412 2866 IV.
2452 2804 2553 2867 12.
2588 2803 2742 2867 Non
2783 2807 2878 2867 est
2918 2802 3104 2867 aliud

638 2928 862 2973 nomen
890 2905 1005 2970 sub
1041 2903 1208 2969 caelo
1246 2902 1462 2966 datum
1497 2903 1870 2977 hominibus,
1909 2905 1981 2966 in
2026 2924 2146 2985 quo
2192 2908 2473 2984 oporteat
2518 2925 2633 2969 nos
2677 2904 2885 2970 salvos
2930 2906 3094 2986 fieri.

640 3013 819 3076 Rom.
861 3010 977 3073 III.
1013 3010 1116 3071 22.
1157 3006 1418 3070 Iustitia
1448 3004 1578 3069 Dei
1599 3026 1721 3086 per
1751 3005 1938 3085 fidem
1969 3005 2117 3069 Iesu
2157 3005 2398 3069 Christi
2443 3007 2514 3070 in
2551 3027 2766 3072 omnes
2812 3012 2874 3072 et
2914 3028 3104 3088 super

641 3133 869 3186 omne&
903 3113 1013 3192 qui
1043 3107 1308 3173 credunt
1341 3110 1407 3170 ιῗη
1438 3128 1596 3181 eum,
1629 3110 1743 3172 etc.
1780 3108 1861 3171 Et
1907 3127 1971 3172 re
2020 3108 2268 3189 quidem
2316 3128 2460 3177 vera
2505 3129 2707 3175 nonne
2753 3111 3102 3194 baptismus

641 3216 1020 3284 necessarius
1058 3215 1152 3279 est
1182 3212 1261 3277 ad
1290 3213 1605 3277 salutem?
1637 3213 1813 3294 atqui
1846 3212 1925 3275 ad
1956 3212 2336 3295 baptismum
2367 3214 2487 3278 rite
2518 3214 2976 3298 suscipiendum
3005 3232 3104 3278 ne-

641 3320 906 3387 cessaria
939 3318 1033 3382 est
1062 3316 1212 3380 fides
1243 3315 1384 3378 Iesu
1409 3313 1641 3379 Christi
1673 3316 1736 3378 et
1760 3314 2108 3388 Trinitatis,
2138 3317 2210 3379 ut
2232 3316 2553 3400 colligitur
2576 3335 2647 3382 ex
2683 3317 2884 3381 verbis
2909 3315 3102 3398 ipsius

644 3421 895 3488 Domini
928 3417 1091 3501 apud
1124 3417 1352 3481 Matth.
1387 3415 1683 3480 XXVIII.
1722 3417 1848 3492 19„
1892 3435 1963 3479 ex
2003 3416 2229 3497 quibus
2266 3420 2514 3483 constat
2542 3417 2926 3501 baptismum
2972 3434 3102 3481 esse

644 3524 1005 3589 sollemnem
1051 3519 1492 3602 professionem
1537 3517 1679 3581 fidei
1729 3518 2077 3581 Trinitatis.
2128 3518 2300 3582 Idem
2350 3519 2622 3583 traditur
2667 3537 2704 3581 a
2741 3517 3101 3581 Tridentino

646 3645 793 3691 sess.
833 3624 894 3686 6.
927 3643 979 3686 c.
1014 3622 1074 3685 6.
1114 3621 1222 3686 11111
1268 3620 1610 3684 describens
1656 3618 1931 3684 ordinem
1970 3619 2433 3685 iustificationis
2480 3618 2904 3702 acquirendae,
2952 3618 3106 3683 dicit

644 3726 971 3792 iustificari
1001 3725 1298 3798 homines,
1332 3721 1644 3786 credentes
1690 3740 1836 3785 vera
1883 3740 2033 3796 esse,
2083 3740 2240 3802 quae
2288 3721 2588 3785 divinitus
2634 3720 2911 3784 revelata
2957 3723 3108 3787 sunt

648 3830 837 3910 atque
865 3825 1024 3890 illud
1053 3825 1117 3888 in
1149 3824 1385 3908 primiS,
1428 3843 1463 3886 a
1496 3824 1625 3888 Deo
1672 3823 2001 3889 iustificari
2048 3822 2325 3887 homines
2374 3842 2480 3905 per
2510 3821 2784 3906 gratiam
2814 3822 2968 3901 eius,
3002 3841 3108 3908 per

648 3929 1150 4012 redemptionem,
1190 3945 1347 4009 quae
1385 3928 1480 3989 est
1517 3926 1579 3989 in
1618 3923 1868 3991 Christo
1918 3927 2078 3990 Iesu.
2113 3925 2326 4007 Neque
2374 3942 2651 4006 unquam
2697 3924 2968 3990 Ecclesia
3007 3944 3109 3990 ca·

650 4032 1088 4098 techumenum
1135 4029 1213 4093 ad
1258 4027 1639 4110 baptismum
1687 4026 1957 4102 admisit,
1998 4028 2106 4109 qui
2138 4028 2326 4110 priuS,
2359 4045 2502 4090 cum
2538 4029 2765 4111 posset,
2800 4028 2951 4093 haec
2979 4046 3110 4111 my-

650 4136 841 4200 steria
870 4152 993 4197 non
1025 4130 1307 4196 didicerit
1343 4131 1405 4193 et
1442 4128 1755 4211 professus
1801 4130 1902 4194 sit.
1953 4129 2128 4194 Unde
2174 4131 2367 4211 patet,
2407 4128 2570 4193 inter
2616 4129 2800 4194 fidem
2845 4130 3002 4193 hanc
3047 4129 3112 4192 et

652 4236 1155 4303 iustificationem
1193 4231 1460 4315 primam
1503 4250 1728 4296 nexum
1776 4252 1918 4298 eum
1964 4251 2113 4308 esse,
2148 4231 2256 4313 qui
2302 4235 2399 4296 est
2438 4232 2600 4298 inter
2644 4232 3111 4316 dispositionem

655 4339 1059 4407 necessariam
1107 4338 1170 4401 et
1215 4334 1481 4400 formam
1526 4333 1952 4411 inducendam,
1987 4352 2212 4399 nexum
2258 4354 2471 4418 parem
2512 4337 2625 4410 illi,
2676 4335 2781 4416 qui
2820 4336 2918 4399 est
2953 4335 3113 4399 inter

655 4445 1032 4527 baptismum
1067 4440 1130 4502 et
1173 4437 1698 4502 iustificationem.
1739 4461 1776 4496 α
1808 4437 1969 4515 Dixi,
2010 4437 2102 4501 ait
2134 4437 2311 4524 Lugo
2345 4439 2386 4503 l.
2422 4458 2496 4515 c.,
2532 4437 2610 4502 ad
2642 4437 2908 4521 primam
2938 4437 3114 4501 iusti-

654 4546 1006 4611 ficationem
1051 4539 1459 4606 necessariam
1489 4557 1619 4604 esse
1652 4539 1812 4605 hanc
1841 4539 2054 4605 fidem:
2087 4541 2241 4607 haec
2285 4542 2449 4607 enim
2494 4539 2645 4604 fides
2692 4559 2814 4605 non
2845 4538 3115 4622 exigitur
