3497 5147
733 276 836 329 146
909 287 1122 328 1111101.
1152 288 1207 327 v.
1232 286 1393 327 sacr.
1423 284 1512 324 111.
1539 284 1622 322 Da
1649 283 1971 324 camuris
1997 283 2385 324 PRAECEPTIS.
2412 282 2611 324 CAPUT
2637 283 2701 323 11.
2730 282 2871 322 nun.
2898 282 2988 321 111.
3052 268 3193 342 [196]

819 387 901 449 Et
932 405 981 449 s.
1015 383 1373 466 Alphonsus
1421 382 1550 464 ipse
1597 381 1702 444 lib.
1757 383 1816 443 2.
1851 402 1912 444 11.
1949 381 2055 444 32.
2105 380 2410 445 consentit
2448 400 2586 444 cum
2620 379 2901 443 Navarro
2936 382 2999 443 et
3026 377 3195 443 Caie-

732 490 915 553 tano:
972 512 1006 546 ‹<
1049 486 1349 569 pertinere
1408 484 1486 548 ad
1532 483 1848 547 decentem
1903 484 2140 547 statum
2196 483 2683 547 conservandum
2739 483 2967 558 omnia,
3039 502 3196 563 quae

730 589 1133 672 requiruntur
1166 607 1286 652 non
1335 587 1539 651 solum
1573 586 1649 649 ad
1687 586 1848 650 filios
1897 586 2234 669 (decenter)
2268 587 2330 650 et
2367 585 2634 650 famulos
2683 587 2746 648 et
2791 585 3069 667 hospites
3102 605 3198 648 su-

730 691 1112 766 stentandos,
1163 690 1267 754 sed
1316 690 1508 753 etiam
1547 688 1623 751 ad
1661 688 1954 752 honestas
2002 688 2385 763 donationes,
2434 688 2716 752 convivia
2748 690 2811 752 et
2843 686 3196 751 moderatas

732 793 1225 878 magnificentias
1275 790 1643 856 exhibendas
1677 816 1737 854 ».

833 933 1043 985 XXVll.
1069 933 1216 996 llesp.
1243 932 1289 982 1.
1321 930 1472 983 Nemo
1498 936 1688 982 tenetur
1715 931 1832 981 dare
1859 931 2220 993 eleemosynam
2247 943 2306 981 ex
2336 927 2475 981 bonis
2502 928 2593 981 sibi
2621 930 2680 980 ad
2709 927 2857 981 vitam
2887 927 3193 992 necessariis

731 1017 824 1071 nisi
863 1024 993 1070 essct
1032 1031 1239 1083 persona
1281 1013 1408 1078 taliS,
1440 1030 1501 1067 ex
1540 1028 1631 1079 qua
1672 1015 1907 1080 penderet
1947 1015 2079 1066 salus
2120 1013 2323 1079 Reipnb.
2354 1016 2439 1066 Est
2468 1011 2757 1066 communis.
2796 1015 2857 1065 Et
2897 1013 3022 1066 ratio
3063 1020 3196 1078 patet

734 1119 794 1157 ex
837 1102 1008 1156 ordine
1047 1101 1282 1154 caritatis

825 1202 976 1276 196.
1005 1205 1183 1284 Quod
1215 1203 1367 1268 dicit
1392 1205 1488 1281 A.,
1518 1202 1871 1284 aliquando,
1900 1203 2030 1266 scil.
2059 1203 2111 1266 si
2136 1203 2519 1285 periclitetur
2544 1222 2801 1285 persona
2825 1204 3198 1285 reipublicae

734 1309 1109 1371 necessariae
1142 1308 1279 1370 etc..
1333 1305 1528 1370 teneri
1576 1324 1687 1368 nos
1736 1305 1813 1368 ad
1847 1305 2298 1388 eleemosynam
2330 1325 2400 1367 ex
2448 1305 2805 1369 necessariis
2855 1305 2931 1368 ad
2979 1306 3196 1380 vitam,

735 1410 982 1475 videtur
1013 1428 1134 1473 non
1168 1408 1419 1472 admitti
1454 1427 1489 1470 a
1521 1426 1570 1471 0.
1621 1407 1882 1479 Thoma,
1918 1407 2025 1487 qui
2057 1408 2144 1470 sic
2178 1407 2268 1470 ait
2302 1408 2361 1469 2.
2404 1408 2464 1469 2.
2500 1427 2558 1488 q.
2599 1408 2704 1469 32.
2741 1408 2858 1471 art.
2896 1407 2988 1470 6.:
3031 1407 3201 1471 «Ne-

735 1513 1071 1577 cessarium
1127 1511 1357 1574 dicitur
1403 1509 1751 1592 dupliciter.
1804 1509 1942 1574 Uno
1991 1509 2196 1582 modo,
2247 1508 2376 1573 sine
2423 1527 2545 1589 quo
2596 1508 2830 1590 aliquid
2892 1527 3025 1574 esse
3081 1529 3197 1574 non

735 1616 961 1698 potest,
989 1615 1053 1678 et
1098 1615 1171 1677 de
1220 1613 1335 1677 tali
1368 1611 1706 1676 necessario
1743 1612 1991 1675 omnino
2025 1612 2411 1695 eleemosyna
2449 1611 2579 1675 dari
2630 1630 2750 1675 non
2798 1611 2999 1686 debet,
3051 1614 3199 1695 puta

734 1718 788 1782 si
850 1718 1075 1798 aliquis
1133 1717 1197 1780 in
1249 1716 1513 1779 articulo
1571 1714 1956 1779 necessitatis
2005 1714 2385 1778 constitutus
2447 1715 2701 1777 haberet
2765 1715 2990 1792 solum,
3043 1715 3200 1779 unde

736 1821 1009 1903 possent,
1031 1818 1371 1883 sustentari
1405 1818 1468 1880 et
1500 1818 1611 1880 filii
1648 1817 1744 1881 sui
1778 1817 1875 1881 vel
1918 1817 2027 1880 alii
2062 1816 2138 1879 ad
2171 1835 2313 1879 eum
2347 1816 2752 1898 pertinentes:
2788 1816 2862 1879 de
2893 1817 3011 1881 hoc
3042 1819 3201 1882 enim

732 1922 1074 1985 necessario
1115 1922 1570 2003 eleemosynam
1603 1920 1748 1982 dare
1781 1922 1875 1982 est
1908 1920 2024 1982 sibi
2058 1921 2120 1983 et
2152 1919 2280 1982 suis
2305 1918 2500 1982 vitam
2526 1918 2907 1983 subtrahere.
2936 1918 3054 1984 Sed
3087 1921 3199 1985 1100

734 2024 888 2097 (1100,
932 2022 1047 2085 nisi
1084 2022 1242 2086 forte
1277 2021 1420 2084 talis
1455 2039 1635 2084 casus
1660 2021 2031 2096 immineret,
2067 2020 2175 2083 ubi
2206 2020 2622 2085 subtrahendo
2656 2021 2775 2085 sibi
2807 2020 2981 2085 daret
3012 2023 3200 2086 alicui

733 2147 997 2212 magnae
1045 2145 1357 2208 personae,
1418 2144 1525 2207 per
1580 2144 1770 2206 quam
1828 2124 2099 2188 Ecclesia
2156 2126 2253 2188 vel
2308 2125 2650 2207 respublica
2707 2126 3197 2200 sustentare-tum

733 2231 879 2312 quia
913 2247 1023 2312 pro
1057 2228 1202 2292 talis
1238 2246 1534 2310 personae
1557 2227 1921 2290 liberatione
1946 2228 2218 2309 seipsum
2250 2229 2312 2291 et
2329 2246 2473 2292 suos
2499 2226 2906 2291 landabiliter
2929 2229 3198 2310 periculo

732 2332 953 2396 mortis
1001 2332 1360 2412 exponeret:
1413 2349 1555 2393 cum
1601 2330 1833 2393 bonum
1881 2348 2205 2394 commune
2243 2330 2326 2393 sit
2359 2330 2604 2412 proprio
2638 2330 3107 2412 praeferendum
3140 2359 3197 2395 ».

733 2434 896 2497 Nam
929 2453 1071 2497 cum
1109 2433 1278 2496 dicat
1319 2432 1392 2495 id
1419 2431 1758 2504 laudabile,
1798 2431 2045 2495 videtur
2089 2432 2342 2495 innuere
2390 2431 2494 2514 agi
2541 2432 2613 2496 de
2661 2433 2938 2510 consilio,
2972 2453 3098 2498 non
3131 2434 3199 2498 de

732 2537 1078 2622 praecepto.
1104 2537 1187 2601 Et
1220 2536 1309 2600 ita
1335 2534 1636 2618 intelligit
1660 2554 1708 2598 s.
1745 2534 2098 2599 Antoninus
2130 2535 2268 2599 infr.
2304 2555 2363 2599 n.
2398 2535 2541 2599 114.
2569 2538 2816 2617 (1113110,
2850 2537 2959 2618 qui
2993 2539 3199 2603 tamen

728 2639 1030 2722 intelligit
1077 2639 1286 2702 solum
1334 2638 1406 2700 (10
1454 2637 1753 2701 servanda
1803 2655 2062 2719 persona
2098 2636 2359 2713 utiliori,
2396 2656 2517 2700 non
2557 2657 2700 2702 vero
2734 2639 2807 2702 de
2846 2642 3201 2704 necessaria

733 2741 1106 2823 reipublicae
1141 2741 1251 2803 aut
1283 2739 1610 2803 Ecclesiae.

824 2843 1176 2926 Respondet
1210 2843 1416 2905 tamen
1453 2841 1677 2905 Suarez
1711 2840 1786 2903 de
1827 2840 2026 2905 Carit.
2062 2841 2215 2923 disp.
2249 2842 2305 2905 7.
2341 2843 2486 2905 0001.
2523 2843 2582 2906 4.
2611 2862 2670 2907 11.
2701 2844 2797 2908 6.:
2837 2868 2874 2902 ‹<
2899 2844 2974 2909 In
3008 2845 3199 2910 citato

734 2948 905 3010 sexto
946 2944 1212 3009 articulo
1262 2944 1466 3007 solum
1512 2944 1780 3007 intendit
1827 2944 2059 3019 docere,
2095 2944 2243 3025 quid
2288 2944 2350 3007 in
2390 2944 2505 3007 hac
2549 2945 2811 3008 materia
2853 2946 2937 3009 sit
2970 2948 3201 3012 bonum

733 3048 957 3129 quidve
1004 3047 1262 3109 malum.
1305 3046 1480 3110 Unde
1515 3045 1833 3108 laudabile
1883 3047 1965 3109 ibi
2014 3065 2135 3110 non
2184 3046 2496 3131 significat
2542 3049 2868 3112 consilium
2903 3051 3203 3134 10111100-

733 3152 1001 3231 ceptum,
1030 3148 1193 3229 quod
1227 3167 1276 3212 s.
1319 3148 1538 3211 Thom.
1573 3148 1828 3229 reliquit
1860 3148 2271 3212 definiendum
2305 3169 2375 3212 ex
2408 3149 2617 3213 ordine
2649 3151 2933 3214 caritatis
2961 3178 3022 3217 ».

825 3253 912 3313 Ea
945 3251 1018 3313 de
1049 3270 1113 3313 re
1145 3249 1438 3313 Valentia
1465 3251 1617 3313 tom.
1658 3250 1718 3312 3.
1762 3250 1915 3332 disp.
1952 3251 2011 3313 3.
2048 3270 2105 3331 q.
2148 3252 2207 3313 9.
2237 3252 2445 3332 punct.
2487 3252 2580 3314 4.:
2623 3276 2657 3309 «
2690 3250 2929 3331 Quarto
2965 3260 3201 3320 certum

733 3354 847 3428 est,
876 3352 1092 3415 debere
1119 3351 1310 3414 etiam
1338 3351 1610 3432 aliquem
1643 3352 1716 3415 de
1741 3352 2096 3416 necessariis
2122 3371 2243 3416 non
2276 3353 2460 3416 modo
2494 3353 2570 3417 ad
2602 3354 2946 3420 decentiam
2975 3362 3200 3433 statuS,

734 3455 1062 3519 sedetiam
1111 3454 1186 3517 ad
1236 3454 1434 3517 vitam
1484 3454 1580 3517 sui
1629 3474 1698 3516 ac
1746 3473 2022 3532 suorum,
2072 3455 2523 3539 eleemosynam
2572 3456 2768 3521 facere
2817 3459 2879 3522 in
2930 3463 3201 3526 extrema

733 3557 1098 3620 necessitate
1130 3554 1282 3631 01110,
1313 3576 1382 3619 ex
1422 3556 1597 3619 cuius
1631 3556 1762 3619 vita
1796 3557 2055 3637 pendeat
2088 3558 2451 3621 notabiliter
2483 3559 2652 3623 salus
2683 3562 3063 3644 reipublicae
3095 3566 3205 3630 aut

732 3659 1058 3722 Ecclesiae.
1110 3659 1210 3722 Ita
1258 3656 1454 3721 Caiet.
1505 3658 1605 3722 hic
1653 3660 1770 3722 art.
1823 3660 1882 3722 6.
1931 3662 1993 3722 01
2042 3661 2148 3723 alii
2197 3662 2626 3739 communiter,
2679 3662 2862 3745 idque
2909 3669 3091 3748 patet
3136 3688 3203 3732 ex

736 3760 943 3823 ordine
982 3760 1283 3837 caritatis,
1320 3780 1442 3841 quo
1477 3762 1710 3825 bonum
1748 3781 2071 3825 commune
2105 3763 2286 3826 debet
2315 3764 2609 3846 praeferri
2640 3767 2952 3848 privato...
2989 3770 3202 3854 Neque

735 3864 963 3938 obstat,
1016 3862 1182 3942 quod
1214 3882 1262 3925 s.
1301 3863 1572 3927 Thomas
1611 3863 1720 3939 ait,
1756 3864 1817 3926 in
1853 3864 1967 3928 tali
2001 3865 2192 3928 etiam
2230 3885 2378 3929 casu
2410 3867 2606 3932 facere
2638 3870 3100 3956 eleemosynam
3131 3875 3201 3938 de

733 3964 1092 4029 necessariis
1141 3965 1218 4027 ad
1267 3966 1508 4028 statum
1554 3966 1707 4047 (imo
1750 3967 1825 4029 ad
1873 3967 2098 4049 vitam)
2147 3987 2276 4033 esse
2326 3968 2660 4035 laudabile.
2712 3972 2800 4036 Ut
2847 3975 3013 4039 enim
3061 3997 3201 4041 011111

732 4067 1030 4131 Caietano
1080 4068 1143 4131 et
1179 4068 1410 4131 Ioanne
1443 4068 1691 4132 Medina
1725 4070 2124 4143 advertimus⁹
2173 4071 2484 4137 laudabile
2531 4075 2805 4156 appellat
2835 4096 2883 4140 s.
2926 4078 3201 4144 Thomas

731 4190 801 4231 eo
835 4171 969 4233 loco
1003 4189 1125 4234 non
1159 4170 1240 4249 id,
1277 4171 1440 4252 quod
1465 4190 1585 4235 non
1612 4173 1704 4235 est
1739 4172 1931 4236 etiam
1964 4193 2033 4237 ex
2067 4177 2390 4257 praecepto
2422 4176 2719 4253 debitum,
2756 4180 2858 4243 sed
2884 4182 3056 4262 quod
3080 4204 3198 4247 non

733 4273 826 4333 est
863 4269 1156 4333 illicitam
1187 4296 1248 4334 ›.
1291 4272 1372 4335 Et
1419 4272 1618 4355 reipsa
1667 4274 1755 4335 ita
1797 4274 1916 4336 fert
1955 4276 2296 4352 contextus,
2331 4296 2471 4340 cum
2506 4278 2731 4342 subdat
2772 4280 3000 4345 bonnm
3047 4305 3198 4348 com·

735 4392 913 4434 meme
931 4372 1423 4449 praeferendum
1453 4394 1583 4437 csse
1603 4376 1876 4454 privato.

823 4473 959 4537 Non
1008 4474 1527 4539 dissimulandum
1568 4482 1794 4553 tamen,
1838 4479 1970 4542 loca
2005 4480 2307 4561 quaedam
2348 4502 2395 4546 s,
2435 4484 2729 4561 Thomae,
2765 4506 2925 4568 quae
2966 4487 3187 4554 Suarez
