3497 5147
693 355 798 409 154
869 367 1082 407 macr.
1112 367 1166 407 v.
1194 367 1357 406 sacr.
1382 365 1472 405 111.
1498 365 1584 404 mr
1608 364 1930 406 marmus
1955 364 2345 406 Pnamnmrs.
2370 364 2569 406 CAPUT
2595 365 2658 405 11.
2685 365 2829 406 nun.
2856 364 2945 404 111.
3002 349 3153 423 [205]

689 464 941 528 dubitat
972 463 1045 526 de
1078 462 1334 526 alterius
1369 462 1732 526 necessitate
1765 464 2055 538 extrema,
2092 463 2179 526 sic
2208 463 2445 526 evolvit
2468 462 2669 526 Diana
2695 463 2849 526 tom.
2878 462 2940 525 4.
2972 463 3051 526 tr.
3094 463 3148 525 7.

687 585 803 631 res.
860 567 915 629 7.
966 565 1111 640 edit,
1161 564 1430 628 coordin.
1467 583 1537 626 ex
1571 564 1800 627 Ioanne
1839 563 2101 627 Sancio:
2157 588 2192 622 ⁴<
2224 563 2345 643 Qui
2392 564 2659 640 dubitat,
2712 584 2789 628 an
2838 565 3152 646 proximus

690 670 957 732 extreme
990 666 1284 750 indigeat,
1315 687 1384 729 ex
1418 667 1676 729 caritate
1712 667 1959 730 tenetur
1984 667 2311 731 veritatem
2342 666 2724 751 indigentiae
2762 666 3150 750 indagare...;

688 771 750 834 id
789 771 1084 836 omittens
1131 772 1344 851 peccat
1391 769 1603 833 eodem
1650 768 1855 846 modo,
1892 789 2014 850 quo
2063 770 2411 852 perquirere
2449 772 2698 834 tenetur
2736 769 2843 851 qui
2882 769 3150 844 dubitat,

691 895 768 938 an
801 874 929 937 dies
954 873 1214 937 festivus
1240 872 1340 948 sit,
1363 873 1460 936 vel
1492 871 1767 935 ieiunii...
1792 871 2083 935 Manente
2108 874 2318 936 autem
2344 871 2734 936 dubitatione
2760 873 2903 953 post
2927 871 3154 935 factam

691 975 1104 1060 diligentiam,
1137 995 1257 1039 non
1291 978 1385 1039 est
1417 975 1556 1056 quis
1591 974 1961 1057 obligandus
1997 975 2073 1037 ad
2099 975 2552 1058 eleemosynam
2580 999 2639 1036 ».
2669 975 2768 1037 Ita
2802 973 2878 1037 ad
2910 993 3151 1038 sensum

690 1079 965 1144 Saucius.

780 1182 898 1247 Sed
930 1181 1269 1245 cavendum
1303 1181 1418 1244 hac
1451 1181 1510 1244 in
1550 1199 1632 1255 re,
1667 1200 1741 1242 ne
1775 1180 2081 1262 scrupulis
2114 1179 2536 1262 opprimamus
2570 1180 2903 1262 proximos,
2953 1180 3035 1243 Et
3080 1179 3153 1243 ad

690 1305 827 1349 eam
860 1284 1304 1368 obligationem
1352 1283 1699 1365 inquirendi
1747 1301 1868 1346 non
1916 1283 2163 1346 videtur
2206 1283 2605 1359 inducendus,
2641 1283 2762 1346 nisi
2812 1283 2921 1364 qui
2970 1301 3156 1367 grave

693 1388 920 1452 habeat
945 1387 1204 1450 dubium
1229 1387 1300 1450 ‹le
1327 1386 1690 1449 necessitate
1717 1405 1855 1448 vere
1887 1388 2179 1449 extrema.
2217 1384 2402 1449 Secus
2425 1405 2566 1448 cum
2607 1386 2839 1469 singuli
2863 1404 3157 1468 pauperes

693 1490 920 1573 passim
969 1510 1032 1553 se
1082 1488 1291 1553 dicant
1338 1489 1593 1564 ieiunos,
1643 1488 1773 1550 sine
1822 1507 1976 1570 pane
2023 1489 2161 1556 etc„
2197 1506 2437 1570 semper
2467 1487 2775 1568 inquirere
2809 1507 3022 1551 omnes
3059 1486 3157 1549 de-

691 1594 922 1657 berent.

801 1730 1012 1782 xxxii.
1041 1733 1090 1782 2.
1116 1730 1266 1781 Nemo
1292 1735 1487 1780 tenetur
1513 1742 1731 1790 magnam
1762 1727 1857 1779 vim
1887 1725 2119 1792 pecuniae
2146 1730 2263 1780 dare
2295 1728 2514 1794 pauperi,
2541 1730 2599 1779 ad
2634 1725 3038 1791 pretiosissimam
3068 1741 3157 1778 me·

692 1815 902 1867 ‹licinam
941 1818 1192 1866 emendam
1234 1812 1359 1864 vitae
1387 1816 1655 1865 servandae
1689 1812 2031 1873 necessariam.
2059 1815 2135 1864 vel
2175 1814 2235 1864 ad
2277 1812 2615 1865 redimendum
2647 1827 2673 1864 a
2717 1812 2943 1878 periculo
2970 1811 3156 1865 mortis,

692 1900 754 1951 Sn
793 1906 840 1949 et
870 1898 1046 1952 Conin.
1072 1897 1196 1962 disp.
1226 1898 1308 1949 27.
1336 1900 1451 1948 dub.
1481 1900 1527 1949 8.
1556 1913 1603 1949 n.
1643 1899 1752 1949 135.
1783 1900 1841 1949 Et
1869 1896 1994 1949 ratio
2028 1904 2160 1962 patet
2187 1912 2249 1949 ex
2277 1895 2437 1950 dictis,

782 2010 963 2083 205.
999 2011 1321 2076 Consentit
1367 2033 1414 2076 s.
1451 2013 1632 2093 Alph.
1683 2014 1746 2076 in
1796 2014 2014 2076 notula
2048 2013 2259 2077 addita
2309 2012 2384 2076 ad
2431 2032 2589 2094 resp.
2629 2015 2687 2075 2.
2725 2013 2892 2077 hisce
2928 2013 3154 2076 verbis:

699 2142 734 2176 «
765 2115 963 2180 Notat
995 2117 1202 2177 tamen
1228 2114 1408 2188 Viva,
1435 2114 1600 2194 quod
1633 2134 1829 2194 neque
1862 2115 1925 2176 in
1957 2115 2133 2196 gravi
2158 2135 2356 2196 neque
2393 2116 2454 2178 in
2488 2118 2761 2179 extrema
2787 2116 3157 2180 necessitate

693 2219 979 2302 pauperis
1028 2219 1313 2280 teneatur
1367 2216 1536 2280 dives
1585 2236 1878 2300 magnam
1937 2218 2262 2298 pecuniam
2312 2238 2593 2302 erogare3
2646 2238 2788 2283 cum
2839 2219 2988 2283 haec
3034 2220 3157 2290 sint

695 2321 895 2384 media
929 2321 1105 2383 valde
1145 2318 1422 2383 difficilia
1455 2321 1517 2382 et
1552 2318 1675 2382 fere
1723 2319 2044 2383 moraliter
2081 2320 2509 2402 impossibilia.
2552 2321 2823 2385 Tenetur
2871 2340 3016 2385 vero
3065 2323 3160 2386 be-

691 2423 1038 2487 neficiarius
1085 2423 1204 2486 nisi
1249 2422 1558 2502 reliquum
1607 2421 1716 2502 (sc.
1769 2422 2180 2504 superfluum)
2232 2423 2380 2485 velit
2430 2423 2568 2486 aliis
2633 2423 2920 2505 operibus
2970 2424 3160 2506 appli-

691 2546 828 2591 care
860 2551 921 2601 »,
963 2526 1126 2608 quod
1159 2525 1408 2589 tandem
1442 2523 1771 2607 significat,
1814 2543 1921 2588 uec
1954 2524 2385 2589 beneficiatum
2418 2526 2631 2590 teneri.
2668 2525 2792 2590 Fac
2824 2545 3157 2610 pauperem

693 2631 1055 2694 infirmitate
1103 2629 1296 2691 teneri
1344 2628 1657 2701 diuturna,
1694 2628 1795 2690 cui
1843 2647 2040 2709 aquae
2072 2627 2342 2711 regionis
2391 2629 2767 2711 longinquae
2814 2629 3156 2693 remedium

693 2734 931 2794 certum
958 2729 1260 2804 afferrent,
1289 2748 1366 2791 an
1392 2728 1595 2810 putaS‚
1622 2728 1881 2791 divitem
1906 2730 2199 2813 rogatum
2225 2729 2439 2793 debere
2464 2729 2521 2792 ei
2547 2748 2759 2793 omnes
2784 2732 3160 2794 necessarias

691 2850 983 2914 expensas
1032 2830 1470 2913 suppeditare?
1501 2830 1600 2893 Sic
1636 2831 1810 2895 brevi
1858 2850 2066 2896 omnes
2114 2831 2338 2896 divites
2386 2832 2808 2914 spoliarentur
2838 2833 2900 2895 et
2930 2851 3161 2917 magna

691 2933 1079 3016 perturbatio
1115 2934 1180 2995 in
1219 2933 1513 2996 societate
1547 2932 1832 2997 oriretur.
1869 2934 2169 3017 Neganda
2202 2938 2298 2998 est
2338 2955 2483 3019 ergo
2518 2936 2669 2999 haec
2707 2935 3032 3018 obligatio.

781 3037 862 3099 Et
895 3056 1040 3100 sane
1082 3053 1260 3099 nemo
1293 3054 1489 3115 neque
1536 3055 1678 3099 cum
1725 3036 1799 3099 de
1847 3055 1959 3099 sua
2007 3038 2137 3100 vita
2186 3037 2418 3120 agitur,
2453 3040 2702 3102 tenetur
2742 3038 3053 3119 exquisita
3100 3040 3161 3101 et

693 3139 1182 3203 extraordinaria
1215 3158 1285 3201 ac
1318 3137 1592 3202 difficilia
1617 3138 1821 3203 media
1856 3139 2177 3203 adhibere:
2214 3159 2250 3203 a
2282 3139 2526 3204 fortiori
2560 3160 2681 3206 non
2721 3142 2991 3219 tenetur,
3019 3161 3158 3206 cum

692 3244 904 3326 agitur
935 3242 1007 3305 de
1041 3242 1199 3305 aliis.

802 3381 1033 3433 xxxin.
1062 3381 1108 3431 3.
1146 3378 1198 3431 Si
1237 3377 1492 3443 proximus
1531 3384 1716 3431 tantum
1758 3385 1896 3442 egeat
1938 3394 2027 3431 usu
2070 3379 2158 3444 rei,
2187 3380 2307 3433 satis
2348 3388 2422 3433 est
2460 3379 2592 3434 illam
2633 3383 2971 3446 accomodare,
3007 3397 3054 3434 v.
3084 3397 3155 3446 gr.

697 3466 737 3520 si
777 3468 837 3518 ab
879 3463 1103 3517 hostibus
1140 3462 1349 3530 spoliato
1392 3469 1576 3516 vestem
1616 3465 1914 3526 commodes,
1952 3465 2028 3518 vel
2070 3467 2325 3518 vulnerato
2364 3480 2559 3531 equum,
2585 3467 2739 3519 donec
2770 3467 2970 3521 domum
3000 3481 3158 3520 rever·

697 3558 842 3604 tatur.
875 3553 1044 3613 Laym.
1074 3550 1252 3601 Bonae.
1286 3550 1334 3600 ΙΙ.
1366 3561 1437 3600 cc.

783 3669 904 3731 Res
937 3668 1032 3730 est
1062 3686 1169 3748 per
1201 3686 1264 3730 se
1301 3666 1649 3730 manifesta.

801 3807 1037 3858 XXXlV.
1068 3810 1213 3873 Resp.
1241 3808 1369 3859 5.1n
1408 3806 1744 3860 communibus
1786 3820 2050 3873 pauperum
2092 3804 2465 3858 necessitalibus
2506 3811 2697 3858 tenetur
2740 3804 3003 3870 aliquando
3043 3810 3158 3859 dare

693 3891 1069 3953 eleemosynam.
1097 3890 1178 3955 qui
1216 3892 1362 3943 habet
1402 3894 1525 3944 bona
1563 3897 1767 3943 naturae
1793 3898 1840 3943 et
1880 3890 2029 3943 statui
2068 3892 2331 3954 superflua.
2363 3892 2429 3941 lta
2468 3904 2710 3942 commun.
2741 3904 2780 3941 S.
2808 3892 2987 3943 Tuom.
3019 3895 3158 3945 Suar.

695 3976 919 4028 Bellarm.
947 3983 1114 4028 contra
1157 3976 1334 4028 Navar.
1362 3983 1412 4028 et
1441 3977 1588 4041 Vasq.
1616 3976 1695 4041 qui
1726 3983 1901 4038 negant
1929 3973 2100 4027 teneri.
2130 3972 2271 4027 Ratio
2311 3982 2401 4037 est,
2434 3980 2534 4028 ιιιιιι
2573 3974 2685 4041 quia
2727 3975 2934 4042 quisque
2974 3983 3163 4030 tenetur

695 4060 900 4123 diligere
941 4059 1236 4125 proximum,
1263 4059 1389 4113 sient
1427 4060 1667 4126 seipsum:
1698 4068 1798 4113 tum
1830 4059 1941 4123 quia
1981 4057 2165 4123 alioqui
2208 4073 2450 4125 pauperes
2487 4058 2571 4112 isti
2597 4058 2868 4113 inciderent
2906 4058 2954 4114 in
2995 4076 3157 4115 neces·

695 4145 887 4200 sitalem
914 4159 1132 4208 gravem.
1159 4142 1368 4197 Videtur
1394 4151 1551 4198 tamen
1581 4148 1698 4197 baec
1737 4142 1971 4207 obligatio
2014 4149 2195 4196 tantum
2237 4158 2345 4196 esse
2386 4146 2476 4196 sub
2507 4144 2700 4209 veniali,
2731 4153 2784 4199 ut
2811 4153 2946 4200 recte
2973 4145 3159 4200 Media:

692 4230 857 4294 idque,
886 4229 924 4281 si
965 4231 1093 4282 nulla
1135 4227 1196 4281 sit
1236 4228 1362 4281 iusta
1402 4243 1547 4282 causa
1590 4227 1818 4291 negandi:
1846 4226 1967 4281 alias
2004 4229 2096 4279 sub
2138 4229 2288 4280 nullo,
2320 4228 2448 4281 Vide
2488 4231 2656 4295 Laym.
2682 4233 2861 4285 Bonae.
2893 4234 2922 4283 Ι.
2954 4249 2998 4287 e.

782 4338 957 4413 206.
992 4341 1230 4405 Auctor
1275 4340 1444 4417 dicit,
1479 4341 1641 4403 recte
1688 4339 1937 4403 Medina
1976 4340 2209 4417 docere,
2247 4341 2409 4421 quod
2459 4343 2575 4407 hoc
2623 4344 2858 4427 obliget
2906 4347 3155 4409 tantum

692 4444 807 4509 sub
861 4442 1106 4505 veniali.

782 4546 841 4611 S.
879 4546 1063 4628 Alph.
1106 4545 1210 4608 lib.
1249 4547 1308 4608 2.
1344 4564 1402 4607 n.
1444 4545 1548 4606 32.
1590 4544 1885 4621 concedit,
1938 4546 2143 4627 plures
2191 4566 2321 4610 esse
2373 4546 2672 4624 doctores,
2722 4548 2829 4629 qui
2878 4549 3150 4619 tradunt,

697 4653 807 4714 aut
841 4648 1078 4713 nullam
1112 4667 1242 4711 esse
1269 4646 1712 4729 obligationem
1747 4650 1857 4710 aut
1893 4647 2341 4732 obligationem
2377 4668 2495 4713 uon
2528 4667 2657 4713 esse
2688 4669 2963 4733 gravem,
2998 4650 3153 4714 inter
