3497 5147
372 379 519 456 [985]
1428 393 1515 435 nn
1551 393 1802 438 nummo
2733 389 2842 445 6923

554 492 624 556 3⁰
663 492 815 556 Non
864 492 1142 556 incurrit
1184 490 1632 556 ecclesiasticas
1678 511 1921 571 poenas
1965 498 2185 559 contra
2243 494 2591 562 duellantes
2652 498 2837 575 latae,

372 594 505 659 dux
547 593 647 658 vel
682 592 981 675 officialis
1007 591 1274 658 militiae
1303 597 1631 673 acceptans
1660 592 1937 659 duellam
1971 615 2049 660 ex
2078 598 2262 678 ,oravi
2289 602 2454 663 metu
2482 601 2840 667 amissionis

370 695 575 777 famae
610 695 707 763 vel
743 695 956 778 officii.

549 802 621 864 4⁰
655 798 935 864 Licitmn
979 802 1074 862 est
1114 798 1188 861 in
1231 800 1404 862 statu
1448 795 1717 863 Itomim's
1783 797 2071 863 naturali
2115 806 2433 881 acceptare
2500 808 2563 867 et
2607 803 2831 884 offerre

375 900 652 967 duellum
695 900 787 965 ad
826 898 1171 965 servandas
1215 919 1353 964 cum
1420 898 1648 964 honore
1712 899 2023 978 fortmms,
2075 902 2327 982 quando
2371 903 2501 970 alio
2569 905 2836 973 remedio

370 1025 585 1070 eorum
627 1006 879 1070 tactura
908 1002 1281 1083 propulsari
1323 1004 1556 1083 nequ-it.

555 1110 624 1171 5⁰
665 1107 939 1172 Asserta
984 1106 1236 1170 licentia
1267 1125 1391 1187 pro
1456 1110 1627 1170 statu
1689 1107 1978 1171 naturali
2019 1107 2331 1189 amicari
2396 1113 2584 1176 etiam
2619 1117 2831 1191 potest

370 1210 569 1277 statui
613 1210 885 1275 civitatis
929 1207 1092 1273 male
1138 1206 1484 1281 ordinatae,
1522 1209 1593 1271 in
1637 1228 1767 1289 qua
1809 1210 2128 1287 nmirum,
2176 1210 2273 1275 vel
2318 1212 2707 1295 neyl‘e'yentia
2738 1212 2835 1278 vel

368 1311 620 1379 malitia
665 1311 1095 1395 vnayistratae,
1142 1311 1389 1375 iustitia
1431 1315 1641 1391 aperte
1692 1311 2053 1394 deneyatur.
2559 1368 2572 1401 ,

463 1410 637 1484 935.
673 1412 971 1493 Quaestio
1005 1431 1152 1498 ergo
1176 1414 1390 1479 nostra
1415 1416 1529 1491 est,
1569 1433 1649 1479 an
1678 1414 1866 1479 liceat
1890 1418 2205 1502 acceptare
2235 1418 2533 1497 duellum,
2560 1402 2827 1501 (Quando,
2891 1490 2896 1497 ‚

367 1517 489 1583 nisi
535 1516 832 1599 accepteS‚
872 1516 1032 1581 alter
1077 1532 1269 1600 grave
1298 1514 1597 1583 damnum
1626 1516 1690 1580 in
1724 1517 1857 1582 vita
1887 1519 1987 1584 vel
2023 1520 2088 1585 in
2134 1521 2311 1586 bonis
2358 1523 2455 1588 est
2500 1521 2615 1586 tibi
2662 1523 2832 1586 certe

366 1619 680 1685 illaturus.

457 1722 593 1786 Iam
642 1740 785 1786 vero
832 1721 1043 1786 minus
1092 1719 1165 1784 ad
1217 1738 1348 1786 rem
1393 1719 1546 1785 facit
1591 1720 1794 1804 prima
1839 1724 2182 1808 propositio
2227 1725 2524 1791 damnata
2555 1744 2593 1790 a
2639 1726 2830 1792 Benee

364 1822 531 1889 dicto
578 1822 749 1889 XIV.
798 1841 988 1906 quam
1038 1822 1251 1889 obiicit
1296 1841 1345 1886 s.
1392 1821 1578 1905 Alph.
1630 1841 1765 1907 sup.
1814 1845 1874 1889 n.
1936 1825 2082 1891 116.
2131 1826 2321 1895 Ratio
2390 1827 2540 1909 quia
2584 1827 2649 1892 in
2691 1828 2829 1912 ipsa

365 1924 592 1991 dicitur
644 1951 679 1985 ‹
725 1925 858 1990 niet
901 1941 1180 1991 orm-:MT
1224 1924 1321 1991 vel
1365 1929 1635 2005 acceptet
1664 1924 1946 1991 duellum
1975 1953 2011 1990 »
2050 1930 2114 1993 et
2142 1946 2359 1995 rursus
2389 1929 2453 1994 in
2484 1929 2604 1995 fine
2640 1954 2676 1989 ‹
2698 1931 2828 1997 sive

367 2044 647 2095 ormam
691 2029 820 2093 sive
864 2032 1136 2109 acceptet
1176 2026 1453 2092 duellum
1481 2052 1543 2105 »‚
1600 2046 1819 2112 nempe
1871 2047 2075 2096 sermo
2120 2032 2218 2096 est
2262 2032 2453 2097 etiam
2499 2031 2574 2096 de
2619 2032 2827 2099 duello

370 2132 694 2199 offerendo.
728 2132 925 2214 Atqui
971 2151 1094 2197 non
1139 2131 1228 2198 sic
1273 2151 1339 2198 se
1384 2131 1574 2197 habet
1617 2150 1800 2198 casus
1844 2135 2072 2199 noster.

449 2234 681 2301 Eadem
730 2236 803 2301 de
849 2254 1058 2309 causa,
1108 2235 1249 2300 aliis
1311 2234 1557 2303 omissis
1603 2235 2261 2316 animadversionibus,
2316 2238 2523 2303 minus
2571 2238 2649 2304 ad
2692 2258 2824 2304 rem

360 2338 514 2405 facit
534 2358 706 2423 prop.
741 2341 815 2404 4·
844 2358 918 2405 ex
944 2339 1166 2405 iisdem
1190 2338 1501 2405 damnatis
1523 2356 1559 2402 a
1590 2337 1924 2404 Benedicto
1941 2338 2335 2422 XIV.‚quam
2351 2342 2537 2425 urget
2566 2359 2615 2405 s.
2636 2340 2821 2425 Alph.

360 2460 496 2525 sup.
538 2463 596 2508 n.
638 2441 821 2508 116.:
856 2442 1040 2519 rati0‚
1075 2441 1223 2523 quia
1253 2441 1343 2507 ibi
1374 2440 1602 2505 dicitur
1654 2466 1686 2497 «ι
1726 2439 2005 2505 Licitum
2050 2445 2204 2506 est...
2251 2447 2566 2522 acceptare
2613 2447 2674 2506 ct
2715 2460 2825 2507 012·-

362 2559 564 2610 muna
611 2543 888 2610 duellam
932 2569 994 2608 ».
1035 2543 1202 2629 E1go
1233 2544 1297 2609 et
1332 2544 1396 2608 in
1430 2544 1546 2609 hac
1576 2543 1999 2628 propositione
2033 2561 2235 2609 sermo
2280 2546 2375 2610 est
2419 2543 2494 2609 de
2540 2563 2693 2611 casu
2735 2544 2824 2611 di-

356 2666 552 2726 vers0,
585 2667 803 2730 nempe
834 2647 1033 2741 etiam,
1056 2647 1130 2711 de
1168 2646 1624 2729 provocatione.

446 2747 693 2816 Scilicet
723 2768 847 2815 non
878 2750 1144 2825 constat,
1168 2749 1333 2813 hunc
1363 2766 1578 2813 casum
1616 2749 1679 2813 in
1716 2750 1797 2814 iis
1843 2749 2294 2833 comprehendi.
2341 2750 2495 2815 Illae
2528 2750 2692 2816 enim
2744 2751 2818 2815 de

358 2851 565 2917 duello
589 2853 784 2918 etiam
804 2850 1116 2930 offerendo
1146 2852 1519 2935 loquuntur;
1553 2851 1688 2916 heic
1718 2871 1862 2916 vero
1897 2853 2109 2936 agitur
2131 2852 2205 2916 de
2236 2853 2370 2917 sola
2400 2854 2818 2933 acceptatione

357 2953 437 3017 ad
467 2955 874 3020 necessariam
921 2955 1219 3019 bonorum
1268 2954 1515 3035 (maym‘
1556 2954 1880 3036 momenti)
1935 2953 2013 3017 ab
2059 2953 2298 3018 actuali
2353 2956 2675 3019 invasv'onc
2722 2955 2821 3021 de-

357 3055 716 3122 fensionem.
745 3056 994 3123 Norunt
1021 3075 1202 3140 porro
1244 3076 1475 3133 omneS‚
1508 3055 1970 3121 damnationem
1994 3056 2435 3140 propositionis
2469 3057 2821 3140 complexae

354 3179 747 3244 nequaquam
794 3162 1052 3246 exigere,
1087 3160 1161 3225 ut
1207 3160 1414 3226 omnia
1461 3159 1732 3224 eiusdem
1779 3159 2057 3224 membra
2102 3160 2467 3225 censeantur
2498 3159 2676 3238 falsa,
2710 3160 2816 3225 sed

353 3264 507 3329 satis
554 3283 705 3340 esse,
738 3264 795 3328 si
838 3263 1070 3330 falsum
1113 3262 1458 3345 reperiatur
1505 3263 1813 3327 alterum:
1848 3261 2126 3344 quinimo
2172 3262 2344 3346 prius
2391 3263 2549 3328 illud
2582 3263 2659 3328 ad
2705 3263 2815 3328 ab·

354 3365 612 3432 surdum
658 3386 765 3450 per
801 3385 865 3432 se
914 3365 1185 3441 inducit3
1237 3383 1384 3429 nam
1428 3364 1480 3427 si
1530 3384 1585 3426 v.
1621 3385 1712 3447 gr.
1747 3363 1950 3428 dicas:
2006 3383 2089 3428 ss.
2141 3363 2464 3442 Apostolis
2512 3364 2710 3429 Petro
2756 3370 2819 3430 et

356 3466 569 3533 Paulo
614 3471 1003 3548 awvtpatatmn
1048 3469 1239 3548 caput
1263 3465 1427 3545 fuist
1489 3464 1974 3529 concludendum
2036 3483 2109 3528 ex
2175 3464 2572 3528 damnatione
2631 3465 2809 3543 foret,

354 3590 550 3651 neque
597 3569 811 3635 Paulo
858 3573 1249 3650 amputatum
1292 3572 1478 3649 caput
1496 3565 1689 3645 titisse
1708 3587 1728 3631 .·
1762 3566 1929 3648 quod
1952 3567 2049 3631 est
2078 3566 2287 3649 aperte
2312 3565 2561 3630 falsum.
2590 3563 2812 3630 Sancte

350 3671 563 3754 itaque
585 3673 885 3738 servanda
907 3673 1125 3757 regula
1148 3671 1259 3737 illa
1272 3671 1621 3755 logicorum
1644 3673 1757 3744 est,
1792 3667 2232 3752 propositionis
2262 3667 2591 3732 damnatae
2626 3667 2812 3748 atque

352 3773 502 3839 adeo
535 3775 729 3841 falsae
760 3794 972 3840 veram
995 3773 1342 3839 habendam
1365 3791 1495 3838 esse
1519 3792 1640 3838 non
1674 3772 1923 3855 quidem
1954 3770 2354 3844 contrariam,
2374 3769 2478 3835 sed
2503 3767 2812 3834 contradi-

349 3877 607 3940 ctoriam
639 3877 1094 3944 tantummodo.
1129 3878 1343 3954 Porro,
1378 3875 1819 3959 propositionis
1850 3874 2249 3955 copulativae,
2282 3873 2632 3940 cuiusmodi
2663 3876 2812 3940 sunt

354 3978 627 4043 obiectae
646 3980 865 4060 pri-ma
911 3982 973 4044 et
1012 3983 1257 4061 quarta,
1293 3978 1772 4043 contradictoria
1821 3977 1938 4041 erit
1974 3976 2359 4041 huiusmodi:
2394 3976 2535 4040 Aut
2565 3974 2806 4054 offerre,

347 4085 462 4144 aut
505 4087 823 4162 acceptare
870 4082 1149 4147 duellwn
1193 4086 1302 4147 etc.
1351 4081 1643 4146 illicitum
1687 4084 1797 4145 est.
1831 4079 2028 4163 Atqui
2073 4079 2138 4144 vi
2181 4080 2590 4144 disiunctivae
2621 4078 2806 4142 istius

349 4182 541 4248 thesis
579 4184 840 4249 absurde
888 4184 1161 4262 inferres,
1209 4183 1503 4249 illicitum
1548 4203 1678 4249 esse
1724 4184 2062 4264 utrumque
2123 4181 2312 4246 simul
2378 4181 2573 4264 ipsius
2619 4197 2808 4243 mem·

346 4284 548 4350 brum.
613 4286 779 4370 Ergo
827 4305 899 4350 ex
957 4285 1211 4350 illarum
1256 4285 1752 4368 propositionum
1810 4283 2207 4349 damnatione
2261 4283 2416 4348 nihil
2461 4282 2594 4348 erui
2640 4281 2805 4346 certe

343 4391 551 4471 potest
598 4391 892 4455 adversus
925 4409 1063 4454 eam
1095 4389 1463 4472 opinionem,
1515 4389 1664 4455 adeo
1703 4393 1778 4454 ut
1809 4389 2106 4454 damnata
2142 4388 2262 4453 dici
2293 4390 2499 4470 queat.

432 4491 850 4559 Verisimilius
875 4493 1059 4557 obiici
1088 4490 1248 4555 forte
1279 4493 1487 4572 posset
1521 4490 1840 4555 damnatio
1865 4492 2048 4575 Prop.
2077 4492 2187 4568 3⁸⁹,
2214 4508 2372 4572 quae
2398 4488 2647 4565 statuit,
2676 4510 2809 4554 non

337 4594 584 4658 incurri
617 4615 858 4676 poenas
904 4595 1070 4659 latas
1115 4596 1333 4658 contra
1379 4591 1746 4667 duellante3‚
1794 4594 1854 4657 si
1899 4592 2029 4657 dux
2072 4590 2170 4657 vel
2199 4590 2493 4673 officialis
2537 4590 2804 4656 militiae
