<?xml version="1.0" encoding="UTF-8"?>
<!DOCTYPE html PUBLIC "-//W3C//DTD XHTML 1.0 Transitional//EN"
    "http://www.w3.org/TR/xhtml1/DTD/xhtml1-transitional.dtd">
<html xmlns="http://www.w3.org/1999/xhtml" xml:lang="en" lang="en">
 <head>
  <title>
</title>
<meta http-equiv="Content-Type" content="text/html;charset=utf-8" />
  <meta name='ocr-system' content='tesseract 3.04.00' />
  <meta name='ocr-capabilities' content='ocr_page ocr_carea ocr_par ocr_line ocrx_word'/>
</head>
<body>
  <div class='ocr_page' id='page_1' title='image "./opustheologicum00ballgoog/opustheologicum00ballgoog_0035.png"; bbox 0 0 3497 5147; ppageno 0'>
   <div class='ocr_carea' id='block_1_1' title="bbox 640 357 3105 433">
    <p class='ocr_par' dir='ltr' id='par_1_1' title="bbox 640 357 3105 433">
     <span class='ocr_line' id='line_1_1' title="bbox 640 357 3105 433; baseline 0 -20"><span class='ocrx_word' id='word_1_1' title='bbox 640 358 715 413; x_wconf 84' lang='lat'><strong>28</strong></span> <span class='ocrx_word' id='word_1_2' title='bbox 1029 370 1242 415; x_wconf 66' lang='lat' dir='ltr'><strong>Tuam.</strong></span> <span class='ocrx_word' id='word_1_3' title='bbox 1282 372 1338 414; x_wconf 84' lang='lat' dir='ltr'><strong>v.</strong></span> <span class='ocrx_word' id='word_1_4' title='bbox 1375 370 1538 414; x_wconf 74' lang='lat' dir='ltr'><strong>sno‘r.</strong></span> <span class='ocrx_word' id='word_1_5' title='bbox 1578 371 1613 411; x_wconf 89' lang='lat'><strong>1.</strong></span> <span class='ocrx_word' id='word_1_6' title='bbox 1654 371 1740 411; x_wconf 70' lang='lat' dir='ltr'><strong>ma</strong></span> <span class='ocrx_word' id='word_1_7' title='bbox 1779 368 2155 413; x_wconf 63' lang='lat' dir='ltr'><strong>Punicum-18</strong></span> <span class='ocrx_word' id='word_1_8' title='bbox 2191 370 2380 413; x_wconf 77' lang='lat' dir='ltr'><strong>mum.</strong></span> <span class='ocrx_word' id='word_1_9' title='bbox 2421 369 2619 412; x_wconf 67' lang='lat' dir='ltr'><strong>carm·</strong></span> <span class='ocrx_word' id='word_1_10' title='bbox 2655 371 2721 412; x_wconf 92' lang='lat'><strong>11.</strong></span> <span class='ocrx_word' id='word_1_11' title='bbox 2997 357 3105 433; x_wconf 84' lang='lat'>[44]</span> 
     </span>
    </p>
   </div>
   <div class='ocr_carea' id='block_1_2' title="bbox 631 464 3101 1295">
    <p class='ocr_par' dir='ltr' id='par_1_2' title="bbox 639 464 3101 622">
     <span class='ocr_line' id='line_1_2' title="bbox 639 464 3101 535; baseline -0.001 -14"><span class='ocrx_word' id='word_1_12' title='bbox 639 482 737 522; x_wconf 89' lang='lat' dir='ltr'><strong>non</strong></span> <span class='ocrx_word' id='word_1_13' title='bbox 777 468 1005 522; x_wconf 84' lang='lat' dir='ltr'><strong>videntur</strong></span> <span class='ocrx_word' id='word_1_14' title='bbox 1033 468 1183 521; x_wconf 85' lang='lat' dir='ltr'><strong>teneri</strong></span> <span class='ocrx_word' id='word_1_15' title='bbox 1221 474 1333 521; x_wconf 86' lang='lat' dir='ltr'><strong>ante</strong></span> <span class='ocrx_word' id='word_1_16' title='bbox 1357 466 1671 535; x_wconf 84' lang='lat' dir='ltr'><strong>sententiam)</strong></span> <span class='ocrx_word' id='word_1_17' title='bbox 1699 473 1752 519; x_wconf 93' lang='lat' dir='ltr'><strong>ut</strong></span> <span class='ocrx_word' id='word_1_18' title='bbox 1784 465 1968 532; x_wconf 83' lang='lat' dir='ltr'><strong>alioqui</strong></span> <span class='ocrx_word' id='word_1_19' title='bbox 1993 469 2183 519; x_wconf 80' lang='lat' dir='ltr'><strong>tructus</strong></span> <span class='ocrx_word' id='word_1_20' title='bbox 2207 481 2303 520; x_wconf 89' lang='lat' dir='ltr'><strong>non</strong></span> <span class='ocrx_word' id='word_1_21' title='bbox 2331 464 2505 520; x_wconf 75' lang='lat' dir='ltr'><strong>faciant</strong></span> <span class='ocrx_word' id='word_1_22' title='bbox 2543 480 2677 519; x_wconf 80' lang='lat' dir='ltr'><strong>sues.</strong></span> <span class='ocrx_word' id='word_1_23' title='bbox 2709 467 2770 518; x_wconf 88' lang='lat' dir='ltr'><strong>V.</strong></span> <span class='ocrx_word' id='word_1_24' title='bbox 2796 468 2975 521; x_wconf 86' lang='lat' dir='ltr'><strong>Saneb.</strong></span> <span class='ocrx_word' id='word_1_25' title='bbox 3001 470 3033 521; x_wconf 94' lang='grc'><strong>1.</strong></span> <span class='ocrx_word' id='word_1_26' title='bbox 3059 481 3101 520; x_wconf 92' lang='lat' dir='ltr'><strong>c.</strong></span> 
     </span>
     <span class='ocr_line' id='line_1_3' title="bbox 639 551 2056 622; baseline -0.001 -17"><span class='ocrx_word' id='word_1_27' title='bbox 639 566 684 605; x_wconf 89' lang='lat' dir='ltr'><strong>c.</strong></span> <span class='ocrx_word' id='word_1_28' title='bbox 713 553 762 605; x_wconf 80' lang='lat'><strong>5.</strong></span> <span class='ocrx_word' id='word_1_29' title='bbox 791 554 936 606; x_wconf 90' lang='lat' dir='ltr'><strong>Barb.</strong></span> <span class='ocrx_word' id='word_1_30' title='bbox 964 551 1030 607; x_wconf 85' lang='lat' dir='ltr'><strong>de</strong></span> <span class='ocrx_word' id='word_1_31' title='bbox 1057 554 1323 607; x_wconf 78' lang='lat' dir='ltr'><strong>Poteslate</strong></span> <span class='ocrx_word' id='word_1_32' title='bbox 1347 552 1524 622; x_wconf 74' lang='lat' dir='ltr'><strong>Episc-</strong></span> <span class='ocrx_word' id='word_1_33' title='bbox 1551 554 1600 605; x_wconf 84' lang='lat'><strong>3.</strong></span> <span class='ocrx_word' id='word_1_34' title='bbox 1629 566 1675 617; x_wconf 92' lang='lat' dir='ltr'><strong>p.</strong></span> <span class='ocrx_word' id='word_1_35' title='bbox 1702 565 1747 603; x_wconf 86' lang='lat' dir='ltr'><strong>a.</strong></span> <span class='ocrx_word' id='word_1_36' title='bbox 1781 552 1864 604; x_wconf 76' lang='grc'><strong>61.</strong></span> <span class='ocrx_word' id='word_1_37' title='bbox 1893 564 1942 604; x_wconf 83' lang='grc' dir='ltr'><strong>ιι.</strong></span> <span class='ocrx_word' id='word_1_38' title='bbox 1970 552 2056 603; x_wconf 84' lang='grc'><strong>29.</strong></span> 
     </span>
    </p>

    <p class='ocr_par' dir='ltr' id='par_1_3' title="bbox 636 633 3101 774">
     <span class='ocr_line' id='line_1_4' title="bbox 741 633 3101 703; baseline 0 -13"><span class='ocrx_word' id='word_1_39' title='bbox 741 638 788 690; x_wconf 88' lang='lat'><strong>3.</strong></span> <span class='ocrx_word' id='word_1_40' title='bbox 830 636 1083 699; x_wconf 79' lang='lat' dir='ltr'><strong>PrimateS,</strong></span> <span class='ocrx_word' id='word_1_41' title='bbox 1123 635 1510 703; x_wconf 78' lang='lat' dir='ltr'><strong>Arcbiepiscopi,</strong></span> <span class='ocrx_word' id='word_1_42' title='bbox 1548 633 1781 703; x_wconf 83' lang='lat' dir='ltr'>Episcopi</span> <span class='ocrx_word' id='word_1_43' title='bbox 1818 633 1867 689; x_wconf 88' lang='lat' dir='ltr'><strong>in</strong></span> <span class='ocrx_word' id='word_1_44' title='bbox 1914 634 2067 702; x_wconf 89' lang='lat' dir='ltr'><strong>prima</strong></span> <span class='ocrx_word' id='word_1_45' title='bbox 2107 636 2307 698; x_wconf 82' lang='lat' dir='ltr'><strong>synodo</strong></span> <span class='ocrx_word' id='word_1_46' title='bbox 2346 633 2657 701; x_wconf 87' lang='lat' dir='ltr'><strong>provinciali,</strong></span> <span class='ocrx_word' id='word_1_47' title='bbox 2691 634 2773 688; x_wconf 90' lang='lat' dir='ltr'><strong>cui</strong></span> <span class='ocrx_word' id='word_1_48' title='bbox 2812 633 3101 699; x_wconf 85' lang='lat' dir='ltr'><strong>intererunt,</strong></span> 
     </span>
     <span class='ocr_line' id='line_1_5' title="bbox 636 719 1117 774; baseline 0 0"><span class='ocrx_word' id='word_1_49' title='bbox 636 719 854 774; x_wconf 86' lang='lat' dir='ltr'><strong>Trident.</strong></span> <span class='ocrx_word' id='word_1_50' title='bbox 882 736 1002 774; x_wconf 90' lang='lat' dir='ltr'><strong>sess.</strong></span> <span class='ocrx_word' id='word_1_51' title='bbox 1032 721 1117 774; x_wconf 83' lang='grc'><strong>25.</strong></span> 
     </span>
    </p>

    <p class='ocr_par' dir='ltr' id='par_1_4' title="bbox 631 801 3097 1295">
     <span class='ocr_line' id='line_1_6' title="bbox 742 801 3097 869; baseline -0.001 -11"><span class='ocrx_word' id='word_1_52' title='bbox 742 806 791 858; x_wconf 73' lang='grc'><strong>4.</strong></span> <span class='ocrx_word' id='word_1_53' title='bbox 820 804 1051 859; x_wconf 84' lang='lat' dir='ltr'><strong>Extendit</strong></span> <span class='ocrx_word' id='word_1_54' title='bbox 1079 805 1195 859; x_wconf 81' lang='lat' dir='ltr'><strong>Pius</strong></span> <span class='ocrx_word' id='word_1_55' title='bbox 1222 807 1309 858; x_wconf 89' lang='lat' dir='ltr'><strong>lV.</strong></span> <span class='ocrx_word' id='word_1_56' title='bbox 1342 808 1466 859; x_wconf 82' lang='lat' dir='ltr'><strong>hanc</strong></span> <span class='ocrx_word' id='word_1_57' title='bbox 1493 807 1646 868; x_wconf 81' lang='lat' dir='ltr'><strong>legem</strong></span> <span class='ocrx_word' id='word_1_58' title='bbox 1681 805 1740 857; x_wconf 87' lang='lat' dir='ltr'><strong>ad</strong></span> <span class='ocrx_word' id='word_1_59' title='bbox 1769 818 1938 857; x_wconf 88' lang='lat' dir='ltr'><strong>omnes</strong></span> <span class='ocrx_word' id='word_1_60' title='bbox 1978 804 2229 857; x_wconf 73' lang='lat' dir='ltr'><strong>praelatos</strong></span> <span class='ocrx_word' id='word_1_61' title='bbox 2266 801 2589 869; x_wconf 67' lang='lat' dir='ltr'><strong>Religionum,</strong></span> <span class='ocrx_word' id='word_1_62' title='bbox 2614 801 2759 855; x_wconf 86' lang='lat' dir='ltr'><strong>etiam</strong></span> <span class='ocrx_word' id='word_1_63' title='bbox 2796 802 3097 857; x_wconf 86' lang='lat' dir='ltr'><strong>militarium.</strong></span> 
     </span>
     <span class='ocr_line' id='line_1_7' title="bbox 635 887 3092 958; baseline -0.001 -14"><span class='ocrx_word' id='word_1_64' title='bbox 635 889 750 944; x_wconf 83' lang='lat' dir='ltr'><strong>Pius</strong></span> <span class='ocrx_word' id='word_1_65' title='bbox 788 892 852 945; x_wconf 90' lang='lat' dir='ltr'><strong>V.</strong></span> <span class='ocrx_word' id='word_1_66' title='bbox 882 897 1044 944; x_wconf 87' lang='lat' dir='ltr'><strong>autem</strong></span> <span class='ocrx_word' id='word_1_67' title='bbox 1075 893 1203 958; x_wconf 81' lang='lat' dir='ltr'><strong>apud</strong></span> <span class='ocrx_word' id='word_1_68' title='bbox 1242 892 1391 944; x_wconf 82' lang='lat' dir='ltr'><strong>Rodr.</strong></span> <span class='ocrx_word' id='word_1_69' title='bbox 1424 898 1460 943; x_wconf 94' lang='lat' dir='ltr'><strong>t.</strong></span> <span class='ocrx_word' id='word_1_70' title='bbox 1487 893 1537 943; x_wconf 84' lang='lat'><strong>2.</strong></span> <span class='ocrx_word' id='word_1_71' title='bbox 1562 904 1642 955; x_wconf 82' lang='lat' dir='ltr'><strong>qq.</strong></span> <span class='ocrx_word' id='word_1_72' title='bbox 1657 904 1761 954; x_wconf 78' lang='lat' dir='ltr'><strong>reg.</strong></span> <span class='ocrx_word' id='word_1_73' title='bbox 1780 905 1828 956; x_wconf 83' lang='lat' dir='ltr'><strong>q.</strong></span> <span class='ocrx_word' id='word_1_74' title='bbox 1849 890 1935 941; x_wconf 80' lang='grc'><strong>72.</strong></span> <span class='ocrx_word' id='word_1_75' title='bbox 1957 891 2018 943; x_wconf 84' lang='lat' dir='ltr'><strong>ad</strong></span> <span class='ocrx_word' id='word_1_76' title='bbox 2044 901 2213 942; x_wconf 87' lang='lat' dir='ltr'><strong>omnes</strong></span> <span class='ocrx_word' id='word_1_77' title='bbox 2240 889 2602 955; x_wconf 89' lang='lat' dir='ltr'><strong>promovendos</strong></span> <span class='ocrx_word' id='word_1_78' title='bbox 2627 887 2676 941; x_wconf 91' lang='lat' dir='ltr'><strong>in</strong></span> <span class='ocrx_word' id='word_1_79' title='bbox 2705 889 2963 952; x_wconf 85' lang='lat' dir='ltr'><strong>Doctores,</strong></span> <span class='ocrx_word' id='word_1_80' title='bbox 2993 890 3092 942; x_wconf 71' lang='lat' dir='ltr'><strong>Ma·</strong></span> 
     </span>
     <span class='ocr_line' id='line_1_8' title="bbox 631 971 3096 1041; baseline 0 -13"><span class='ocrx_word' id='word_1_81' title='bbox 631 973 833 1038; x_wconf 66' lang='lat' dir='ltr'><strong>gisum,</strong></span> <span class='ocrx_word' id='word_1_82' title='bbox 870 977 1129 1039; x_wconf 71' lang='lat' dir='ltr'><strong>[legentes.</strong></span> <span class='ocrx_word' id='word_1_83' title='bbox 1158 976 1483 1039; x_wconf 66' lang='lat' dir='ltr'><strong>Professores»,</strong></span> <span class='ocrx_word' id='word_1_84' title='bbox 1518 973 1684 1027; x_wconf 85' lang='lat' dir='ltr'><strong>addita</strong></span> <span class='ocrx_word' id='word_1_85' title='bbox 1722 971 2226 1027; x_wconf 80' lang='lat' dir='ltr'><strong>excommunicatione</strong></span> <span class='ocrx_word' id='word_1_86' title='bbox 2264 973 2392 1027; x_wconf 85' lang='lat' dir='ltr'><strong>latae</strong></span> <span class='ocrx_word' id='word_1_87' title='bbox 2431 971 2700 1027; x_wconf 82' lang='lat' dir='ltr'><strong>sententiae</strong></span> <span class='ocrx_word' id='word_1_88' title='bbox 2737 980 2787 1027; x_wconf 90' lang='lat' dir='ltr'><strong>et</strong></span> <span class='ocrx_word' id='word_1_89' title='bbox 2823 972 3096 1041; x_wconf 86' lang='lat' dir='ltr'><strong>privatione</strong></span> 
     </span>
     <span class='ocr_line' id='line_1_9' title="bbox 633 1058 3095 1127; baseline 0 -16"><span class='ocrx_word' id='word_1_90' title='bbox 633 1059 849 1113; x_wconf 89' lang='lat' dir='ltr'><strong>omnium</strong></span> <span class='ocrx_word' id='word_1_91' title='bbox 890 1060 1236 1113; x_wconf 79' lang='lat' dir='ltr'><strong>beneficiorum</strong></span> <span class='ocrx_word' id='word_1_92' title='bbox 1275 1059 1323 1112; x_wconf 87' lang='lat' dir='ltr'><strong>in</strong></span> <span class='ocrx_word' id='word_1_93' title='bbox 1363 1074 1492 1123; x_wconf 90' lang='lat' dir='ltr'><strong>eum,</strong></span> <span class='ocrx_word' id='word_1_94' title='bbox 1517 1059 1601 1125; x_wconf 85' lang='lat' dir='ltr'><strong>qni</strong></span> <span class='ocrx_word' id='word_1_95' title='bbox 1629 1059 1754 1112; x_wconf 86' lang='lat' dir='ltr'><strong>alios</strong></span> <span class='ocrx_word' id='word_1_96' title='bbox 1793 1065 2052 1125; x_wconf 78' lang='lat' dir='ltr'><strong>promovet</strong></span> <span class='ocrx_word' id='word_1_97' title='bbox 2089 1060 2148 1111; x_wconf 89' lang='lat' dir='ltr'><strong>ad</strong></span> <span class='ocrx_word' id='word_1_98' title='bbox 2192 1061 2334 1113; x_wconf 87' lang='lat' dir='ltr'><strong>talem</strong></span> <span class='ocrx_word' id='word_1_99' title='bbox 2373 1060 2595 1122; x_wconf 81' lang='lat' dir='ltr'><strong>gradum,</strong></span> <span class='ocrx_word' id='word_1_100' title='bbox 2623 1058 2727 1111; x_wconf 88' lang='lat' dir='ltr'><strong>sine</strong></span> <span class='ocrx_word' id='word_1_101' title='bbox 2756 1058 2954 1125; x_wconf 85' lang='lat' dir='ltr'><strong>praevia</strong></span> <span class='ocrx_word' id='word_1_102' title='bbox 2985 1074 3095 1127; x_wconf 92' lang='lat' dir='ltr'><strong>pro-</strong></span> 
     </span>
     <span class='ocr_line' id='line_1_10' title="bbox 636 1140 3097 1210; baseline 0 -14"><span class='ocrx_word' id='word_1_103' title='bbox 636 1142 861 1197; x_wconf 72' lang='lat' dir='ltr'><strong>fessione.</strong></span> <span class='ocrx_word' id='word_1_104' title='bbox 882 1146 947 1198; x_wconf 84' lang='lat' dir='ltr'><strong>V.</strong></span> <span class='ocrx_word' id='word_1_105' title='bbox 968 1144 1075 1198; x_wconf 87' lang='lat' dir='ltr'><strong>Fill.</strong></span> <span class='ocrx_word' id='word_1_106' title='bbox 1094 1151 1131 1196; x_wconf 91' lang='lat' dir='ltr'><strong>t.</strong></span> <span class='ocrx_word' id='word_1_107' title='bbox 1156 1147 1240 1197; x_wconf 86' lang='grc'><strong>22.</strong></span> <span class='ocrx_word' id='word_1_108' title='bbox 1262 1159 1304 1198; x_wconf 89' lang='lat' dir='ltr'><strong>c.</strong></span> <span class='ocrx_word' id='word_1_109' title='bbox 1324 1145 1371 1196; x_wconf 87' lang='grc'><strong>3.</strong></span> <span class='ocrx_word' id='word_1_110' title='bbox 1392 1161 1439 1210; x_wconf 85' lang='lat' dir='ltr'><strong>q.</strong></span> <span class='ocrx_word' id='word_1_111' title='bbox 1468 1146 1483 1196; x_wconf 85' lang='lat' dir='ltr'><strong>l</strong></span> <span class='ocrx_word' id='word_1_112' title='bbox 1506 1147 1547 1196; x_wconf 91' lang='lat' dir='ltr'><strong>l.</strong></span> <span class='ocrx_word' id='word_1_113' title='bbox 1570 1146 1714 1197; x_wconf 88' lang='lat' dir='ltr'><strong>Barb.</strong></span> <span class='ocrx_word' id='word_1_114' title='bbox 1738 1142 1798 1197; x_wconf 81' lang='lat' dir='ltr'><strong>in</strong></span> <span class='ocrx_word' id='word_1_115' title='bbox 1820 1142 2035 1197; x_wconf 78' lang='lat' dir='ltr'><strong>remiss.</strong></span> <span class='ocrx_word' id='word_1_116' title='bbox 2055 1158 2096 1195; x_wconf 78' lang='lat' dir='ltr'><strong>S.</strong></span> <span class='ocrx_word' id='word_1_117' title='bbox 2119 1143 2202 1195; x_wconf 69' lang='grc'><strong>24.</strong></span> <span class='ocrx_word' id='word_1_118' title='bbox 2228 1144 2374 1195; x_wconf 75' lang='grc' dir='ltr'><strong>η.12.</strong></span> <span class='ocrx_word' id='word_1_119' title='bbox 2399 1142 2604 1205; x_wconf 85' lang='lat' dir='ltr'><strong>Verum,</strong></span> <span class='ocrx_word' id='word_1_120' title='bbox 2629 1140 2711 1194; x_wconf 87' lang='lat' dir='ltr'><strong>ubi</strong></span> <span class='ocrx_word' id='word_1_121' title='bbox 2733 1145 2826 1195; x_wconf 88' lang='lat' dir='ltr'><strong>boc</strong></span> <span class='ocrx_word' id='word_1_122' title='bbox 2847 1144 3097 1196; x_wconf 85' lang='lat' dir='ltr'><strong>decretum</strong></span> 
     </span>
     <span class='ocr_line' id='line_1_11' title="bbox 636 1226 2351 1295; baseline 0.001 -16"><span class='ocrx_word' id='word_1_123' title='bbox 636 1242 731 1280; x_wconf 90' lang='lat' dir='ltr'><strong>non</strong></span> <span class='ocrx_word' id='word_1_124' title='bbox 757 1235 831 1281; x_wconf 85' lang='lat' dir='ltr'><strong>est</strong></span> <span class='ocrx_word' id='word_1_125' title='bbox 859 1235 1107 1295; x_wconf 88' lang='lat' dir='ltr'><strong>receptum</strong></span> <span class='ocrx_word' id='word_1_126' title='bbox 1135 1242 1244 1292; x_wconf 86' lang='lat' dir='ltr'><strong>usu,</strong></span> <span class='ocrx_word' id='word_1_127' title='bbox 1272 1243 1367 1282; x_wconf 88' lang='lat' dir='ltr'><strong>non</strong></span> <span class='ocrx_word' id='word_1_128' title='bbox 1395 1228 1614 1293; x_wconf 78' lang='lat' dir='ltr'><strong>obligare</strong></span> <span class='ocrx_word' id='word_1_129' title='bbox 1640 1234 1803 1281; x_wconf 89' lang='lat' dir='ltr'><strong>monet</strong></span> <span class='ocrx_word' id='word_1_130' title='bbox 1829 1230 2047 1281; x_wconf 81' lang='lat' dir='ltr'><strong>Sancbez</strong></span> <span class='ocrx_word' id='word_1_131' title='bbox 2073 1241 2116 1280; x_wconf 87' lang='lat' dir='ltr'><strong>c.</strong></span> <span class='ocrx_word' id='word_1_132' title='bbox 2147 1227 2195 1279; x_wconf 88' lang='lat'><strong>5.</strong></span> <span class='ocrx_word' id='word_1_133' title='bbox 2226 1241 2273 1279; x_wconf 90' lang='lat' dir='ltr'><strong>n.</strong></span> <span class='ocrx_word' id='word_1_134' title='bbox 2304 1226 2351 1280; x_wconf 77' lang='lat'><strong>4.</strong></span> 
     </span>
    </p>
   </div>
   <div class='ocr_carea' id='block_1_3' title="bbox 624 1348 3098 2468">
    <p class='ocr_par' dir='ltr' id='par_1_5' title="bbox 624 1348 3098 2339">
     <span class='ocr_line' id='line_1_12' title="bbox 725 1348 3097 1439; baseline 0 -20"><span class='ocrx_word' id='word_1_135' title='bbox 725 1348 855 1422; x_wconf 75' lang='grc'><strong>44.</strong></span> <span class='ocrx_word' id='word_1_136' title='bbox 897 1352 1263 1433; x_wconf 75' lang='lat' dir='ltr'><strong>Quaesitum</strong></span> <span class='ocrx_word' id='word_1_137' title='bbox 1295 1355 1390 1418; x_wconf 91' lang='lat' dir='ltr'><strong>est</strong></span> <span class='ocrx_word' id='word_1_138' title='bbox 1430 1356 1497 1418; x_wconf 90' lang='lat'><strong>1⁰</strong></span> <span class='ocrx_word' id='word_1_139' title='bbox 1542 1378 1578 1412; x_wconf 80' lang='grc'><strong>«</strong></span> <span class='ocrx_word' id='word_1_140' title='bbox 1611 1374 1689 1418; x_wconf 88' lang='lat' dir='ltr'><strong>an</strong></span> <span class='ocrx_word' id='word_1_141' title='bbox 1721 1356 1966 1438; x_wconf 88' lang='lat' dir='ltr'><strong>praeter</strong></span> <span class='ocrx_word' id='word_1_142' title='bbox 1997 1355 2342 1432; x_wconf 87' lang='lat' dir='ltr'><strong>canonicos,</strong></span> <span class='ocrx_word' id='word_1_143' title='bbox 2376 1354 2715 1439; x_wconf 78' lang='lat' dir='ltr'><strong>dignitates</strong></span> <span class='ocrx_word' id='word_1_144' title='bbox 2752 1356 2816 1418; x_wconf 89' lang='lat' dir='ltr'><strong>et</strong></span> <span class='ocrx_word' id='word_1_145' title='bbox 2846 1356 3097 1420; x_wconf 89' lang='lat' dir='ltr'><strong>curatos</strong></span> 
     </span>
     <span class='ocr_line' id='line_1_13' title="bbox 640 1455 3098 1539; baseline 0.002 -20"><span class='ocrx_word' id='word_1_146' title='bbox 640 1455 1047 1534; x_wconf 86' lang='lat' dir='ltr'><strong>inamovibili‚</strong></span> <span class='ocrx_word' id='word_1_147' title='bbox 1082 1457 1156 1520; x_wconf 92' lang='lat' dir='ltr'><strong>ut</strong></span> <span class='ocrx_word' id='word_1_148' title='bbox 1185 1456 1419 1534; x_wconf 87' lang='lat' dir='ltr'><strong>dicunt,</strong></span> <span class='ocrx_word' id='word_1_149' title='bbox 1454 1456 1642 1521; x_wconf 86' lang='lat' dir='ltr'><strong>titulo</strong></span> <span class='ocrx_word' id='word_1_150' title='bbox 1692 1457 1992 1539; x_wconf 68' lang='lat' dir='ltr'><strong>provisos⁹</strong></span> <span class='ocrx_word' id='word_1_151' title='bbox 2041 1456 2293 1539; x_wconf 82' lang='lat' dir='ltr'><strong>parochi</strong></span> <span class='ocrx_word' id='word_1_152' title='bbox 2341 1456 2532 1521; x_wconf 88' lang='lat' dir='ltr'><strong>etiam</strong></span> <span class='ocrx_word' id='word_1_153' title='bbox 2580 1455 2942 1522; x_wconf 86' lang='lat' dir='ltr'><strong>amovibiles</strong></span> <span class='ocrx_word' id='word_1_154' title='bbox 2987 1476 3098 1523; x_wconf 90' lang='lat' dir='ltr'><strong>seu</strong></span> 
     </span>
     <span class='ocr_line' id='line_1_14' title="bbox 634 1557 3092 1642; baseline 0.001 -21"><span class='ocrx_word' id='word_1_155' title='bbox 634 1557 1113 1622; x_wconf 87' lang='lat' dir='ltr'><strong>succursalistae</strong></span> <span class='ocrx_word' id='word_1_156' title='bbox 1161 1558 1235 1622; x_wconf 85' lang='lat' dir='ltr'><strong>ad</strong></span> <span class='ocrx_word' id='word_1_157' title='bbox 1285 1557 1724 1642; x_wconf 81' lang='lat' dir='ltr'><strong>professionem</strong></span> <span class='ocrx_word' id='word_1_158' title='bbox 1787 1558 1928 1622; x_wconf 91' lang='lat' dir='ltr'><strong>fidei</strong></span> <span class='ocrx_word' id='word_1_159' title='bbox 1985 1558 2153 1622; x_wconf 88' lang='lat' dir='ltr'><strong>iusta</strong></span> <span class='ocrx_word' id='word_1_160' title='bbox 2214 1559 2758 1642; x_wconf 78' lang='lat' dir='ltr'><strong>praescriptionem</strong></span> <span class='ocrx_word' id='word_1_161' title='bbox 2819 1578 2868 1623; x_wconf 92' lang='lat' dir='ltr'><strong>s.</strong></span> <span class='ocrx_word' id='word_1_162' title='bbox 2910 1557 3092 1624; x_wconf 87' lang='lat' dir='ltr'><strong>Cone.</strong></span> 
     </span>
     <span class='ocr_line' id='line_1_15' title="bbox 631 1660 3096 1746; baseline -0 -20"><span class='ocrx_word' id='word_1_163' title='bbox 631 1661 799 1727; x_wconf 85' lang='lat' dir='ltr'><strong>Trid.</strong></span> <span class='ocrx_word' id='word_1_164' title='bbox 830 1662 1198 1725; x_wconf 77' lang='lat' dir='ltr'><strong>teneantur?</strong></span> <span class='ocrx_word' id='word_1_165' title='bbox 1224 1664 1293 1724; x_wconf 72' lang='grc' dir='ltr'><strong>2ο</strong></span> <span class='ocrx_word' id='word_1_166' title='bbox 1316 1661 1399 1725; x_wconf 88' lang='lat' dir='ltr'><strong>Et</strong></span> <span class='ocrx_word' id='word_1_167' title='bbox 1423 1664 1729 1743; x_wconf 87' lang='lat' dir='ltr'><strong>quatenus</strong></span> <span class='ocrx_word' id='word_1_168' title='bbox 1756 1661 2129 1725; x_wconf 86' lang='lat' dir='ltr'><strong>affirmative</strong></span> <span class='ocrx_word' id='word_1_169' title='bbox 2155 1660 2315 1724; x_wconf 87' lang='lat' dir='ltr'><strong>circa</strong></span> <span class='ocrx_word' id='word_1_170' title='bbox 2340 1661 2829 1740; x_wconf 85' lang='lat' dir='ltr'><strong>succursalistas‚</strong></span> <span class='ocrx_word' id='word_1_171' title='bbox 2858 1682 2935 1725; x_wconf 88' lang='lat' dir='ltr'><strong>an</strong></span> <span class='ocrx_word' id='word_1_172' title='bbox 2962 1680 3096 1746; x_wconf 90' lang='lat' dir='ltr'><strong>pos-</strong></span> 
     </span>
     <span class='ocr_line' id='line_1_16' title="bbox 633 1762 3092 1848; baseline 0.001 -21"><span class='ocrx_word' id='word_1_173' title='bbox 633 1764 761 1827; x_wconf 84' lang='lat' dir='ltr'><strong>sint</strong></span> <span class='ocrx_word' id='word_1_174' title='bbox 809 1762 1249 1846; x_wconf 85' lang='lat' dir='ltr'><strong>professionem</strong></span> <span class='ocrx_word' id='word_1_175' title='bbox 1296 1764 1494 1829; x_wconf 88' lang='lat' dir='ltr'><strong>facere</strong></span> <span class='ocrx_word' id='word_1_176' title='bbox 1532 1783 1740 1829; x_wconf 87' lang='lat' dir='ltr'><strong>coram</strong></span> <span class='ocrx_word' id='word_1_177' title='bbox 1774 1763 2040 1846; x_wconf 89' lang='lat' dir='ltr'><strong>simplici</strong></span> <span class='ocrx_word' id='word_1_178' title='bbox 2072 1764 2370 1847; x_wconf 89' lang='lat' dir='ltr'><strong>deputato</strong></span> <span class='ocrx_word' id='word_1_179' title='bbox 2404 1764 2481 1827; x_wconf 86' lang='lat' dir='ltr'><strong>ab</strong></span> <span class='ocrx_word' id='word_1_180' title='bbox 2521 1764 2863 1848; x_wconf 78' lang='lat' dir='ltr'><strong>Episcopo?</strong></span> <span class='ocrx_word' id='word_1_181' title='bbox 2896 1764 2965 1828; x_wconf 82' lang='lat'><strong>3⁰</strong></span> <span class='ocrx_word' id='word_1_182' title='bbox 2996 1766 3092 1829; x_wconf 87' lang='lat' dir='ltr'><strong>An</strong></span> 
     </span>
     <span class='ocr_line' id='line_1_17' title="bbox 632 1865 3093 1949; baseline 0.001 -21"><span class='ocrx_word' id='word_1_183' title='bbox 632 1865 945 1948; x_wconf 89' lang='lat' dir='ltr'><strong>praedicta</strong></span> <span class='ocrx_word' id='word_1_184' title='bbox 992 1867 1291 1948; x_wconf 89' lang='lat' dir='ltr'><strong>professio</strong></span> <span class='ocrx_word' id='word_1_185' title='bbox 1341 1866 1531 1930; x_wconf 91' lang='lat' dir='ltr'><strong>toties</strong></span> <span class='ocrx_word' id='word_1_186' title='bbox 1578 1866 1863 1930; x_wconf 87' lang='lat' dir='ltr'><strong>renovari</strong></span> <span class='ocrx_word' id='word_1_187' title='bbox 1901 1865 2139 1939; x_wconf 83' lang='lat' dir='ltr'><strong>debeat,</strong></span> <span class='ocrx_word' id='word_1_188' title='bbox 2174 1865 2417 1949; x_wconf 89' lang='lat' dir='ltr'><strong>quoties</strong></span> <span class='ocrx_word' id='word_1_189' title='bbox 2456 1865 2549 1929; x_wconf 91' lang='lat' dir='ltr'><strong>illi</strong></span> <span class='ocrx_word' id='word_1_190' title='bbox 2590 1884 2820 1944; x_wconf 77' lang='lat' dir='ltr'><strong>omneS‚</strong></span> <span class='ocrx_word' id='word_1_191' title='bbox 2841 1866 2914 1930; x_wconf 89' lang='lat' dir='ltr'><strong>de</strong></span> <span class='ocrx_word' id='word_1_192' title='bbox 2963 1867 3093 1948; x_wconf 90' lang='lat' dir='ltr'><strong>qui-</strong></span> 
     </span>
     <span class='ocr_line' id='line_1_18' title="bbox 628 1966 3094 2050; baseline 0.001 -21"><span class='ocrx_word' id='word_1_193' title='bbox 628 1968 743 2032; x_wconf 89' lang='lat' dir='ltr'><strong>bus</strong></span> <span class='ocrx_word' id='word_1_194' title='bbox 779 1987 986 2050; x_wconf 86' lang='lat' dir='ltr'><strong>supra,</strong></span> <span class='ocrx_word' id='word_1_195' title='bbox 1024 1968 1101 2032; x_wconf 84' lang='lat' dir='ltr'><strong>ad</strong></span> <span class='ocrx_word' id='word_1_196' title='bbox 1134 1967 1302 2032; x_wconf 86' lang='lat' dir='ltr'><strong>aliud</strong></span> <span class='ocrx_word' id='word_1_197' title='bbox 1337 1968 1699 2033; x_wconf 88' lang='lat' dir='ltr'><strong>beneficium</strong></span> <span class='ocrx_word' id='word_1_198' title='bbox 1747 1968 2254 2033; x_wconf 77' lang='lat' dir='ltr'><strong>transferuntur?</strong></span> <span class='ocrx_word' id='word_1_199' title='bbox 2303 1993 2362 2031; x_wconf 86' lang='lat'><strong>».</strong></span> <span class='ocrx_word' id='word_1_200' title='bbox 2405 1966 2465 2031; x_wconf 87' lang='lat' dir='ltr'><strong>S.</strong></span> <span class='ocrx_word' id='word_1_201' title='bbox 2516 1966 2582 2031; x_wconf 81' lang='lat' dir='ltr'><strong>C.</strong></span> <span class='ocrx_word' id='word_1_202' title='bbox 2619 1966 2685 2031; x_wconf 83' lang='lat' dir='ltr'><strong>O.</strong></span> <span class='ocrx_word' id='word_1_203' title='bbox 2727 1968 2827 2031; x_wconf 82' lang='lat'><strong>15.</strong></span> <span class='ocrx_word' id='word_1_204' title='bbox 2863 1967 3094 2032; x_wconf 89' lang='lat' dir='ltr'><strong>decem-</strong></span> 
     </span>
     <span class='ocr_line' id='line_1_19' title="bbox 632 2068 3090 2153; baseline 0.001 -22"><span class='ocrx_word' id='word_1_205' title='bbox 632 2070 759 2133; x_wconf 86' lang='lat' dir='ltr'><strong>bris</strong></span> <span class='ocrx_word' id='word_1_206' title='bbox 812 2071 1003 2133; x_wconf 81' lang='lat'><strong>1886.</strong></span> <span class='ocrx_word' id='word_1_207' title='bbox 1036 2069 1379 2153; x_wconf 85' lang='lat' dir='ltr'><strong>respondit:</strong></span> <span class='ocrx_word' id='word_1_208' title='bbox 1422 2095 1455 2128; x_wconf 81' lang='lat'>«</span> <span class='ocrx_word' id='word_1_209' title='bbox 1488 2069 1663 2134; x_wconf 81' lang='lat' dir='ltr'><strong>iuxta</strong></span> <span class='ocrx_word' id='word_1_210' title='bbox 1710 2068 1779 2133; x_wconf 82' lang='lat' dir='ltr'><strong>C.</strong></span> <span class='ocrx_word' id='word_1_211' title='bbox 1815 2069 1981 2133; x_wconf 84' lang='lat' dir='ltr'><strong>Trid.</strong></span> <span class='ocrx_word' id='word_1_212' title='bbox 2018 2089 2165 2133; x_wconf 88' lang='lat' dir='ltr'><strong>sess.</strong></span> <span class='ocrx_word' id='word_1_213' title='bbox 2203 2070 2307 2132; x_wconf 84' lang='lat'><strong>24.</strong></span> <span class='ocrx_word' id='word_1_214' title='bbox 2343 2090 2393 2133; x_wconf 90' lang='lat' dir='ltr'><strong>c.</strong></span> <span class='ocrx_word' id='word_1_215' title='bbox 2433 2071 2533 2133; x_wconf 84' lang='lat'><strong>12.</strong></span> <span class='ocrx_word' id='word_1_216' title='bbox 2585 2069 2658 2133; x_wconf 80' lang='lat' dir='ltr'><strong>de</strong></span> <span class='ocrx_word' id='word_1_217' title='bbox 2703 2069 2849 2149; x_wconf 75' lang='lat' dir='ltr'><strong>Res.</strong></span> <span class='ocrx_word' id='word_1_218' title='bbox 2884 2090 2954 2134; x_wconf 85' lang='lat' dir='ltr'><strong>ac</strong></span> <span class='ocrx_word' id='word_1_219' title='bbox 3001 2091 3090 2135; x_wconf 90' lang='lat' dir='ltr'><strong>re-</strong></span> 
     </span>
     <span class='ocr_line' id='line_1_20' title="bbox 624 2171 3091 2257; baseline 0 -21"><span class='ocrx_word' id='word_1_220' title='bbox 624 2172 968 2237; x_wconf 85' lang='lat' dir='ltr'><strong>solutiones</strong></span> <span class='ocrx_word' id='word_1_221' title='bbox 1014 2172 1077 2235; x_wconf 86' lang='lat' dir='ltr'><strong>in</strong></span> <span class='ocrx_word' id='word_1_222' title='bbox 1125 2171 1433 2236; x_wconf 83' lang='lat' dir='ltr'><strong>similibus</strong></span> <span class='ocrx_word' id='word_1_223' title='bbox 1478 2171 1710 2248; x_wconf 85' lang='lat' dir='ltr'><strong>editas;</strong></span> <span class='ocrx_word' id='word_1_224' title='bbox 1753 2172 1830 2235; x_wconf 86' lang='lat' dir='ltr'><strong>ad</strong></span> <span class='ocrx_word' id='word_1_225' title='bbox 1867 2173 1949 2234; x_wconf 72' lang='grc' dir='ltr'><strong>1ω</strong></span> <span class='ocrx_word' id='word_1_226' title='bbox 1985 2171 2392 2236; x_wconf 85' lang='lat' dir='ltr'><strong>affirmative:</strong></span> <span class='ocrx_word' id='word_1_227' title='bbox 2434 2172 2506 2236; x_wconf 85' lang='lat' dir='ltr'><strong>ad</strong></span> <span class='ocrx_word' id='word_1_228' title='bbox 2546 2174 2629 2235; x_wconf 59' lang='lat'><strong>2¹¹³</strong></span> <span class='ocrx_word' id='word_1_229' title='bbox 2656 2172 2975 2257; x_wconf 83' lang='lat' dir='ltr'><strong>negative:</strong></span> <span class='ocrx_word' id='word_1_230' title='bbox 3012 2173 3091 2237; x_wconf 86' lang='lat' dir='ltr'><strong>ad</strong></span> 
     </span>
     <span class='ocr_line' id='line_1_21' title="bbox 626 2274 1220 2339; baseline 0 -1"><span class='ocrx_word' id='word_1_231' title='bbox 626 2276 716 2338; x_wconf 78' lang='lat'><strong>3¹¹²</strong></span> <span class='ocrx_word' id='word_1_232' title='bbox 749 2274 1121 2339; x_wconf 88' lang='lat' dir='ltr'><strong>affirmative</strong></span> <span class='ocrx_word' id='word_1_233' title='bbox 1160 2301 1220 2338; x_wconf 84' lang='lat'><strong>».</strong></span> 
     </span>
    </p>

    <p class='ocr_par' dir='ltr' id='par_1_6' title="bbox 712 2382 3084 2468">
     <span class='ocr_line' id='line_1_22' title="bbox 712 2382 3084 2468; baseline -0.001 -22"><span class='ocrx_word' id='word_1_234' title='bbox 712 2382 1034 2468; x_wconf 85' lang='lat' dir='ltr'><strong>Obligatio</strong></span> <span class='ocrx_word' id='word_1_235' title='bbox 1051 2382 1523 2467; x_wconf 84' lang='lat' dir='ltr'><strong>Magistrorum‚</strong></span> <span class='ocrx_word' id='word_1_236' title='bbox 1536 2382 1964 2448; x_wconf 88' lang='lat' dir='ltr'><strong>Professorum</strong></span> <span class='ocrx_word' id='word_1_237' title='bbox 1989 2383 2053 2447; x_wconf 91' lang='lat' dir='ltr'><strong>et</strong></span> <span class='ocrx_word' id='word_1_238' title='bbox 2076 2382 2376 2447; x_wconf 78' lang='lat' dir='ltr'><strong>similium</strong></span> <span class='ocrx_word' id='word_1_239' title='bbox 2392 2402 2513 2448; x_wconf 90' lang='lat' dir='ltr'><strong>non</strong></span> <span class='ocrx_word' id='word_1_240' title='bbox 2540 2385 2724 2467; x_wconf 88' lang='lat' dir='ltr'><strong>urget</strong></span> <span class='ocrx_word' id='word_1_241' title='bbox 2739 2384 2858 2448; x_wconf 87' lang='lat' dir='ltr'><strong>nisi</strong></span> <span class='ocrx_word' id='word_1_242' title='bbox 2876 2383 3084 2449; x_wconf 90' lang='lat' dir='ltr'><strong>semel.</strong></span> 
     </span>
    </p>
   </div>
   <div class='ocr_carea' id='block_1_4' title="bbox 1579 2509 2155 2610">
    <p class='ocr_par' dir='ltr' id='par_1_7' title="bbox 1579 2509 2155 2610">
     <span class='ocr_line' id='line_1_23' title="bbox 1579 2509 2155 2610; baseline -0.003 0"><span class='ocrx_word' id='word_1_243' title='bbox 1579 2543 1756 2610; x_wconf 80' lang='lat' dir='ltr'><strong>Unde</strong></span> <span class='ocrx_word' id='word_1_244' title='bbox 1802 2509 2155 2608; x_wconf 64' lang='lat' dir='ltr'><strong>resolvitur.</strong></span> 
     </span>
    </p>
   </div>
   <div class='ocr_carea' id='block_1_5' title="bbox 617 2717 3080 3213">
    <p class='ocr_par' dir='ltr' id='par_1_8' title="bbox 621 2717 3078 2869">
     <span class='ocr_line' id='line_1_24' title="bbox 736 2717 3078 2784; baseline 0.002 -12"><span class='ocrx_word' id='word_1_245' title='bbox 736 2725 778 2772; x_wconf 87' lang='lat' dir='ltr'><strong>l.</strong></span> <span class='ocrx_word' id='word_1_246' title='bbox 805 2722 908 2773; x_wconf 85' lang='lat' dir='ltr'><strong>Non</strong></span> <span class='ocrx_word' id='word_1_247' title='bbox 936 2728 1162 2773; x_wconf 88' lang='lat' dir='ltr'><strong>tenentur</strong></span> <span class='ocrx_word' id='word_1_248' title='bbox 1183 2721 1241 2772; x_wconf 89' lang='lat' dir='ltr'><strong>ad</strong></span> <span class='ocrx_word' id='word_1_249' title='bbox 1268 2717 1446 2774; x_wconf 87' lang='lat' dir='ltr'><strong>dictam</strong></span> <span class='ocrx_word' id='word_1_250' title='bbox 1474 2717 1822 2784; x_wconf 70' lang='lat' dir='ltr'><strong>professionem</strong></span> <span class='ocrx_word' id='word_1_251' title='bbox 1850 2718 2037 2784; x_wconf 83' lang='lat' dir='ltr'><strong>provisi</strong></span> <span class='ocrx_word' id='word_1_252' title='bbox 2063 2721 2125 2771; x_wconf 86' lang='lat' dir='ltr'><strong>de</strong></span> <span class='ocrx_word' id='word_1_253' title='bbox 2148 2717 2527 2775; x_wconf 77' lang='lat' dir='ltr'><strong>canonicatibus</strong></span> <span class='ocrx_word' id='word_1_254' title='bbox 2552 2720 2600 2774; x_wconf 88' lang='lat' dir='ltr'><strong>in</strong></span> <span class='ocrx_word' id='word_1_255' title='bbox 2632 2720 2864 2776; x_wconf 81' lang='lat' dir='ltr'><strong>Ecclesiis</strong></span> <span class='ocrx_word' id='word_1_256' title='bbox 2891 2728 3078 2777; x_wconf 83' lang='lat' dir='ltr'><strong>tantum</strong></span> 
     </span>
     <span class='ocr_line' id='line_1_25' title="bbox 621 2801 1998 2869; baseline -0.004 -11"><span class='ocrx_word' id='word_1_257' title='bbox 621 2803 908 2868; x_wconf 82' lang='lat' dir='ltr'><strong>Collegiatis</strong></span> <span class='ocrx_word' id='word_1_258' title='bbox 948 2807 1029 2856; x_wconf 89' lang='lat' dir='ltr'><strong>vel</strong></span> <span class='ocrx_word' id='word_1_259' title='bbox 1066 2806 1127 2857; x_wconf 89' lang='lat' dir='ltr'><strong>de</strong></span> <span class='ocrx_word' id='word_1_260' title='bbox 1167 2802 1424 2857; x_wconf 84' lang='lat' dir='ltr'><strong>Beneficiis</strong></span> <span class='ocrx_word' id='word_1_261' title='bbox 1462 2811 1646 2857; x_wconf 85' lang='lat' dir='ltr'><strong>tantum</strong></span> <span class='ocrx_word' id='word_1_262' title='bbox 1679 2801 1998 2869; x_wconf 78' lang='lat' dir='ltr'><strong>simplicibus,</strong></span> 
     </span>
    </p>

    <p class='ocr_par' dir='ltr' id='par_1_9' title="bbox 617 2886 3080 3213">
     <span class='ocr_line' id='line_1_26' title="bbox 731 2886 3070 2955; baseline 0 -12"><span class='ocrx_word' id='word_1_263' title='bbox 731 2893 779 2943; x_wconf 90' lang='grc'><strong>2.</strong></span> <span class='ocrx_word' id='word_1_264' title='bbox 807 2889 912 2942; x_wconf 85' lang='lat' dir='ltr'><strong>Etsi</strong></span> <span class='ocrx_word' id='word_1_265' title='bbox 937 2889 1191 2955; x_wconf 76' lang='lat' dir='ltr'><strong>probabile</strong></span> <span class='ocrx_word' id='word_1_266' title='bbox 1218 2888 1297 2954; x_wconf 90' lang='lat' dir='ltr'><strong>sit,</strong></span> <span class='ocrx_word' id='word_1_267' title='bbox 1323 2893 1445 2942; x_wconf 88' lang='lat' dir='ltr'><strong>banc</strong></span> <span class='ocrx_word' id='word_1_268' title='bbox 1474 2887 1825 2955; x_wconf 76' lang='lat' dir='ltr'><strong>professionem</strong></span> <span class='ocrx_word' id='word_1_269' title='bbox 1855 2902 1998 2954; x_wconf 89' lang='lat' dir='ltr'><strong>posse</strong></span> <span class='ocrx_word' id='word_1_270' title='bbox 2027 2886 2131 2941; x_wconf 86' lang='lat' dir='ltr'><strong>fleri</strong></span> <span class='ocrx_word' id='word_1_271' title='bbox 2158 2902 2246 2953; x_wconf 90' lang='lat' dir='ltr'><strong>per</strong></span> <span class='ocrx_word' id='word_1_272' title='bbox 2273 2898 2657 2955; x_wconf 84' lang='lat' dir='ltr'><strong>procuratorem,</strong></span> <span class='ocrx_word' id='word_1_273' title='bbox 2683 2897 2734 2943; x_wconf 92' lang='lat' dir='ltr'><strong>ut</strong></span> <span class='ocrx_word' id='word_1_274' title='bbox 2764 2892 2904 2944; x_wconf 87' lang='lat' dir='ltr'><strong>docet</strong></span> <span class='ocrx_word' id='word_1_275' title='bbox 2923 2893 3070 2954; x_wconf 83' lang='lat' dir='ltr'><strong>Azor,</strong></span> 
     </span>
     <span class='ocr_line' id='line_1_27' title="bbox 622 2972 3079 3040; baseline 0 -12"><span class='ocrx_word' id='word_1_276' title='bbox 622 2978 741 3028; x_wconf 86' lang='lat' dir='ltr'><strong>Nav.</strong></span> <span class='ocrx_word' id='word_1_277' title='bbox 771 2981 819 3028; x_wconf 87' lang='lat' dir='ltr'><strong>el</strong></span> <span class='ocrx_word' id='word_1_278' title='bbox 845 2977 1049 3040; x_wconf 87' lang='lat' dir='ltr'><strong>Sancb.;</strong></span> <span class='ocrx_word' id='word_1_279' title='bbox 1080 2974 1385 3040; x_wconf 83' lang='lat' dir='ltr'><strong>probabilius</strong></span> <span class='ocrx_word' id='word_1_280' title='bbox 1412 2981 1572 3028; x_wconf 86' lang='lat' dir='ltr'><strong>tamen</strong></span> <span class='ocrx_word' id='word_1_281' title='bbox 1610 2982 1700 3035; x_wconf 76' lang='lat' dir='ltr'><strong>est,</strong></span> <span class='ocrx_word' id='word_1_282' title='bbox 1742 2973 1896 3027; x_wconf 88' lang='lat' dir='ltr'><strong>teneri</strong></span> <span class='ocrx_word' id='word_1_283' title='bbox 1928 2972 2266 3040; x_wconf 78' lang='lat' dir='ltr'><strong>personaliter,</strong></span> <span class='ocrx_word' id='word_1_284' title='bbox 2299 2981 2352 3026; x_wconf 91' lang='lat' dir='ltr'><strong>ut</strong></span> <span class='ocrx_word' id='word_1_285' title='bbox 2379 2975 2522 3027; x_wconf 88' lang='lat' dir='ltr'><strong>docet</strong></span> <span class='ocrx_word' id='word_1_286' title='bbox 2548 2974 2654 3028; x_wconf 85' lang='lat' dir='ltr'><strong>Fill.</strong></span> <span class='ocrx_word' id='word_1_287' title='bbox 2685 2975 2828 3029; x_wconf 81' lang='lat' dir='ltr'><strong>Ratio</strong></span> <span class='ocrx_word' id='word_1_288' title='bbox 2857 2983 2946 3038; x_wconf 81' lang='lat' dir='ltr'><strong>est,</strong></span> <span class='ocrx_word' id='word_1_289' title='bbox 2976 2982 3079 3029; x_wconf 91' lang='lat' dir='ltr'><strong>tum</strong></span> 
     </span>
     <span class='ocr_line' id='line_1_28' title="bbox 618 3057 3080 3125; baseline 0.001 -13"><span class='ocrx_word' id='word_1_290' title='bbox 618 3059 729 3123; x_wconf 83' lang='lat' dir='ltr'><strong>quia</strong></span> <span class='ocrx_word' id='word_1_291' title='bbox 771 3059 888 3112; x_wconf 89' lang='lat' dir='ltr'><strong>alias</strong></span> <span class='ocrx_word' id='word_1_292' title='bbox 928 3074 1022 3112; x_wconf 84' lang='lat' dir='ltr'><strong>non</strong></span> <span class='ocrx_word' id='word_1_293' title='bbox 1062 3058 1258 3113; x_wconf 85' lang='lat' dir='ltr'><strong>videtur</strong></span> <span class='ocrx_word' id='word_1_294' title='bbox 1298 3058 1400 3112; x_wconf 87' lang='lat' dir='ltr'><strong>fleri</strong></span> <span class='ocrx_word' id='word_1_295' title='bbox 1438 3058 1557 3111; x_wconf 84' lang='lat' dir='ltr'><strong>satis</strong></span> <span class='ocrx_word' id='word_1_296' title='bbox 1605 3058 1898 3120; x_wconf 86' lang='lat' dir='ltr'><strong>iurament0,</strong></span> <span class='ocrx_word' id='word_1_297' title='bbox 1939 3059 2069 3123; x_wconf 83' lang='lat' dir='ltr'><strong>quod</strong></span> <span class='ocrx_word' id='word_1_298' title='bbox 2107 3057 2431 3125; x_wconf 80' lang='lat' dir='ltr'><strong>personaliter</strong></span> <span class='ocrx_word' id='word_1_299' title='bbox 2471 3059 2742 3113; x_wconf 85' lang='lat' dir='ltr'><strong>laciendum</strong></span> <span class='ocrx_word' id='word_1_300' title='bbox 2779 3076 2889 3114; x_wconf 88' lang='lat' dir='ltr'><strong>esse</strong></span> <span class='ocrx_word' id='word_1_301' title='bbox 2934 3063 3080 3115; x_wconf 88' lang='lat' dir='ltr'><strong>docel</strong></span> 
     </span>
     <span class='ocr_line' id='line_1_29' title="bbox 617 3142 2863 3213; baseline 0.002 -17"><span class='ocrx_word' id='word_1_302' title='bbox 617 3146 794 3198; x_wconf 85' lang='lat' dir='ltr'><strong>Glossa</strong></span> <span class='ocrx_word' id='word_1_303' title='bbox 832 3147 960 3210; x_wconf 88' lang='lat' dir='ltr'><strong>apud</strong></span> <span class='ocrx_word' id='word_1_304' title='bbox 1001 3144 1107 3199; x_wconf 80' lang='lat' dir='ltr'><strong>Fill.</strong></span> <span class='ocrx_word' id='word_1_305' title='bbox 1143 3151 1242 3197; x_wconf 87' lang='lat' dir='ltr'><strong>tum</strong></span> <span class='ocrx_word' id='word_1_306' title='bbox 1285 3142 1397 3210; x_wconf 82' lang='lat' dir='ltr'><strong>quia</strong></span> <span class='ocrx_word' id='word_1_307' title='bbox 1433 3143 1502 3196; x_wconf 86' lang='lat' dir='ltr'><strong>ita</strong></span> <span class='ocrx_word' id='word_1_308' title='bbox 1542 3142 1725 3196; x_wconf 85' lang='lat' dir='ltr'><strong>decidit</strong></span> <span class='ocrx_word' id='word_1_309' title='bbox 1761 3145 1887 3195; x_wconf 82' lang='lat' dir='ltr'><strong>Rota</strong></span> <span class='ocrx_word' id='word_1_310' title='bbox 1924 3144 2052 3209; x_wconf 86' lang='lat' dir='ltr'><strong>apud</strong></span> <span class='ocrx_word' id='word_1_311' title='bbox 2092 3144 2237 3196; x_wconf 87' lang='lat' dir='ltr'><strong>Garz.</strong></span> <span class='ocrx_word' id='word_1_312' title='bbox 2282 3145 2317 3195; x_wconf 90' lang='lat' dir='ltr'><strong>l.</strong></span> <span class='ocrx_word' id='word_1_313' title='bbox 2348 3146 2396 3197; x_wconf 88' lang='grc'><strong>3.</strong></span> <span class='ocrx_word' id='word_1_314' title='bbox 2424 3142 2489 3197; x_wconf 82' lang='lat' dir='ltr'><strong>de</strong></span> <span class='ocrx_word' id='word_1_315' title='bbox 2528 3145 2712 3213; x_wconf 74' lang='lat' dir='ltr'><strong>Benef-</strong></span> <span class='ocrx_word' id='word_1_316' title='bbox 2741 3161 2782 3198; x_wconf 83' lang='lat' dir='ltr'><strong>c.</strong></span> <span class='ocrx_word' id='word_1_317' title='bbox 2814 3148 2863 3200; x_wconf 89' lang='lat'><strong>3.</strong></span> 
     </span>
    </p>
   </div>
   <div class='ocr_carea' id='block_1_6' title="bbox 615 3266 3081 3866">
    <p class='ocr_par' dir='ltr' id='par_1_10' title="bbox 615 3266 3081 3763">
     <span class='ocr_line' id='line_1_30' title="bbox 706 3266 3075 3355; baseline -0 -16"><span class='ocrx_word' id='word_1_318' title='bbox 706 3266 831 3341; x_wconf 73' lang='lat'><strong>45.</strong></span> <span class='ocrx_word' id='word_1_319' title='bbox 883 3270 1058 3350; x_wconf 82' lang='lat' dir='ltr'><strong>Quod</strong></span> <span class='ocrx_word' id='word_1_320' title='bbox 1098 3273 1337 3355; x_wconf 87' lang='lat' dir='ltr'><strong>spectat</strong></span> <span class='ocrx_word' id='word_1_321' title='bbox 1385 3270 1461 3334; x_wconf 89' lang='lat' dir='ltr'><strong>ad</strong></span> <span class='ocrx_word' id='word_1_322' title='bbox 1508 3270 1667 3334; x_wconf 86' lang='lat' dir='ltr'><strong>hanc</strong></span> <span class='ocrx_word' id='word_1_323' title='bbox 1714 3269 2160 3354; x_wconf 84' lang='lat' dir='ltr'><strong>obligationem</strong></span> <span class='ocrx_word' id='word_1_324' title='bbox 2192 3289 2262 3334; x_wconf 79' lang='lat' dir='ltr'><strong>ex</strong></span> <span class='ocrx_word' id='word_1_325' title='bbox 2296 3273 2618 3354; x_wconf 86' lang='lat' dir='ltr'><strong>praecepto</strong></span> <span class='ocrx_word' id='word_1_326' title='bbox 2643 3273 3075 3353; x_wconf 84' lang='lat' dir='ltr'><strong>ecclesiastico,</strong></span> 
     </span>
     <span class='ocr_line' id='line_1_31' title="bbox 617 3370 3077 3459; baseline 0.003 -24"><span class='ocrx_word' id='word_1_327' title='bbox 617 3373 773 3437; x_wconf 86' lang='lat' dir='ltr'><strong>satis</strong></span> <span class='ocrx_word' id='word_1_328' title='bbox 806 3374 996 3437; x_wconf 91' lang='lat' dir='ltr'><strong>fuerit</strong></span> <span class='ocrx_word' id='word_1_329' title='bbox 1032 3374 1233 3458; x_wconf 90' lang='lat' dir='ltr'><strong>legere</strong></span> <span class='ocrx_word' id='word_1_330' title='bbox 1264 3374 1339 3437; x_wconf 84' lang='lat' dir='ltr'><strong>A.</strong></span> <span class='ocrx_word' id='word_1_331' title='bbox 1374 3372 1643 3437; x_wconf 84' lang='lat' dir='ltr'><strong>Adverte</strong></span> <span class='ocrx_word' id='word_1_332' title='bbox 1691 3374 1902 3437; x_wconf 87' lang='lat' dir='ltr'><strong>tamen</strong></span> <span class='ocrx_word' id='word_1_333' title='bbox 1933 3391 2180 3436; x_wconf 89' lang='lat' dir='ltr'><strong>monere</strong></span> <span class='ocrx_word' id='word_1_334' title='bbox 2213 3370 2480 3437; x_wconf 86' lang='lat' dir='ltr'><strong>Sanchez</strong></span> <span class='ocrx_word' id='word_1_335' title='bbox 2518 3375 2559 3437; x_wconf 92' lang='lat' dir='ltr'><strong>l.</strong></span> <span class='ocrx_word' id='word_1_336' title='bbox 2601 3394 2650 3439; x_wconf 90' lang='lat' dir='ltr'><strong>c.</strong></span> <span class='ocrx_word' id='word_1_337' title='bbox 2691 3394 2750 3438; x_wconf 90' lang='lat' dir='ltr'><strong>n.</strong></span> <span class='ocrx_word' id='word_1_338' title='bbox 2790 3376 2869 3454; x_wconf 89' lang='grc'><strong>7.,</strong></span> <span class='ocrx_word' id='word_1_339' title='bbox 2913 3379 3077 3459; x_wconf 87' lang='lat' dir='ltr'><strong>quod</strong></span> 
     </span>
     <span class='ocr_line' id='line_1_32' title="bbox 615 3474 3081 3559; baseline 0.003 -21"><span class='ocrx_word' id='word_1_340' title='bbox 615 3495 760 3540; x_wconf 90' lang='lat' dir='ltr'><strong>cum</strong></span> <span class='ocrx_word' id='word_1_341' title='bbox 792 3475 1076 3539; x_wconf 82' lang='lat' dir='ltr'><strong>Pontifex</strong></span> <span class='ocrx_word' id='word_1_342' title='bbox 1107 3475 1426 3559; x_wconf 88' lang='lat' dir='ltr'><strong>Episcopis</strong></span> <span class='ocrx_word' id='word_1_343' title='bbox 1458 3474 1743 3559; x_wconf 88' lang='lat' dir='ltr'><strong>designat</strong></span> <span class='ocrx_word' id='word_1_344' title='bbox 1775 3494 1937 3551; x_wconf 86' lang='lat' dir='ltr'><strong>eum,</strong></span> <span class='ocrx_word' id='word_1_345' title='bbox 1977 3475 2040 3538; x_wconf 91' lang='lat' dir='ltr'><strong>in</strong></span> <span class='ocrx_word' id='word_1_346' title='bbox 2073 3476 2248 3539; x_wconf 88' lang='lat' dir='ltr'><strong>cuius</strong></span> <span class='ocrx_word' id='word_1_347' title='bbox 2281 3476 2565 3540; x_wconf 78' lang='lat' dir='ltr'><strong>manibus</strong></span> <span class='ocrx_word' id='word_1_348' title='bbox 2612 3478 2951 3543; x_wconf 88' lang='lat' dir='ltr'><strong>emittenda</strong></span> <span class='ocrx_word' id='word_1_349' title='bbox 2983 3483 3081 3545; x_wconf 89' lang='lat' dir='ltr'><strong>est</strong></span> 
     </span>
     <span class='ocr_line' id='line_1_33' title="bbox 619 3577 3078 3661; baseline 0.002 -19"><span class='ocrx_word' id='word_1_350' title='bbox 619 3578 938 3661; x_wconf 86' lang='lat' dir='ltr'><strong>professio,</strong></span> <span class='ocrx_word' id='word_1_351' title='bbox 959 3578 1108 3643; x_wconf 89' lang='lat' dir='ltr'><strong>haec</strong></span> <span class='ocrx_word' id='word_1_352' title='bbox 1140 3579 1355 3660; x_wconf 89' lang='lat' dir='ltr'><strong>nequit</strong></span> <span class='ocrx_word' id='word_1_353' title='bbox 1378 3580 1541 3642; x_wconf 86' lang='lat' dir='ltr'><strong>certe</strong></span> <span class='ocrx_word' id='word_1_354' title='bbox 1564 3579 1697 3642; x_wconf 90' lang='lat' dir='ltr'><strong>fieri</strong></span> <span class='ocrx_word' id='word_1_355' title='bbox 1730 3597 1836 3660; x_wconf 90' lang='lat' dir='ltr'><strong>per</strong></span> <span class='ocrx_word' id='word_1_356' title='bbox 1869 3580 2359 3660; x_wconf 88' lang='lat' dir='ltr'><strong>procuratorem:</strong></span> <span class='ocrx_word' id='word_1_357' title='bbox 2395 3577 2558 3659; x_wconf 90' lang='lat' dir='ltr'><strong>quod</strong></span> <span class='ocrx_word' id='word_1_358' title='bbox 2591 3598 2662 3643; x_wconf 83' lang='lat' dir='ltr'><strong>ex</strong></span> <span class='ocrx_word' id='word_1_359' title='bbox 2693 3581 2895 3645; x_wconf 87' lang='lat' dir='ltr'><strong>verbis</strong></span> <span class='ocrx_word' id='word_1_360' title='bbox 2921 3583 3078 3648; x_wconf 90' lang='lat' dir='ltr'><strong>Pon-</strong></span> 
     </span>
     <span class='ocr_line' id='line_1_34' title="bbox 620 3680 1720 3763; baseline 0.001 -20"><span class='ocrx_word' id='word_1_361' title='bbox 620 3680 803 3746; x_wconf 83' lang='lat' dir='ltr'><strong>tifieis</strong></span> <span class='ocrx_word' id='word_1_362' title='bbox 840 3681 903 3745; x_wconf 91' lang='lat' dir='ltr'><strong>id</strong></span> <span class='ocrx_word' id='word_1_363' title='bbox 949 3680 1398 3763; x_wconf 80' lang='lat' dir='ltr'><strong>committentis</strong></span> <span class='ocrx_word' id='word_1_364' title='bbox 1431 3681 1720 3746; x_wconf 88' lang='lat' dir='ltr'><strong>ostendit.</strong></span> 
     </span>
    </p>

    <p class='ocr_par' dir='ltr' id='par_1_11' title="bbox 703 3782 3072 3866">
     <span class='ocr_line' id='line_1_35' title="bbox 703 3782 3072 3866; baseline 0.003 -19"><span class='ocrx_word' id='word_1_365' title='bbox 703 3785 898 3848; x_wconf 88' lang='lat' dir='ltr'><strong>Porro</strong></span> <span class='ocrx_word' id='word_1_366' title='bbox 940 3785 1106 3866; x_wconf 88' lang='lat' dir='ltr'><strong>prior</strong></span> <span class='ocrx_word' id='word_1_367' title='bbox 1151 3785 1315 3849; x_wconf 87' lang='lat' dir='ltr'><strong>ratio</strong></span> <span class='ocrx_word' id='word_1_368' title='bbox 1353 3784 1427 3849; x_wconf 89' lang='lat' dir='ltr'><strong>A.</strong></span> <span class='ocrx_word' id='word_1_369' title='bbox 1462 3805 1585 3852; x_wconf 90' lang='lat' dir='ltr'><strong>non</strong></span> <span class='ocrx_word' id='word_1_370' title='bbox 1610 3784 1946 3850; x_wconf 89' lang='lat' dir='ltr'><strong>admodum</strong></span> <span class='ocrx_word' id='word_1_371' title='bbox 1978 3783 2154 3847; x_wconf 87' lang='lat' dir='ltr'><strong>firma</strong></span> <span class='ocrx_word' id='word_1_372' title='bbox 2190 3785 2316 3846; x_wconf 86' lang='lat' dir='ltr'><strong>est:</strong></span> <span class='ocrx_word' id='word_1_373' title='bbox 2358 3782 2556 3846; x_wconf 87' lang='lat' dir='ltr'><strong>altera</strong></span> <span class='ocrx_word' id='word_1_374' title='bbox 2603 3785 2699 3848; x_wconf 82' lang='lat' dir='ltr'><strong>est</strong></span> <span class='ocrx_word' id='word_1_375' title='bbox 2745 3787 3072 3852; x_wconf 83' lang='lat' dir='ltr'><strong>efficacior.</strong></span> 
     </span>
    </p>
   </div>
  </div>
 </body>
</html>
