3497 5147
731 347 837 402 116
909 360 1122 401 rnac‘r.
1152 363 1207 403 v.
1233 360 1394 401 sec-r.
1432 360 1524 401 111.
1550 358 1636 399 mn
1669 357 1992 400 camur-rs
2029 356 2416 399 PRADOEPTIS.
2444 357 2642 400 curor
2679 359 2742 400 11.
2769 360 2912 401 nnn.
2953 362 2991 400 1.
3035 345 3190 420 [158]

731 477 942 525 omnes
989 459 1203 524 Iudaei
1250 458 1328 521 ad
1373 456 1556 521 fidem
1625 454 2019 520 convertendi
2087 456 2307 519 essent.
2357 454 2562 519 Multo
2609 473 2753 520 vero
2798 457 3006 521 minus
3052 476 3191 541 gra-

729 563 888 628 viter
903 561 1278 644 peccandum
1294 559 1480 624 foret:
1508 577 1630 641 quo
1656 560 1898 640 spectat
1921 557 2075 621 illud
2093 555 2327 621 Christi
2358 557 2610 622 Domini
2634 558 2865 623 Matth.
2894 559 3030 622 XV.
3052 560 3179 624 26.:

735 664 905 745 Quid
921 664 1179 744 prodest
1205 661 1444 726 homini
1485 663 1546 725 si
1574 660 1877 724 mundum
1912 660 2273 722 universum
2304 658 2583 722 lucretur
2614 663 2738 724 ete.

817 767 972 831 Heic
1032 766 1242 830 autem
1290 765 1412 828 alia
1459 766 1556 828 est
1597 763 1803 838 ratic,
1853 762 2002 844 quia
2047 780 2265 844 nempe
2312 764 2634 844 peccatum
2698 763 2984 846 displicet
3029 764 3178 841 Deo,

728 871 905 934 cuius
952 872 1014 933 et
1062 868 1336 932 amicitia
1382 869 1446 931 et
1490 866 1946 948 beneplacitum
1994 866 2174 928 rebus
2237 864 2523 929 omnibus
2570 867 2793 930 creatis
2842 867 3185 949 praeferen-

728 972 878 1036 dum
928 974 1041 1035 est.

819 1072 882 1138 Si
930 1092 1073 1138 vero
1122 1074 1348 1156 agatur
1395 1071 1468 1134 de
1513 1071 1589 1134 iis
1636 1070 1814 1134 bonis
1862 1069 2309 1152 spiritualibuS,
2345 1069 2422 1133 ad
2469 1089 2628 1151 quae
2662 1072 3031 1154 acquirenda
3063 1092 3181 1137 non

726 1177 1007 1241 tenemur
1053 1194 1124 1238 ex
1170 1177 1513 1257 praeceptO,
1563 1190 1895 1255 possumus
1944 1190 2123 1254 saepe
2195 1172 2450 1237 honeste
2497 1174 2561 1237 et
2606 1174 3005 1239 laudabiliter
3052 1193 3185 1257 pro·

725 1279 876 1344 ximi
921 1277 1153 1341 bonum
1199 1275 1521 1358 spirituale
1567 1274 1891 1356 praeferre.
1955 1273 2052 1337 Ita
2103 1274 2240 1355 quis
2286 1277 2496 1358 potest
2549 1274 2789 1339 differre
2837 1276 3183 1361 ingressum

725 1381 1064 1465 religionis,
1117 1380 1190 1443 ut
1235 1397 1418 1462 opera
1456 1397 1569 1441 sua
1616 1396 1738 1440 non
1786 1375 1943 1440 desit
1994 1397 2049 1440 v.
2082 1397 2175 1460 gr.
2210 1378 2527 1459 paroeciae
2577 1378 2673 1443 vel
2721 1379 3052 1444 seminario
3087 1381 3184 1455 fel

727 1483 988 1548 dioecesi
1019 1483 1115 1546 vel
1163 1480 1442 1545 missioni
1490 1479 1587 1543 vel
1633 1479 2015 1542 conversioni
2065 1479 2437 1560 aliquorum.
2471 1480 2553 1544 Et
2591 1482 2741 1544 tunc
2769 1500 2893 1545 non
2922 1481 3188 1546 habetur

724 1586 926 1669 reipsa
972 1586 1214 1648 lucrum
1261 1601 1537 1657 cessans3
1586 1582 1734 1663 quia
1781 1581 2012 1645 bonum
2059 1581 2263 1645 minus
2310 1581 2536 1646 maiori
2581 1585 3042 1666 compensatur.
3084 1584 3182 1648 Ita

725 1691 834 1773 qui
880 1686 1438 1771 contemplationis,
1474 1686 1865 1760 ieiuniorum,
1901 1684 2069 1748 chori
2119 1686 2233 1748 etc.
2269 1684 2431 1748 bona
2465 1684 2818 1763 dimittunt,
2870 1690 2943 1752 ut
2990 1689 3187 1769 proxi-

726 1817 902 1861 mum
933 1795 1239 1860 erudiant.

817 1899 953 1962 Iino
999 1899 1205 1980 potest
1249 1896 1387 1979 quis
1421 1899 1634 1979 optare
1658 1894 2021 1959 dilationem
2046 1893 2449 1959 beatitudinis
2483 1895 2788 1974 aeternae,
2827 1897 2900 1960 ut
2933 1896 3010 1960 ad
3043 1917 3180 1962 eam

727 1999 1123 2064 obtinendam
1169 1999 1323 2064 alios
1380 1997 1649 2062 adiuvet.
1698 1998 1791 2060 lta
1839 2016 1886 2060 s.
1936 1995 2290 2060 Martinus:
2341 1993 2641 2070 Domine,
2693 1999 2754 2060 si
2794 1997 3028 2079 populo
3078 2005 3184 2062 tuo

721 2101 927 2167 adhuc
948 2122 1089 2165 sum
1119 2100 1525 2174 necessarius,
1550 2119 1677 2162 non
1698 2119 1913 2162 recuso
1940 2097 2231 2162 laborem.
2252 2098 2353 2163 Ita
2371 2118 2419 2163 3.
2453 2099 2688 2164 Ρ3111113
2720 2100 2945 2185 Philip.
2973 2101 3019 2165 Ι.
3050 2103 3181 2166 23.:

733 2228 769 2263 ‹
815 2202 1110 2268 Coarctor
1155 2224 1186 2266 e
1222 2201 1478 2276 duobus‘,
1526 2199 1905 2264 desiderium
1949 2198 2183 2265 habens
2213 2199 2473 2265 dissolvi
2507 2206 2569 2264 et
2594 2222 2726 2266 esse
2757 2222 2896 2267 cum
2937 2202 3187 2268 Christo

722 2307 917 2371 multo
963 2308 1166 2389 mayis
1214 2304 1472 2370 melius:
1483 2324 1858 2385 permanere
1902 2309 2106 2367 autem
2140 2305 2209 2366 in
2241 2324 2428 2367 carne
2473 2307 2893 2369 necessarium
2924 2313 3189 2389 gwopter

725 2430 833 2478 vos
863 2435 924 2474 ι».
975 2412 1074 2475 Ita
1106 2413 1169 2475 et
1199 2410 1271 2475 de
1305 2428 1352 2473 s,
1389 2408 1635 2494 Ignatio
1681 2407 1915 2491 legitur
1946 2408 2008 2471 in
2043 2406 2370 2471 breviario.

814 2513 896 2578 Et
942 2513 1252 2597 quoddam
1298 2511 1621 2597 spirituale
1665 2510 1898 2575 bonum
1946 2509 2263 2593 proprium
2295 2510 2503 2593 potest
2547 2509 2804 2589 dimitti,
2842 2513 2916 2577 ut
2948 2515 3184 2597 tempo·

722 2618 938 2681 raliter
984 2617 1298 2700 proximus
1343 2617 1613 2679 iuvetur.
1665 2613 1764 2676 Ita
1794 2612 2193 2678 laudabiliter
2222 2612 2676 2679 intermittetur
2722 2616 3070 2697 psalmodia
3110 2617 3184 2682 ad

720 2720 1000 2784 infirmos
1046 2718 1366 2783 curandos.
1416 2717 1557 2781 Huc
1601 2716 1862 2798 spectat,
1911 2715 2075 2797 quod
2124 2714 2361 2779 differre
2406 2716 2605 2799 possit
2653 2718 2791 2799 quis
2830 2718 3180 2803 ingressum

722 2822 1059 2906 religionis,
1109 2824 1183 2886 ut
1227 2820 1602 2905 indigentiae
1650 2820 1979 2902 parentum
2027 2820 2139 2881 aut
2179 2817 2531 2882 educationi
2578 2820 3177 2904 consanguineorum

720 2924 1090 3009 prospiciat:
1141 2945 1191 2987 3.
1237 2924 1423 3007 Alph.
1471 2923 1578 2986 lib.
1621 2924 1680 2985 2.
1717 2942 1776 2985 n.
1814 2923 1919 2985 26.
1960 2920 2095 2984 Hac
2142 2920 2275 3002 ipsa
2324 2918 2397 2985 de
2444 2940 2632 2985 causa
2681 2922 2940 2988 subinde
2988 2924 3180 2988 teneri

721 3031 930 3113 potest
953 3028 1091 3111 quis
1123 3027 1362 3090 differre
1393 3026 1744 3108 ingressum
1776 3024 2111 3107 religionis,
2150 3023 2393 3087 etiamsi
2429 3026 2575 3089 voto
2610 3024 2687 3089 ad
2718 3025 2779 3089 id
2821 3045 2883 3090 se
2918 3026 3189 3092 obstrin-

723 3133 900 3206 xerit,
943 3132 994 3194 si
1043 3129 1327 3193 videlicet
1372 3128 1655 3210 parentes
1689 3127 1919 3190 auxilio
1968 3126 2098 3188 eius
2131 3125 2467 3210 indigeant.

813 3232 1019 3296 Multo
1053 3250 1195 3296 vero
1225 3230 1430 3315 magis
1460 3228 1859 3292 laudabiliter
1891 3232 1953 3291 et
1984 3228 2237 3293 honeste
2263 3247 2593 3311 possumus
2623 3232 2993 3315 temporalia
3026 3233 3188 3299 bona

720 3334 1052 3420 negligere,
1093 3335 1165 3397 ut
1204 3352 1275 3398 ea
1323 3331 1462 3395 aliis
1511 3330 1819 3395 obveniat.
1855 3328 1953 3394 Sic
1985 3349 2314 3413 possumus
2361 3331 2745 3411 beneficium,
2783 3334 3177 3419 dignitatem,

720 3438 1095 3521 pensionem,
1129 3436 1228 3500 ius
1260 3434 1562 3512 abdicare,
1604 3434 1677 3497 ut
1714 3432 1865 3497 haec
1899 3434 2059 3497 alius
2097 3437 2533 3516 consequatur.
3260 3517 3265 3525 ι

816 3535 968 3609 158.
1009 3538 1151 3603 Huc
1174 3537 1414 3620 spectat
1433 3535 1713 3618 quaestio
1750 3554 1827 3600 an
1859 3536 1999 3618 quis
2030 3536 2269 3601 ratione
2302 3536 2585 3602 caritatis
2610 3537 2780 3603 licite
2819 3558 2883 3603 se
2915 3544 3183 3624 exponat

721 3643 992 3725 periculo
1025 3640 1337 3725 peccandi.

828 3744 1125 3808 Generale
1157 3746 1250 3807 est
1280 3743 1669 3826 principium,
1703 3761 1827 3806 non
1866 3741 2075 3806 adesse
2109 3742 2551 3827 obligationem
2584 3744 2823 3807 vitandi
2874 3746 3176 3811 eiusmodi

724 3846 1084 3929 periculum,
1133 3846 1377 3927 quando
1425 3847 1591 3910 iusta
1638 3863 1828 3909 causa
1874 3845 2157 3927 postulat
2188 3846 2261 3908 ut
2308 3846 2372 3908 te
2404 3862 2671 3927 exponas
2711 3849 2774 3911 et
2810 3847 3027 3931 lapsus
3061 3868 3180 3913 non

726 3950 982 4030 apparet
1027 3947 1481 4029 quodammodo
1528 3967 1637 4012 seu
1684 3947 2007 4011 moraliter
2041 3949 2266 4009 certus

814 4049 950 4113 Hac
987 4050 1059 4114 de
1092 4069 1278 4114 causa
1301 4050 1470 4114 licite
1508 4050 1805 4134 leguntur
1835 4050 1899 4111 et
1929 4048 2283 4110 tracta-ntur
2311 4050 2611 4115 materiae
2649 4053 3027 4135 periculosae
3054 4056 3189 4120 sive

721 4157 798 4222 ab
830 4156 906 4220 iis
939 4156 1047 4237 qui
1078 4174 1292 4220 curare
1324 4156 1548 4220 debent
1595 4154 1853 4228 animae,
1884 4151 1978 4214 uti
2026 4151 2445 4227 ecclesiastici,
2485 4156 2614 4220 sive
2662 4158 2770 4239 qui
2801 4158 3025 4224 debent
3057 4179 3183 4225 cor-

720 4259 971 4342 poribus
1009 4258 1256 4335 mederi,
1292 4260 1365 4322 ut
1401 4258 1507 4339 qui
1541 4256 1795 4319 student
1824 4253 2162 4317 medicinae
2198 4257 2262 4319 et
2293 4256 2682 4343 chirurgicae
2720 4263 2861 4325 arti.

807 4361 1039 4426 Eadem
1070 4363 1143 4427 de
1174 4380 1362 4426 causa
1397 4361 1458 4423 et
1487 4359 1656 4421 licite
1688 4356 2032 4439 periculum
2080 4358 2348 4424 subeunt
2397 4361 2463 4424 hi
2485 4362 2735 4443 quidem
2766 4365 2833 4428 in
2867 4365 3179 4431 medendis

722 4463 985 4539 feminiS,
1020 4465 1114 4527 illi
1150 4464 1214 4526 in
1245 4460 1612 4543 excipiendis
1643 4458 2145 4523 confessionibus.

814 4566 1001 4629 Ratio
1049 4566 1169 4639 θεῖς
1205 4564 1352 4645 quia
1399 4562 1507 4627 ubi
1537 4560 1871 4626 necessitas
1907 4566 2017 4627 aut
2049 4563 2215 4628 iusta
2246 4583 2435 4631 causa
2468 4569 2769 4650 postulat,
2805 4588 2926 4635 non
2952 4574 3183 4637 temere
