3497 5147
381 362 570 439 [1218]
836 375 1048 415 1111101.
1078 375 1180 415 vn.
1208 374 1369 414 sacr.
1398 376 1476 417 iv.
1504 376 1587 416 Dm
1614 378 1932 420 manorum
1959 377 2401 421 Pnornm'rrons:
2733 366 2838 420 891

477 471 662 543 1216.
701 471 792 537 Ut
821 472 946 535 iam
977 471 1311 550 innuimuS,
1361 472 1457 536 lex
1487 472 1797 540 Ecclesiae
1828 477 2157 559 prohibens
2204 476 2550 555 lectionem,
2594 475 2845 559 impres-

389 578 626 642 sionem
664 577 728 640 et
759 575 1091 640 editionem
1129 574 1432 639 librorum
1470 576 1799 656 malorum,
1842 580 2084 665 obligat
2115 579 2345 663 duplici
2376 578 2528 657 iure,
2569 579 2844 643 naturali

388 680 622 744 scilicet
660 680 722 743 et
746 677 1179 743 ecclesiastico.
1216 677 1322 741 Ius
1347 678 1507 741 enim
1536 681 1821 746 naturale
1852 684 2170 766 praecipit,
2212 684 2287 747 ut
2311 682 2733 746 abstineamus
2766 682 2845 746 ab

386 784 483 861 iis,
519 801 677 864 quae
714 780 823 844 fini
854 780 1274 863 consequendo
1313 781 1593 846 obstant:
1628 782 1936 849 Ecclesiae
1970 786 2181 850 autem
2212 786 2606 869 praeceptum
2639 784 2848 866 prohi-

387 887 534 951 bens
567 884 862 968 supponit
883 883 1194 948 malitiam
1226 883 1314 947 rei
1346 883 1494 949 licet
1524 905 1646 950 non
1686 888 1972 952 omnibus
2004 888 2297 970 perviam.
2327 888 2567 952 Poenae
2602 886 2848 952 additae

388 1007 497 1054 seu
527 1005 818 1053 censurae
854 986 1007 1051 imis
1040 988 1186 1051 sunt
1218 987 1648 1066 ecclesiastici:
1682 991 1758 1054 ut
1787 992 1980 1073 patet.

480 1092 616 1157 Hoc
639 1092 847 1155 tamen
873 1090 968 1154 est
991 1089 1315 1155 discrimen
1350 1089 1512 1155 inter
1534 1093 1798 1156 naturae
1829 1094 1893 1157 et
1916 1092 2225 1157 Ecclesiae
2253 1092 2474 1176 legem,
2502 1093 2666 1176 quod
2692 1116 2725 1151 α
2752 1092 2849 1157 1113

391 1194 676 1260 naturale
723 1192 1006 1276 prohibet
1037 1194 1287 1275 propter
1332 1192 1695 1276 periculum,
1728 1195 1828 1260 ius
1863 1195 2344 1260 ecclesiasticum
2377 1197 2628 1277 propter
2676 1213 2852 1278 prae-

393 1298 810 1381 sumptionem
855 1295 1139 1379 periculi:
1178 1295 1313 1361 ideo
1359 1296 1469 1360 illo
1520 1298 1805 1363 omnibus
1843 1299 2018 1363 libris
2052 1298 2468 1383 prohibemur,
2509 1316 2579 1362 ex
2626 1298 2852 1380 quibus

390 1400 621 1487 legenti
646 1399 989 1484 periculum
1013 1399 1316 1477 imminet,
1344 1400 1463 1465 etsi
1494 1420 1673 1466 nemo
1701 1421 1805 1467 eos
1830 1401 2282 1486 proscripserit:
2316 1402 2433 1466 hoc
2455 1401 2553 1465 1113
2579 1401 2848 1477 1311111111,

391 1523 546 1586 quos
577 1503 851 1568 Ecclesia
896 1502 1276 1585 proscripsit,
1326 1503 1443 1567 etsi
1490 1503 1735 1568 nullum
1784 1506 2030 1569 omnino
2081 1504 2314 1589 legenti
2349 1503 2668 1567 imniineat
2698 1503 2854 1586 peri-

394 1606 603 1671 culum
636 1629 705 1670 »z
754 1606 846 1670 ita
893 1603 1073 1669 Card.
1125 1604 1491 1670 d'Annibale
1537 1606 1601 1669 in
1657 1605 1896 1672 Comm.
1964 1607 2175 1672 Gon-st.
2226 1605 2624 1687 Apostolicae
2672 1604 2855 1669 Sedis

396 1728 691 1774 excomm.
721 1711 780 1771 2.
815 1708 990 1773 seriei
1032 1709 1146 1772 1⁸0.

484 1812 647 1876 Hinc
678 1811 947 1876 Ecclesia
973 1811 1341 1895 singillatim
1369 1811 1760 1893 determinat,
1795 1814 2049 1896 quinam
2081 1813 2209 1878 sint
2237 1813 2402 1891 libri,
2436 1830 2700 1895 quorum
2733 1831 2856 1876 me-

396 1915 519 1979 rito
552 1914 971 1997 praesumitur
1000 1915 1341 1997 perieulum
1376 1918 1563 1998 atque
1595 1916 1711 1980 hoc
1748 1917 2097 1999 prohibens,
2139 1916 2583 2002 obligationem
2622 1916 2854 1980 certam

396 2017 548 2082 facit
580 2015 927 2082 abstinendi
959 2015 1037 2080 ab
1067 2016 1237 2099 111313.

488 2114 673 2189 1217.
702 2118 955 2183 Dictum
982 2120 1095 2195 est,
1123 2117 1590 2185 fundamentum
1625 2121 1781 2207 legis
1806 2122 2113 2188 Ecclesiae
2138 2142 2268 2188 esse
2293 2121 2854 2206 praesumptionem

395 2224 669 2309 periculi,
725 2222 824 2287 cui
872 2222 1079 2286 fideles
1126 2224 1457 2288 universim
1497 2246 1602 2308 per
1646 2227 2004 2293 huiusmodi
2050 2228 2377 2293 lectionem
2426 2226 2854 2291 obiicerentur.

397 2329 567 2393 Haec
600 2329 807 2392 autem
843 2326 1263 2411 praesumptio
1310 2326 1373 2390 in
1412 2327 1691 2411 pluribus
1723 2330 2112 2416 singillatim,
2147 2331 2253 2412 qui
2287 2330 2452 2395 docti
2484 2330 2611 2395 sint
2647 2332 2710 2394 et
2748 2330 2855 2412 pii,

398 2451 633 2498 cessare
672 2430 906 2514 potest:
936 2428 1194 2512 ideoque
1224 2429 1397 2494 locus
1431 2432 1525 2494 est
1557 2433 1915 2513 exceptioni,
1950 2453 2058 2498 seu
2093 2433 2396 2511 facultati,
2432 2452 2588 2515 quae
2612 2432 2724 2496 fiat
2752 2432 2860 2495 ali-

402 2538 648 2620 quibuS,
698 2533 940 2620 legendi
983 2534 1175 2599 libros
1208 2534 1572 2617 prohibitos
1613 2535 1774 2615 Quia
1821 2535 2026 2600 tamen
2060 2555 2238 2603 nemo
2279 2536 2534 2603 idoneus
2567 2534 2746 2600 iudex
2792 2535 2857 2599 in

400 2660 587 2704 causa
612 2639 859 2722 propria
885 2639 947 2702 et
971 2638 1249 2703 homines
1276 2639 1453 2703 facile
1470 2639 1933 2704 hallucinantur
1957 2660 2150 2723 neque
2176 2641 2586 2725 experimento
2612 2639 2860 2723 proprio

402 2742 633 2808 discere
667 2743 970 2820 convenit,
1013 2761 1090 2806 an
1125 2742 1349 2824 aliquis
1385 2742 1540 2807 liber
1573 2744 1634 2807 in
1668 2744 2030 2828 particulari
2061 2749 2298 2824 noceat,
2331 2745 2552 2810 merito
2587 2743 2859 2808 Ecclesia

403 2847 605 2930 legem
632 2844 1055 2928 prohibentem
1083 2844 1159 2908 ad
1187 2863 1395 2910 omnes
1414 2846 1703 2922 extendit,
1725 2846 1844 2911 sibi
1867 2847 2166 2911 facultate
2189 2851 2430 2913 retenta
2464 2846 2857 2932 permittendi

401 2949 729 3014 lectionem
764 2947 857 3025 iis,
899 2946 1072 3029 queis
1104 2946 1239 3030 ipsa
1278 2947 1724 3013 concedendam
1762 2951 2052 3014 censeret.

492 3053 624 3116 Iam
653 3069 796 3116 vero
823 3070 963 3116 cum
997 3050 1267 3115 Ecclesia
1298 3052 1361 3116 in
1393 3052 1567 3134 praxi
1598 3052 1766 3117 haud
1801 3072 1980 3138 aegre
2013 3053 2307 3118 concedat
2337 3053 2646 3118 malorum
2676 3052 2861 3117 libro-

402 3176 543 3221 rum
577 3154 900 3219 lectionem
926 3153 1022 3233 iis,
1059 3155 1302 3237 quibus,
1331 3156 1571 3220 attenta
1604 3175 1820 3220 eorum
1853 3154 2133 3221 doctrina
2171 3158 2233 3219 et
2271 3155 2503 3237 pietate
2521 3154 2862 3238 praesumit

404 3259 577 3322 illam
618 3277 735 3322 non
774 3257 904 3322 fore
936 3258 1376 3340 perniciosam:
1413 3260 1661 3323 effectus
1693 3260 1880 3323 huius
1926 3259 2084 3343 legis
2117 3256 2496 3340 prohibentis
2529 3256 2580 3320 13
2614 3257 2860 3321 tandem

406 3362 518 3438 est,
568 3360 644 3424 ut
690 3360 1053 3422 avertantur
1085 3379 1121 3422 a
1166 3361 1428 3424 lectione
1473 3361 1775 3424 librorum
1807 3361 2116 3425 malorum
2151 3361 2193 3422 ii
2232 3361 2499 3434 tantum,
2534 3360 2758 3439 quibus
2782 3361 2864 3424 le-

407 3463 530 3528 ctio
564 3462 725 3526 esset
749 3461 1064 3524 nocitura:
1099 3462 1262 3542 quod
1295 3481 1484 3543 quam
1516 3463 1930 3527 iustissimum
1963 3466 2025 3527 et
2051 3462 2510 3527 sanctissimum
2544 3461 2646 3538 sit,
2683 3482 2860 3528 nemo

407 3582 525 3629 non
558 3563 745 3627 videt.

495 3667 591 3731 An
614 3685 757 3731 vero
790 3665 886 3731 lex
921 3666 1042 3731 ista
1067 3664 1375 3731 Ecclesiae
1407 3669 1601 3732 cesset
1627 3668 1685 3730 in
1720 3667 2084 3751 particulari
2117 3688 2224 3751 pro
2251 3687 2342 3745 eo,
2377 3667 2484 3750 qui
2517 3666 2683 3730 certo
2723 3666 2864 3730 nul-

409 3768 531 3834 lius
567 3770 905 3852 periculum
931 3769 1137 3833 damni
1165 3768 1486 3855 subiturus
1511 3771 1596 3834 sit
1633 3790 1702 3834 ex
1735 3772 2016 3848 lectione,
2052 3773 2125 3835 ut
2153 3771 2377 3835 idcirco
2413 3770 2642 3850 absque
2667 3769 2863 3850 petita

410 3874 589 3938 venia
647 3873 849 3957 legere
896 3872 1144 3954 impune
1198 3873 1423 3956 possit:
1487 3876 1676 3956 negat
1729 3871 1909 3938 Card.
1959 3875 2016 3938 d’
2037 3873 2338 3938 Annibale
2399 3872 2599 3937 verbis
2654 3870 2865 3935 citatis

408 3997 464 4041 11.
514 3977 705 4040 1216.
742 3975 804 4039 31
842 3974 916 4038 cf.
952 3975 1117 4040 dicta
1155 3977 1232 4040 tr.
1270 3974 1342 4039 de
1374 3975 1652 4058 Leffl'bus
1684 3997 1742 4040 n.
1786 3977 1936 4041 463.

498 4074 682 4149 1218.
711 4076 875 4142 Illud
914 4079 1075 4141 certe
1100 4079 1448 4156 tenendum,
1483 4080 1666 4161 quod,
1694 4079 1852 4145 libro
1887 4081 2218 4164 prohibite,
2253 4098 2374 4145 non
2409 4076 2705 4143 censenda
2731 4095 2866 4160 pro·

404 4182 602 4246 hibita
638 4185 886 4247 tantum
919 4200 990 4245 ca
1022 4198 1185 4263 pars,
1219 4200 1375 4262 quae
1416 4185 1797 4248 occasionem
1847 4184 2014 4248 dedit
2061 4181 2482 4267 prohibitioni,
2532 4181 2636 4246 sed
2685 4183 2861 4246 totus

401 4287 558 4350 liber
591 4284 907 4350 habendus
941 4285 1036 4349 est
1067 4282 1449 4367 prohibitus:
1486 4287 1601 4351 etsi
1628 4307 1770 4352 cum
1795 4287 2170 4352 limitatione
2204 4286 2636 4370 prohibeatur:
2673 4285 2863 4348 donec

402 4389 776 4470 corriyatur.
813 4387 1102 4468 Quandiu
1135 4405 1282 4450 sane
1320 4391 1635 4467 correctiO,
1677 4411 1835 4473 quae
1867 4391 2129 4474 probata
2161 4391 2245 4455 sit
2277 4409 2326 4455 3.
2353 4388 2859 4473 Congregationi,

402 4492 571 4557 facta
618 4512 739 4557 non
787 4491 993 4570 fuerit,
1031 4493 1205 4557 totus
1253 4489 1409 4554 liber
1449 4493 1563 4556 sub
1610 4494 1938 4560 interdicto
1987 4495 2214 4558 manet.
2251 4493 2438 4558 Ratio
2477 4492 2541 4555 in
2590 4490 2868 4573 quolibet
