3497 5147
728 348 836 403 368
918 364 1129 404 TRAc'r.
1163 364 1242 403 vl.
1269 363 1432 405 snc'r.
1461 366 1499 405 1.
1526 365 1611 404 nn:
1636 365 1829 406 Pnfflo
1854 364 2070 406 Pnanc.
2098 365 2430 407 Dncanoer.
2456 367 2590 408 car.
2618 368 2684 408 11.
2709 368 2852 409 nun.
2879 367 2972 409 111.
3044 352 3190 428 [483]

728 459 833 524 sed
864 460 999 524 heic
1028 461 1346 543 loquimur
1392 462 1465 526 de
1496 463 1707 545 poenis
1739 463 1892 526 iuris
1940 464 2074 546 ipso
2106 462 2273 528 facto
2320 464 2722 529 incurrendis.
2753 464 2868 528 Est
2913 464 3193 529 doctrina

727 563 1091 628 communis.
1128 562 1506 648 Schmalzgr.
1549 565 1654 628 lib.
1692 565 1885 629 5.111.
1918 565 1980 629 4.
2014 565 2163 630 ibid.
2197 586 2258 629 n.
2295 566 2444 629 245.

818 667 1004 732 Ratio
1023 669 1137 744 est,
1165 668 1313 749 quia
1350 687 1431 732 ss.
1465 666 1766 745 CanoneS,
1800 668 1908 750 qui
1939 687 2166 752 poenas
2199 669 2593 733 constituunt
2615 667 3194 745 simoniaciS,utun-

725 770 830 834 tur
860 770 1085 850 verbiS,
1122 789 1228 853 per
1259 790 1418 852 quae
1450 770 1827 834 denotantur
1857 790 1979 836 non
2027 790 2219 854 purae
2252 769 2708 846 conventiones,
2743 769 2849 834 sed
2888 771 3067 835 actus
3113 771 3189 834 ab

722 873 875 955 ipsis
906 872 1321 956 procedenteS,
1356 873 1453 938 uti
1492 875 1639 938 sunt
1670 874 1841 938 datio
1892 893 1962 938 ac
2009 874 2276 957 receptio
2324 872 2528 957 pretii,
2572 872 2901 948 ordinatio,
2949 873 3186 950 electiO,

723 974 1113 1039 confirmatio
1177 975 1315 1051 010..
1356 977 1545 1058 prout
1589 977 1840 1040 constat
1885 995 1956 1040 ex
2001 976 2275 1041 textibus
2331 975 2565 1058 passim
2625 975 2845 1038 obviis.
2891 975 3188 1039 Poenales

721 1077 920 1161 igitur
950 1096 1165 1142 eorum
1202 1078 1634 1160 dispositiones
1681 1097 1802 1142 non
1835 1078 2059 1143 debent
2090 1078 2335 1143 extendi
2367 1078 2444 1142 ad
2476 1077 2827 1154 simoniam,
2862 1096 3020 1159 quae
3065 1096 3185 1142 non

722 1178 912 1241 habet
948 1179 1339 1243 coniunctam
1390 1180 1705 1244 dationem
1753 1201 1863 1246 seu
1909 1182 2322 1265 receptionem
2369 1182 2459 1245 rei
2496 1181 2860 1264 temporalis
2906 1200 3017 1264 pro
3064 1181 3184 1264 spi-

721 1280 959 1357 rituali,
1000 1282 1097 1345 uti
1127 1281 1250 1346 fert
1279 1282 1434 1347 trita
1471 1284 1689 1368 regula
1719 1285 1874 1348 iuris
1917 1285 2019 1348 15.
2052 1285 2117 1349 in
2152 1285 2269 1348 6⁰.:
2318 1309 2355 1343 (
2400 1284 2556 1348 Odia
2600 1284 2914 1369 restringi,
2946 1284 3184 1348 favores

722 1384 1010 1448 convenit
1044 1385 1332 1468 ampliari
1370 1408 1440 1450 »ε
1483 1389 1545 1450 01
1575 1388 1796 1471 regula
1818 1389 1956 1450 49.:
1999 1413 2033 1446 «
2068 1388 2139 1451 In
2165 1388 2377 1470 poenis
2402 1388 2725 1471 benignior
2755 1387 3182 1469 interpretatio

722 1486 818 1549 ost
848 1485 1126 1550 facienda
1158 1512 1219 1551 ».

812 1586 1133 1671 Excipitur
1164 1591 1375 1655 tamen
1422 1611 1565 1655 cum
1612 1591 1909 1675 Faguano
1955 1592 2018 1656 in
2058 1612 2191 1675 cap.
2239 1591 2446 1656 Nobis
2482 1593 2542 1656 h.
2577 1592 2679 1656 tit.
2727 1592 2836 1656 lib.
2889 1592 2951 1655 5.
2984 1612 3044 1656 11.
3081 1592 3180 1656 13.

722 1691 988 1756 simonia
1019 1693 1507 1757 conventionalis
1555 1693 1619 1756 in
1659 1694 1956 1759 electione
1988 1693 2228 1759 Summi
2261 1694 2602 1759 Pontificis.
2636 1693 2801 1758 Nam
2838 1714 2914 1758 ex
2944 1694 3181 1759 ratione

720 1793 992 1875 speciali,
1027 1795 1101 1858 ut
1138 1813 1209 1859 eo
1246 1795 1522 1858 sanctius
1554 1795 1706 1859 haec
1736 1796 2167 1872 celebraretur,
2207 1796 2407 1860 Iulius
2436 1797 2520 1860 ΙΙ.
2560 1794 2827 1861 Constit.
2870 1794 3029 1859 Cum
3060 1800 3182 1860 tam

722 1894 933 1956 divino
981 1913 1208 1976 poenas
1255 1897 1485 1959 statuit
1529 1897 1593 1959 in
1656 1896 1865 1960 dando
1919 1899 2016 1962 vel
2063 1915 2495 1962 PROMITTENDO
2539 1897 2639 1962 vel
2683 1897 3037 1977 recipiendo
3081 1917 3183 1981 pe-

721 2014 989 2058 cumam.

810 2096 970 2159 Item
1016 2115 1138 2161 non
1174 2098 1577 2163 incurrantur
1608 2119 1839 2183 poenae
1862 2122 1969 2184 per
1999 2103 2330 2166 simoniam
2360 2102 2894 2168 conventionalem
2924 2103 3181 2166 mixtam

722 2199 968 2281 quando
1015 2200 1304 2265 videlicet
1333 2202 1591 2268 traditio
1624 2203 1900 2283 nondum
1929 2206 2136 2270 locum
2169 2205 2395 2270 habuit
2428 2224 2499 2269 ex
2545 2207 2812 2287 utraque
2849 2207 3046 2288 parte,
3076 2203 3181 2269 sed

722 2301 925 2365 solum
958 2321 1030 2366 ex
1063 2303 1384 2368 alterutra.

810 2403 893 2466 Et
914 2405 1163 2485 quidem
1187 2409 1532 2472 communis
1557 2411 1653 2474 est
1674 2408 1977 2485 doctrina,
2011 2410 2192 2473 hasce
2229 2426 2457 2491 poenas
2493 2427 2615 2472 non
2644 2409 2899 2484 incurri,
2938 2408 3181 2490 quando

718 2505 886 2571 facta
917 2509 1103 2591 pretii
1133 2509 1489 2588 traditione,
1527 2512 1801 2576 nondum
1851 2513 1946 2576 est
1991 2511 2228 2577 tradita
2272 2530 2369 2577 res
2406 2510 2773 2596 spiritualis.
2811 2511 2896 2576 Et
2930 2512 3065 2577 DD.
3098 2511 3184 2577 af-

715 2610 924 2677 ferunt
959 2614 1295 2689 rationem;
1331 2614 1477 2695 quia
1512 2614 1707 2679 solius
1755 2615 1939 2697 pretii
1976 2614 2313 2680 traditione
2359 2614 2636 2680 nondum
2673 2614 3002 2697 spirituale
3047 2633 3185 2679 con-

717 2714 1057 2779 trectatum
1095 2716 1190 2779 est
1219 2716 1640 2781 irreverenter.

807 2816 948 2881 Non
978 2817 1142 2881 idem
1180 2818 1300 2881 dici
1338 2838 1535 2901 posse,
1586 2819 1841 2901 quidam
1890 2821 2245 2895 autumant,
2295 2819 2540 2901 quando
2578 2819 2746 2883 facta
2792 2820 2879 2884 sit
2923 2820 3180 2885 traditio

715 2919 805 2983 rei
836 2921 1214 3004 spiritualis;
1255 2921 1369 2985 has
1401 2922 1565 2986 enim
1602 2941 1832 3005 poenas
1864 2922 2095 2988 incurri
2127 2921 2382 3003 quidam
2421 2922 2557 2985 DD.
2597 2922 2866 2999 censent,
2913 2923 3181 2987 maxime

716 3026 967 3107 propter
1012 3026 1221 3087 textus
1254 3025 1427 3099 iuris,
1477 3025 1541 3088 in
1599 3026 1825 3106 quibus
1872 3025 2221 3089 decernitur
2255 3042 2453 3106 poena
2498 3024 2716 3088 contra
2763 3023 3182 3088 ordinationes

717 3128 830 3191 aut
875 3128 1204 3191 electiones
1236 3127 1453 3201 factas,
1480 3129 1758 3207 pecunia
1781 3128 1950 3204 data,
1975 3128 2075 3191 vel
2092 3128 2431 3207 promissa.
2466 3126 2609 3191 Vid.
2643 3124 2951 3192 SchmaIZ.
2983 3127 3086 3192 lib.
3112 3130 3175 3191 5.

713 3230 813 3292 tit.
850 3230 910 3292 3.
945 3249 1004 3292 n.
1041 3228 1190 3293 247.

804 3330 1041 3394 Verum
1065 3330 1174 3394 alii
1197 3331 1404 3414 plures
1436 3335 1687 3417 negant,
1716 3334 1906 3397 etiam
1931 3332 2048 3396 1100
2078 3351 2227 3397 casu
2252 3350 2480 3415 poenas
2503 3331 2648 3395 illas
2671 3331 2907 3396 incurri
2938 3334 3002 3396 et
3024 3334 3178 3397 hanc

712 3432 1060 3498 doctrinam
1099 3435 1513 3499 communiter
1558 3436 1870 3517 receptam
1922 3435 2198 3499 testatur
2245 3434 2650 3498 Reiffenstuel
2693 3433 2802 3497 lib.
2855 3435 2917 3498 5.
2966 3435 3066 3498 111.
3115 3434 3174 3498 3.

710 3560 771 3603 11.
813 3538 994 3613 239.;
1035 3537 1142 3618 qui
1190 3539 1507 3619 praeterea
1534 3537 1807 3602 ostendit
1851 3537 1999 3601 ibid.
2033 3558 2135 3600 nn.
2175 3537 2323 3600 240.
2361 3535 2534 3612 243.,
2569 3537 2778 3600 textus
2809 3536 2967 3601 iuris
3015 3537 3177 3601 obie-

712 3643 845 3706 ctos
881 3661 1003 3707 non
1030 3660 1163 3707 esse
1209 3640 1485 3705 efficaces
1524 3639 1601 3704 ad
1639 3641 2021 3705 contrarium
2071 3638 2474 3703 suadendum.
2506 3638 2590 3702 Et
2624 3638 2839 3715 miror,
2874 3637 3176 3703 Schmalz·

711 3744 974 3827 grueber
1003 3744 1110 3806 lib.
1149 3743 1209 3806 5.
1249 3743 1351 3807 111.
1387 3743 1447 3806 3.
1475 3763 1577 3807 1111.
1615 3743 1765 3806 247.
1804 3743 1952 3806 249.
2004 3743 2111 3823 qui
2159 3742 2375 3825 postea
2410 3740 2678 3823 scripsit,
2712 3758 2835 3805 non
2883 3742 3040 3805 satis
3085 3760 3176 3805 ao-

710 3846 923 3908 curate
947 3845 1294 3909 exhibuisse
1333 3846 1445 3909 aut
1479 3845 1754 3910 innuisse
1783 3844 2209 3927 responsiones
2239 3842 2661 3906 Reiffenstuel.

800 3947 964 4011 Hinc
1018 3948 1131 4022 est,
1166 3947 1330 4028 quod
1377 3948 1536 4013 hanc
1580 3949 1954 4012 sententiam
2001 3947 2064 4011 in
2111 3947 2286 4029 praxi
2333 3947 2540 4010 tutam
2586 3944 2908 4010 fateantur
2953 3949 3017 4011 et
3061 3947 3173 4023 illi,

711 4052 820 4133 qui
852 4050 1204 4134 oppositam
1242 4051 1463 4114 volunt
1495 4070 1624 4115 esse
1661 4051 2160 4133 probabiliorem.
2186 4048 2327 4113 Vid.
2369 4047 2748 4133 Schmalzgr.
2773 4048 2881 4113 lib.
2903 4051 2964 4114 5.
2984 4051 3087 4114 tit.
3113 4051 3174 4113 3.

707 4175 768 4218 n.
811 4154 961 4217 248.
1265 4149 1271 4161 “

796 4252 978 4326 483.
1011 4256 1218 4320 Multo
1258 4275 1403 4321 vero
1427 4256 1634 4320 minus
1665 4250 2070 4321 incurruntur
2101 4272 2332 4337 poenae
2364 4253 2444 4318 ob
2474 4252 2804 4317 simoniam
2835 4252 3072 4328 fictam,
3106 4255 3184 4319 ut

708 4358 1066 4442 contingere
1095 4359 1362 4423 maxime
1393 4360 1603 4441 posset
1625 4360 1688 4423 in
1713 4356 2165 4437 confidentiali.

797 4461 974 4525 Ficta
1008 4461 1236 4527 dicitur
1280 4460 1563 4537 simonia,
1613 4460 1859 4542 quando
1897 4461 2165 4525 exterius
2203 4459 2276 4524 fit
2322 4458 2647 4542 promissio
2679 4457 2768 4523 rei
2814 4459 3187 4541 temporalis

708 4583 817 4648 pro
866 4564 1198 4646 spirituali,
1250 4566 1362 4627 aut
1400 4562 1744 4644 spiritualis
1793 4581 1903 4645 pro
1960 4583 2025 4627 re
2081 4562 2429 4644 temporali,
2480 4562 2609 4627 sine
2673 4560 3022 4626 intentione
3069 4562 3191 4627 im-
