3497 5147
728 329 835 384 518
871 343 1082 385 rnac‘r.
1107 345 1185 385 vr.
1207 343 1369 384 sacr.
1390 344 1457 384 11.
1483 343 1568 383 nm
1591 341 1871 384 amomum
1896 340 2114 382 Priamo.
2139 339 2477 382 nmcuoar.
2497 341 2632 382 061».
2653 340 2746 381 111.
2769 339 2914 381 nus.
2933 341 3012 381 vr.
3049 327 3168 401 [681]

911 441 979 504 50
1004 439 1302 504 Similiter
1347 440 1401 503 si
1431 439 1706 504 nondum
1730 439 1927 522 nupta
1951 438 2015 502 et
2043 437 2325 520 impubes
2357 437 2568 502 emisit
2597 439 2821 502 votum
2839 437 3167 516 personale,

730 545 829 608 vel
865 543 1074 627 pubes,
1108 543 1312 606 minor
1346 544 1576 619 tamen,
1611 543 1832 606 votum
1865 539 2032 603 reale
2080 539 2312 621 absque
2359 541 2691 623 parentum
2740 558 3038 604 consensu
3082 545 3172 605 aut

731 645 961 709 tutoris
1008 645 1121 708 aut
1165 645 1470 708 curatoris
1515 643 1787 719 licentia,
1822 642 1937 707 sub
1983 660 2250 724 quorum
2297 642 2433 706 erat
2471 642 2784 724 potestate
2836 642 3169 717 constituta,

731 746 963 831 poterit
1008 747 1121 822 vir,
1155 747 1256 811 cui
1287 747 1503 828 postea
1549 745 1765 823 nubat,
1799 764 1870 808 ea
1903 744 2167 823 irritare,
2207 743 2371 808 sieut
2417 743 2707 827 poterant
2758 744 3042 827 parentes
3085 747 3176 808 aut

732 851 974 915 tutores
1021 853 1133 913 aut
1179 850 1522 924 curatores;
1556 848 1705 930 quia
1751 847 2015 911 maritus
2063 845 2336 911 succedit
2370 846 2432 910 in
2480 847 2688 911 locum
2734 847 2932 929 patris
2965 847 3074 910 aut
3099 848 3176 910 tu·

730 953 887 1019 toris
931 951 1331 1027 curatorisve,
1371 951 1445 1014 ut
1505 950 1811 1034 gubernet
1855 949 2110 1013 eandem
2156 949 2549 1014 voluntatem
2623 948 2880 1030 eiusque
2931 948 3174 1012 defectus

729 1054 1019 1137 suppleat
1065 1055 1128 1117 et
1172 1044 1391 1115 votum
1438 1051 1593 1115 illud
1642 1053 1862 1133 utpote
1925 1054 2204 1134 tempore
2250 1050 2656 1115 subiectionis
2704 1051 3020 1127 emissum,
3067 1053 3177 1113 erat

729 1156 996 1241 pendens
1029 1174 1065 1218 a
1113 1155 1436 1219 voluntate
1468 1155 1663 1237 patris
1697 1156 1795 1218 vel
1826 1155 2056 1219 tutoris
2094 1156 2208 1218 aut
2238 1153 2619 1218 succedentis
2656 1153 2720 1217 in
2753 1172 2892 1217 earn
2924 1155 3173 1236 potest-a-

735 1260 883 1323 tem.
924 1256 1144 1321 Sanch.
1177 1257 1326 1321 ibid.

826 1355 978 1429 881.
1023 1357 1423 1423 szsectaria
1457 1358 1712 1441 regulae
1742 1359 2065 1422 secundae.
2102 1357 2349 1422 Scilicet
2384 1359 2451 1421 1ο
2490 1361 2640 1422 vota
2670 1356 2876 1421 realia
2894 1357 3178 1438 puberum

733 1463 950 1544 nequit
993 1463 1170 1544 pater
1214 1462 1478 1536 irritare,
1520 1461 1573 1525 si
1620 1461 1787 1525 filius
1835 1461 1920 1524 sit
1964 1460 2415 1543 emancipatus.
2468 1459 2677 1537 Ratio,
2728 1460 2880 1542 quia
2928 1462 3180 1543 potestas

732 1564 1051 1629 nitebatur
1085 1564 1208 1628 iuri
1255 1563 1811 1628 administrationis
1842 1565 2155 1646 paternae,
2195 1581 2353 1643 quae
2384 1561 2606 1639 cessat,
2642 1562 2891 1644 quando
2924 1563 3091 1628 filius
3122 1562 3184 1626 fit

713 1687 833 1733 ,6111
872 1686 1047 1731 111116.

917 1768 986 1833 2⁰
1029 1769 1170 1834 Non
1216 1770 1424 1851 potest
1470 1770 1662 1844 tutor,
1713 1768 1822 1849 qui
1867 1769 2067 1832 cessat
2113 1767 2191 1831 ab
2239 1767 2465 1845 officio,
2519 1767 2638 1832 nisi
2685 1767 2846 1832 forte
2894 1768 3024 1850 ipse
3065 1787 3180 1851 per—

737 1874 973 1936 severet
1017 1871 1325 1934 curatoris
1373 1870 1559 1935 titulo
1608 1889 1737 1933 esse
1787 1870 2083 1952 superior,
2134 1870 2377 1952 expleta
2435 1869 2788 1953 pubertate.
2841 1867 2936 1933 Cf.
2990 1868 3183 1934 Sanch.

735 1976 780 2039 l.
814 1975 876 2038 4.
916 1995 968 2038 c.
1002 1975 1107 2038 30.
1156 1994 1217 2037 n.
1263 1975 1362 2037 15.

918 2077 989 2138 30
1019 2075 1161 2139 Non
1207 2077 1415 2158 potest
1458 2076 1705 2140 irritare
1752 2077 2025 2154 curator,
2073 2077 2408 2157 postquam
2461 2075 2655 2158 puber
2703 2077 2968 2140 excessit
3011 2076 3188 2140 mino-

736 2181 1025 2255 ritatem3
1076 2178 1224 2260 quia
1269 2179 1470 2242 cessat
1517 2179 1790 2243 officium
1837 2180 1900 2243 et
1948 2179 2146 2243 omnis
2192 2179 2490 2261 potestas.

919 2283 988 2345 4⁰
1034 2280 1175 2345 Non
1222 2283 1429 2364 potest
1472 2282 1738 2346 maritus
1773 2281 2019 2346 irritare
2065 2282 2215 2346 vota
2261 2281 2470 2346 uxoris
2522 2282 2666 2363 post
2727 2279 2970 2345 factum
3016 2282 3195 2346 divor-

738 2385 900 2450 tium
946 2386 1010 2448 et
1051 2383 1319 2448 divortio
1366 2386 1682 2458 manente3
1739 2384 1888 2465 quia
1935 2385 2051 2448 hoc
2098 2384 2361 2449 durante
2408 2386 2505 2448 est
2550 2401 2862 2465 suspensa
2910 2385 3193 2467 potestas.

737 2487 957 2553 Sanch.
990 2485 1231 2550 Moral.
1265 2486 1373 2550 lib.
1422 2488 1483 2548 4.
1520 2505 1653 2568 cap.
1689 2488 1795 2550 30.
1832 2507 1891 2550 n.
1932 2487 2035 2550 18.

918 2592 986 2653 5⁰
1016 2588 1157 2653 Non
1189 2589 1420 2671 poterit
1450 2589 1728 2671 superior
1760 2589 2108 2673 Religionis
2132 2590 2377 2654 irritare
2413 2591 2562 2655 vota
2587 2608 2624 2652 a
2652 2589 2954 2673 religioso
2985 2590 3196 2654 emissa

738 2692 984 2775 quando
1031 2692 1130 2755 hic
1176 2690 1380 2755 factus
1412 2691 1496 2754 sit
1525 2690 1866 2773 Episcopus
1893 2691 1992 2755 vel
2023 2689 2373 2756 Cardinalis
2398 2717 2414 2765 ς
2440 2692 2589 2773 quia
2622 2711 2694 2755 ex
2727 2692 3062 2776 privilegio
3097 2692 3204 2756 exi-

737 2796 937 2861 mitur
968 2815 1003 2857 a
1027 2793 1247 2875 quavis
1273 2793 1661 2875 superiorum
1690 2793 2133 2859 iurisdictione.
2175 2793 2395 2859 Sanch.
2428 2794 2576 2859 ibid.
2610 2815 2670 2858 n.
2706 2795 2813 2858 21.

920 2896 989 2958 6⁰
1018 2896 1145 2960 Nec
1188 2896 1343 2960 item
1374 2898 1522 2959 vota
1566 2896 1863 2977 religiosi,
1904 2896 2014 2976 qui
2045 2896 2406 2962 dimittatur
2439 2896 2750 2980 (intellige
2792 2899 2947 2961 vota
2996 2918 3033 2962 a
3080 2896 3204 2961 reli·

738 3001 916 3086 gioso
940 3000 1005 3063 in
1026 2999 1324 3083 religione
1350 2999 1592 3073 emissa,
1629 2998 1756 3061 alia
1789 2999 1867 3061 ab
1893 2998 2057 3063 votis
2082 2999 2346 3081 propriis
2371 2999 2742 3084 religionis),
2771 2997 2904 3063 sive
2930 3000 3204 3064 eiiciatur

740 3104 985 3168 solutus
1030 3101 1276 3184 penitus
1323 3120 1360 3164 a
1408 3101 1725 3185 religionis
1773 3101 1958 3179 votis,
2000 3101 2073 3165 ut
2118 3100 2193 3164 fit
2223 3121 2366 3166 cum
2411 3102 2808 3168 scholasticis
2858 3104 2924 3167 et
2971 3102 3207 3167 coadiu-

739 3206 981 3271 toribus
1024 3203 1309 3269 formatis
1356 3201 1684 3267 Societatis
1731 3203 1893 3277 Iesu,
1924 3204 2053 3268 sive
2077 3203 2362 3268 eiiciatur
2401 3224 2543 3269 cum
2575 3206 2745 3270 votis
2777 3208 2855 3270 ut
2901 3206 2968 3269 in
3008 3204 3204 3269 seculo

740 3308 934 3384 vivat,
982 3306 1146 3388 quod
1190 3304 1264 3369 fit
1309 3325 1452 3369 cum
1497 3305 1810 3387 professus
1841 3306 2172 3390 religiosus
2204 3306 2546 3372 dimittitur
2583 3309 2698 3373 aut
2738 3309 3015 3374 eiicitur.
3050 3306 3204 3371 Nam

730 3410 805 3475 -in
851 3410 1049 3493 primo
1096 3428 1245 3474 casu
1290 3408 1515 3473 desinit
1561 3427 1815 3490 prorsus
1862 3410 2141 3490 potestas
2188 3409 2543 3492 superioris,
2599 3411 2662 3474 in
2715 3411 2918 3475 altero
2970 3413 3062 3475 est
3115 3426 3209 3469 su·

741 3532 978 3595 spensa,
1017 3512 1135 3576 nisi
1182 3510 1398 3575 eiectio
1448 3510 1532 3574 sit
1577 3510 1833 3575 iniusta.
1865 3508 2134 3575 Sanchez
2182 3511 2329 3575 ibid.
2371 3531 2475 3575 nn.
2510 3511 2760 3576 23.-26.

851 3663 976 3716 LIX.
1005 3664 1051 3713 8.
1080 3658 1359 3726 supradicti
1389 3666 1593 3725 possunt
1618 3672 1855 3712 revocare
1883 3674 1938 3712 66
1977 3659 2164 3713 directe
2203 3658 2400 3713 irritare
2431 3665 2563 3726 vota,
2599 3661 2692 3713 etsi
2731 3666 2883 3715 6611161
2912 3678 2969 3716 66
2999 3661 3211 3715 ratifica-

744 3747 904 3799 verint
914 3761 929 3813 ;
951 3745 1066 3811 quia
1092 3760 1185 3797 non
1213 3743 1468 3811 privarunt
1488 3758 1541 3797 se
1560 3743 1776 3796 dominio
1804 3751 1851 3797 et
1879 3750 2119 3810 potestate
2139 3759 2244 3797 sua.
2272 3747 2335 3797 V.
2361 3748 2501 3799 Suar.
2533 3743 2598 3799 de
2625 3747 2752 3800 Volo
2783 3748 2813 3799 Ι.
2842 3750 2893 3800 6.
2922 3764 2966 3801 c.
2989 3750 3038 3799 6.
3061 3740 3208 3812 Quod

747 3830 789 3883 si
826 3837 984 3882 tamen
1021 3829 1069 3881 id
1095 3828 1199 3881 sine
1223 3843 1367 3881 causa
1397 3831 1495 3892 flat,
1523 3828 1615 3882 erit
1657 3830 1923 3882 secundum
1951 3830 2187 3895 quosdam
2216 3834 2470 3895 peccatum
2509 3833 2732 3892 mortale,
2760 3828 2876 3884 licet
2906 3827 3212 3896 probabilius

743 3913 793 3967 id
831 3919 1004 3977 negent
1042 3914 1178 3965 Suar.
1208 3915 1240 3963 1.
1261 3926 1302 3964 6.
1331 3927 1373 3964 c.
1404 3912 1451 3964 4.
1480 3920 1530 3965 et
1565 3914 1732 3977 Laym.
1765 3912 1858 3967 1116.

836 4018 1007 4092 682.
1044 4020 1337 4101 Quaestio
1386 4024 1498 4097 est,
1550 4022 1797 4103 quando
1846 4023 2125 4105 superior
2170 4023 2435 4107 positive
2481 4024 2922 4107 approbaverit
2953 4028 3017 4089 et
3062 4022 3214 4087 rati·

742 4126 1051 4203 ficaverit3
1092 4144 1239 4189 nam
1286 4124 1339 4187 si
1386 4125 1634 4188 tantum
1682 4125 1963 4207 permisit
2001 4126 2249 4191 subdito
2299 4128 2518 4191 votum
2570 4127 2671 4191 vel
2716 4129 2994 4210 permisit
3043 4143 3208 4190 exse-

742 4231 1072 4301 cutionem,
1138 4226 1311 4291 nulla
1380 4228 1477 4290 est
1523 4228 1827 4307 quaestiO,
1878 4228 2043 4309 quod
2091 4228 2292 4294 valide
2339 4229 2405 4294 et
2449 4228 2619 4293 licite
2689 4232 2951 4294 revocet.
2996 4227 3206 4291 Multo

744 4349 888 4395 vero
934 4330 1157 4413 magia
1209 4329 1261 4392 si
1310 4328 1589 4410 superior
1635 4329 1840 4393 solum
1880 4330 2037 4394 sciat
2083 4332 2146 4394 et
2190 4332 2418 4405 taceat,
2468 4350 2578 4396 seu
2624 4350 2745 4397 non
2798 4331 3108 4414 impediat.

836 4432 935 4494 lta
968 4450 1109 4494 cum
1156 4432 1229 4494 A.
1272 4431 1334 4493 et
1365 4450 1412 4494 s.
1448 4430 1631 4512 Alph.
1658 4452 1717 4494 n.
1756 4433 1904 4496 239.
1941 4432 2131 4496 Porro
2172 4432 2484 4517 distingue
2533 4433 2918 4498 validitatem
2959 4445 3205 4496 revoca-

746 4533 935 4597 tionis
983 4552 1019 4597 a
1056 4533 1347 4596 liceitate.
1389 4531 1566 4609 Quod
1614 4532 1816 4597 valide
1862 4534 1926 4599 id
1973 4534 2227 4611 faciant,
2278 4535 2482 4616 inquit
2528 4554 2577 4599 s,
2626 4535 2810 4618 Alph.
2846 4534 2983 4598 239.
3022 4555 3054 4589 ι
3104 4526 3202 4589 vi·
