3497 5147
650 308 761 363 894
1103 325 1316 366 macr.
1343 325 1447 366 vn.
1473 326 1634 368 sacr.
1662 327 1743 367 1v.
1771 326 1857 365 nn
1881 325 2198 367 mmmmm
2222 322 2664 365 Pnonrm‘rroun
2933 307 3120 382 [1221]

657 418 821 500 quod
866 421 1077 485 tamen
1124 421 1202 485 ab
1250 421 1389 485 aliis
1434 422 1713 486 excusari
1744 422 1837 486 ait
1881 422 2044 486 idem
2076 440 2125 486 s.
2167 422 2442 495 Doctor;
2476 419 2626 501 quia
2663 438 2806 484 cum
2838 418 2995 483 liber
3026 419 3126 483 est

658 521 1039 600 combustus,
1085 542 1209 588 non
1257 524 1524 607 amplius
1571 524 1894 589 retinetur.
1943 525 2150 607 Atque
2197 522 2263 587 id
2309 521 2590 587 concedit
2635 519 2818 585 Card.
2867 520 3124 584 d’Anni-

660 624 796 688 bale
826 625 870 688 1.
906 645 958 690 c.

746 726 1170 794 Veruntamen
1214 730 1377 794 idem
1425 748 1473 794 s.
1508 730 1743 795 Doctor
1772 730 1919 794 ibid.
1952 730 2103 794 haec
2132 729 2358 794 habet:
2400 754 2435 787 «
2468 727 2638 792 Dicit
2675 728 2884 791 tamen
2917 724 3122 803 Croix,

659 830 810 894 bene
858 830 1229 909 satisfacere,
1264 832 1372 914 qui
1417 832 1614 896 tradit
1657 832 1889 896 librum
1934 832 1998 896 in
2036 832 2242 897 locum
2296 830 2775 913 sequestratum,
2810 829 2917 910 qui
2965 828 3126 892 solet

661 932 965 1017 assignari
1010 934 1075 998 in
1120 935 1383 1019 singulis
1428 935 1842 999 monasteriis.
1877 932 2166 998 Ceterum
2213 933 2473 1017 (pergit)
2504 932 2557 995 si
2607 931 2746 1013 quis
2793 931 3125 1013 deponeret

658 1034 891 1098 librum
937 1037 1101 1120 apud
1147 1037 1476 1101 habentem
1521 1037 1839 1101 licentiam
1885 1055 2026 1100 cum
2073 1038 2256 1119 pacto
2305 1051 2588 1118 expresso
2620 1051 2743 1097 non
2789 1032 3125 1114 repetendi,

661 1137 755 1200 ita
801 1138 876 1201 ut
921 1139 1080 1203 alter
1122 1158 1246 1203 non
1292 1140 1577 1203 teneatur
1620 1139 1870 1203 reddere
1921 1138 2043 1203 nisi
2087 1139 2230 1221 post
2276 1137 2786 1221 expurgationem
2839 1134 2938 1199 vel
2985 1135 3132 1217 post

662 1238 981 1302 licentiam
1026 1240 1365 1316 obtentam,
1399 1240 1560 1304 hunc
1605 1260 1734 1303 non
1779 1239 2184 1317 damam-enm
2217 1240 2365 1322 quia
2398 1241 2462 1304 in
2508 1239 2625 1303 hoc
2655 1238 2903 1302 videtur
2948 1236 3128 1301 adae-

666 1342 854 1420 quate
899 1360 1136 1407 cessare
1166 1342 1509 1425 periculum
1538 1341 1784 1426 legendi
1816 1344 1878 1405 et
1909 1344 2088 1407 tanto
2125 1343 2332 1407 minus
2363 1342 2743 1413 damnarem,
2778 1340 2831 1403 si
2864 1339 3125 1404 donaret

665 1442 895 1507 librum
942 1444 1196 1510 habenti
1238 1444 1575 1521 licentiam,
1609 1443 1725 1508 sub
1771 1443 2140 1518 conditione,
2176 1447 2249 1509 ut
2284 1444 2521 1519 reddat,
2566 1442 2621 1507 si
2667 1441 2949 1524 deinceps
2995 1442 3130 1523 ipse

668 1545 983 1610 licentiam
1032 1546 1311 1611 obtineat
1342 1570 1403 1610 ».

762 1645 1018 1712 Censuit
1063 1668 1209 1733 ergo
1258 1668 1306 1713 s.
1340 1649 1594 1725 Doctor,
1641 1648 1842 1733 legem
1892 1649 2172 1713 tradendi
2207 1649 2434 1712 librum
2488 1646 2970 1729 Inquisitoribus
3019 1645 3135 1709 aut

671 1750 995 1816 Ordinatio
1032 1750 1130 1814 vel
1173 1751 1365 1814 talem
1410 1750 1621 1828 fuisse,
1663 1753 1737 1814 ut
1786 1752 2205 1833 aequivalenti
2251 1751 2436 1815 modo
2483 1749 2727 1832 impleri
2776 1750 2986 1832 posset
3033 1748 3132 1811 vel

671 1851 1113 1916 consuetudine
1144 1870 1274 1916 esse
1305 1852 1620 1916 sublatam
1653 1871 1724 1915 ac
1746 1854 2064 1935 praeterea
2088 1853 2533 1936 proprietatem
2556 1852 2702 1915 libri
2731 1870 2853 1915 non
2886 1850 3133 1933 proprie

674 1972 803 2017 esse
834 1954 1231 2036 prohibitam,
1264 1955 1387 2018 nisi
1423 1956 1729 2036 quatenus
1766 1955 1902 2038 ipsa
1934 1975 2076 2020 cum
2107 1956 2490 2038 possessione
2536 1955 2866 2019 coniuncta
2901 1952 2989 2017 sit
3020 1953 3136 2016 aut

674 2075 884 2120 secum
915 2055 1076 2119 ferat
1111 2056 1457 2139 expeditam
1487 2058 1956 2139 possessionem.
2336 2077 2340 2080 ’

766 2156 944 2222 Certe
974 2159 1271 2222 recitatae
1303 2159 1643 2223 sententiae
1676 2180 1723 2223 s,
1761 2161 2069 2237 DoctoriS,
2103 2179 2226 2242 qua
2259 2160 2602 2225 communis
2641 2159 2948 2223 sententia
2980 2160 3136 2222 tem-

677 2261 948 2344 peratur,
983 2262 1313 2326 adhaerere
1341 2262 1593 2345 impune
1628 2263 1796 2327 licet.

770 2359 959 2431 1221.
994 2363 1093 2428 An
1125 2383 1162 2427 a
1194 2365 1444 2447 peccato
1476 2365 1731 2429 mortali
1765 2365 2058 2429 immunis
2092 2367 2205 2442 est,
2233 2366 2340 2447 qui
2370 2364 3017 2448 librumprohibitum
3047 2384 3140 2428 re-

678 2466 854 2539 tinet,
888 2484 1073 2546 quem
1117 2465 1321 2549 legere
1365 2466 1580 2542 nescit,
1616 2467 1805 2530 simul
1835 2485 2057 2531 cavens
2094 2488 2168 2532 ne
2204 2469 2270 2532 in
2303 2468 2588 2532 aliorum-
2617 2467 2828 2531 veniat
2861 2484 3082 2529 manus
3105 2469 3136 2527 P

677 2567 985 2648 Quoniam
1031 2568 1182 2632 haec
1227 2569 1322 2633 est
1352 2589 1496 2634 vera
1533 2570 1798 2634 retentio
1846 2571 1910 2634 et
1956 2589 2028 2634 ea
2074 2570 2437 2654 simpliciter
2481 2570 2842 2654 prohibetur
2887 2568 3133 2652 praeter

675 2671 1039 2747 lectionem;
1087 2671 1218 2753 ipse
1265 2690 1529 2753 quoque,
1577 2672 1724 2736 licet
1759 2672 2054 2756 ignorans
2098 2673 2401 2758 linguam,
2442 2674 2559 2737 hac
2604 2673 2742 2756 lege
2787 2670 3136 2736 tenebitur:

679 2774 938 2854 ideoque
967 2772 1238 2838 retinens
1269 2776 1481 2858 peccat
1509 2777 1725 2839 contra
1771 2776 1973 2860 legem
2012 2777 2075 2840 et
2120 2796 2226 2858 per
2264 2775 2540 2840 accidens
2588 2777 2701 2851 est,
2737 2773 2901 2857 quod
2947 2772 3136 2838 modo

676 2876 911 2938 nesciat
953 2876 1175 2960 legere.
1225 2876 1365 2939 Fini
1414 2877 1625 2941 autem
1670 2878 2127 2960 prohibitionis,
2163 2879 2272 2959 qui
2318 2878 2414 2941 est
2460 2877 2652 2941 etiam
2698 2875 3135 2941 exterminium

676 2977 1034 3041 huiusmodi
1063 2977 1384 3054 librorum,
1419 2978 1571 3042 haec
1607 2998 1856 3061 quoque
1885 2979 2151 3045 retentio
2187 2980 2422 3045 obstat.

772 3077 861 3142 Ut
892 3079 1102 3143 autem
1147 3080 1411 3144 retentio
1457 3080 1602 3144 libri
1632 3081 1717 3144 sit
1762 3081 2067 3159 mortalis,
2106 3101 2228 3146 non
2266 3082 2421 3145 satis
2453 3083 2567 3157 est,
2608 3081 2661 3145 si
2698 3098 2823 3144 uno
2863 3080 3136 3145 alterove

679 3180 775 3244 die
808 3180 1092 3257 retineas,
1128 3182 1277 3245 dum
1308 3200 1433 3245 non
1465 3182 1743 3246 animum
1775 3183 1940 3267 geris
1969 3183 2152 3247 illum
2176 3201 2416 3266 semper
2436 3182 2768 3248 retinendi:
2803 3181 2931 3247 imo
2962 3181 3141 3245 dum-

680 3282 864 3347 modo
913 3284 1191 3348 animum
1236 3284 1465 3349 habeas
1511 3284 1815 3358 tradendi,
1862 3304 2057 3367 neque
2104 3286 2157 3349 si
2200 3285 2470 3370 longiori
2526 3286 2802 3367 tempore
2847 3284 3143 3357 retineas,

683 3386 1038 3468 exspectans
1085 3387 1186 3450 vel
1232 3386 1612 3451 occasionem
1660 3387 1943 3452 tradendi
1989 3388 2292 3470 superiori
2339 3389 2451 3451 aut
2503 3387 2821 3451 licentiam
2866 3385 3142 3460 habenti,

681 3487 760 3569 (s.
786 3488 970 3571 Alph.
1003 3489 1047 3552 l.
1082 3508 1132 3552 c.
1169 3509 1227 3551 11.
1265 3489 1446 3572 295.)
1476 3490 1576 3553 vel
1605 3490 1870 3572 petitam
1899 3490 2143 3574 legendi
2175 3489 2440 3566 veniam,
2481 3488 2818 3552 dummodo
2849 3488 2999 3552 haec
3029 3486 3140 3551 diu

684 3609 806 3655 non
843 3590 927 3654 sit
957 3590 1361 3672 exspectanda
1394 3590 1788 3672 (d'Annibale
1819 3592 1862 3655 l.
1898 3611 1949 3655 c.
1982 3612 2042 3654 n.
2080 3593 2235 3675 37.).

775 3691 933 3757 Cum
981 3712 1123 3758 vero
1169 3694 1326 3758 liber
1370 3696 1465 3758 est
1511 3695 1627 3758 sub
1672 3694 2305 3759 excommunicatione
2351 3693 2722 3777 prohibituS,
2774 3693 2828 3757 si
2875 3693 2975 3758 vel
3020 3712 3150 3758 mo-

682 3796 816 3858 dico
864 3797 1141 3878 tempore
1186 3796 1490 3861 retinetur
1525 3797 1629 3861 sed
1677 3798 1807 3861 sine
1855 3797 2062 3861 animo
2096 3816 2373 3879 unquam
2404 3796 2712 3874 reddendi,
2745 3797 2874 3861 iam
2913 3814 2985 3861 eo
3018 3815 3149 3861 mo·

683 3896 818 3960 dico
849 3898 1125 3980 tempore
1148 3900 1437 3980 peccatur
1459 3899 1708 3981 quidem
1731 3899 2009 3984 graviter
2031 3900 2282 3983 propter
2306 3917 2443 3964 eam
2466 3899 2701 3962 malam
2726 3898 3144 3974 voluntatem,
3235 3913 3240 3916 ’

686 4019 811 4082 qua
855 3999 982 4064 iam
1027 4000 1272 4085 incepta
1329 4003 1520 4086 longa
1566 4003 1831 4068 retentio
1879 4002 2175 4076 vitiatum
2226 4001 2332 4067 sed
2392 4002 2946 4066 excommunicatio
2997 4020 3152 4065 non-

681 4103 831 4167 dum
862 4102 1218 4180 incurritur,
1253 4123 1413 4185 quae
1442 4105 1752 4189 infligitur
1786 4105 2079 4169 retinenti
2125 4123 2247 4169 non
2297 4123 2490 4187 parvo
2528 4105 2837 4185 tempore:
2871 4121 2922 4167 s.
2959 4102 3144 4186 Alph.

687 4206 729 4269 l.
764 4225 816 4270 c.
851 4224 910 4269 n.
949 4207 1098 4268 295.

776 4303 987 4378 1222.
1022 4306 1324 4387 Defensio
1354 4309 1553 4372 vetita
1582 4309 1727 4373 libri
1760 4308 2086 4390 (excomm.
2120 4308 2518 4390 Apostolicae
2545 4304 2726 4372 Sedis
2755 4328 2816 4372 n.
2855 4308 2990 4391 10.)
3020 4326 3146 4373 11011

684 4413 779 4475 est
802 4407 1073 4474 defensio
1112 4408 1447 4488 doctrinae,
1481 4429 1640 4492 quae
1668 4411 1792 4473 alia
1815 4411 1951 4496 lege
1974 4413 2292 4495 prohibita
2330 4412 2444 4490 est,
2479 4410 2583 4476 sed
2606 4409 2803 4493 ipsius
2825 4410 2993 4484 libri,
3026 4429 3153 4492 qua
