3497 5147
787 333 895 387 476
932 347 1140 387 rnAcr.
1172 348 1252 387 vr.
1276 345 1437 388 sacr.
1458 347 1522 388 11.
1549 348 1634 387 nn
1653 346 1933 388 secusne
1953 347 2170 389 Panno.
2190 347 2518 390 nmAnooL
2539 349 2668 391 car.
2687 351 2774 391 111.
2792 351 2923 394 nnn.
2949 355 3025 394 m.
3057 341 3177 411 [617]

790 445 923 508 tive
955 463 1018 508 se
1056 444 1303 522 habeat,
1328 463 1439 509 nec
1467 443 1728 510 volendo
1762 464 1872 510 nec
1902 446 2274 510 excludendo
2302 447 2477 511 iilius
2510 447 2952 533 obligationem,
2977 455 3179 519 tenetur

796 546 872 609 ad
906 549 1157 623 votum3
1186 546 1332 628 quia
1365 546 1474 629 qui
1505 548 1643 611 vult
1675 548 1887 612 actum
1919 548 2376 614 antecedentem
2401 550 2561 631 (scil.
2587 551 3051 636 promissionem)
3069 557 3183 621 vult

793 650 855 712 et
890 648 1334 733 obligationem
1366 651 1842 732 consequentem
1874 677 1935 714 ».
1969 651 2134 716 Puto
2167 671 2298 716 esse
2343 653 2782 718 resolutionem
2825 656 3020 719 contra
3046 677 3183 721 scru-

791 753 970 834 pulos
1004 752 1193 830 illius,
1229 754 1339 835 qui
1369 753 1705 818 distractus
1737 754 2178 837 professionem
2215 755 2440 820 emisit.
2481 755 2643 820 Nam
2681 754 2825 838 quid
2860 759 2948 821 est
2968 760 3182 838 promit-

787 858 916 916 tere
954 855 1092 919 sine
1129 856 1341 919 animo
1375 857 1645 935 positivo
1681 876 1746 920 se
1785 856 2155 938 obliyandi?
2188 856 2435 923 Scilicet
2480 859 2575 922 est
2619 859 3034 924 contradictio:
3066 881 3181 926 nam

789 959 1117 1040 promissio
1151 961 1246 1023 est
1275 958 1418 1023 fidei
1457 959 1780 1043 obligatio.
1813 960 2199 1024 Haberemus
2237 961 2672 1026 tantummodo
2711 963 3084 1046 propositum.

881 1061 1074 1126 Addit
1106 1081 1153 1125 s.
1184 1061 1369 1144 Alph.
1396 1062 1544 1127 ibid.
1571 1061 1824 1142 Quaest.
1860 1063 1975 1127 III.
2004 1063 2197 1127 teneri
2229 1067 2397 1140 voto,
2424 1065 2532 1146 qui
2563 1065 2828 1144 dubitat,
2857 1085 2929 1129 an
2958 1067 3182 1132 vovendo

790 1164 1080 1229 habuerit
1124 1164 1530 1229 intentionem
1578 1184 1641 1229 se
1690 1165 2025 1249 obligandi.
2074 1165 2236 1229 Puto
2283 1165 2403 1231 huc
2449 1167 2790 1232 revocanda
2838 1188 2924 1246 ea,
2962 1188 3095 1251 quae
3131 1188 3184 1233 ex

788 1264 1016 1330 Suarez
1065 1266 1332 1330 diximus
1381 1267 1456 1330 ad
1504 1266 1709 1332 Resol.
1753 1268 1812 1330 3.
1848 1286 1984 1350 sup.
2025 1287 2084 1331 11.
2126 1268 2275 1332 607.
2311 1268 2538 1351 Reipsa
2571 1270 2827 1334 dubium
2868 1274 2953 1335 est
2983 1271 3047 1335 de
3071 1273 3186 1334 roto

791 1369 926 1451 ipso
959 1371 1022 1433 et
1053 1371 1202 1434 tunc
1232 1369 1402 1434 valet
1432 1370 1650 1454 regula
1672 1371 1996 1454 generalis,

1861 1620 2023 1683 DUB.
2060 1618 2176 1683 III.

1494 1757 1664 1837 Quae
1701 1757 2067 1837 requiratur
2101 1758 2369 1822 materia
2403 1759 2544 1822 voti.

898 1929 1010 1980 XV.
1031 1929 1178 1994 Resp.
1202 1930 1269 1979 Ea
1292 1928 1439 1980 debet
1468 1939 1577 1978 esse
1604 1923 1854 1992 possibilis
1880 1930 2010 1988 (cum
2035 1925 2339 1993 impossihile
2367 1942 2452 1980 nec
2481 1927 2744 1982 efficaciter
2770 1928 2952 1981 intendi
2977 1926 3109 1994 possit
3129 1940 3191 1978 ner

790 2014 852 2065 ad
880 2011 998 2065 illud
1038 2011 1100 2065 sit
1138 2009 1392 2076 obligatio)
1418 2016 1467 2063 et
1508 2026 1601 2063 non
1630 2014 1787 2064 solum
1828 1988 1970 2078 dona,
1997 2012 2082 2064 sed
2110 2010 2254 2065 etiam
2281 2010 2469 2076 melior,
2498 2027 2641 2077 quam
2680 2013 2959 2081 oppositum
2996 2011 3087 2065 sive
3115 2010 3192 2062 eius

790 2096 1024 2160 omissio;
1049 2095 1230 2162 quippe
1255 2094 1365 2150 finis
1389 2093 1685 2149 intrinsecus
1710 2095 1815 2148 voti
1842 2102 1915 2150 est
1941 2099 2185 2150 bonorare
2225 2110 2309 2163 per
2345 2100 2438 2150 hoc
2478 2099 2663 2151 Deum:
2688 2096 2741 2150 id
2767 2105 2928 2152 autem
2953 2111 3041 2150 non
3074 2099 3192 2162 potest

795 2181 914 2243 fleri,
942 2180 1034 2234 nisi
1071 2183 1305 2234 offeratur
1327 2180 1398 2233 illi
1423 2180 1605 2247 aliquid
1636 2187 1854 2246 gratum3
1881 2187 2074 2244 gratnm
2113 2189 2272 2234 autem
2300 2196 2408 2236 esse
2435 2197 2528 2236 non
2569 2189 2749 2250 potest,
2781 2191 2834 2236 ut
2872 2183 2977 2250 quis
3002 2181 3192 2246 obligetur

791 2269 853 2320 ad
891 2265 1261 2331 relinquendum
1301 2264 1369 2332 id,
1396 2267 1525 2332 quod
1565 2273 1641 2320 est
1679 2265 1871 2319 melius
1898 2269 2073 2320 Sauch.
2107 2269 2138 2318 1.
2170 2269 2217 2318 9.
2245 2282 2287 2319 c.
2316 2267 2366 2318 7.
2398 2268 2563 2331 Laym.
2591 2269 2773 2321 Navar.
2800 2276 2894 2321 etc.

885 2399 1035 2472 517.
1072 2402 1373 2467 Doctrina
1409 2400 1484 2465 A.
1534 2402 1702 2465 clara
1748 2404 1845 2466 est
1890 2402 1954 2466 et
1998 2403 2362 2466 communis
2403 2404 2437 2440 *
2471 2400 2531 2466 S.
2572 2403 2850 2468 Thomas
2883 2423 2917 2468 a
2957 2406 3010 2466 2.
3040 2399 3197 2465 condi·

792 2507 1029 2571 tionem
1053 2525 1191 2569 eam
1215 2505 1367 2584 voti,
1386 2508 1461 2566 ut
1486 2503 1572 2568 sit
1592 2504 1666 2567 de
1688 2503 1935 2567 melio-ri
1958 2503 2132 2581 bom),
2151 2505 2241 2570 ita
2265 2504 2557 2569 declarat.
2584 2503 2830 2571 Statuit
2851 2503 3194 2570 1⁰materiam

791 2610 925 2674 voti
973 2628 1102 2674 esse
1148 2627 1277 2672 rem
1324 2609 1455 2672 Deo
1506 2609 1853 2690 acceptamz
1895 2608 2055 2671 unde
2100 2608 2288 2672 infert
2332 2607 2407 2673 de
2455 2627 2632 2691 opere
2669 2611 2926 2675 tantum
2969 2610 3196 2673 virtuoso

790 2730 913 2777 non
944 2711 1166 2775 illicito
1205 2728 1315 2774 nec
1350 2710 1719 2774 indifferenti
1763 2710 2109 2775 faciendum
2151 2729 2282 2775 esse
2327 2715 2565 2776 votum.
2602 2714 2672 2774 2ο
2703 2713 2994 2778 Advertit
3027 2712 3197 2775 votum

794 2832 925 2878 esse
972 2812 1443 2895 promissionem
1480 2812 1920 2889 voluntariam,
1955 2812 2113 2876 unde
2159 2812 2346 2877 infert
2391 2833 2481 2889 ea,
2522 2833 2681 2896 quae
2727 2816 3062 2880 necessaria
3089 2812 3200 2876 sunt

789 2915 1156 2980 necessitate
1182 2914 1488 2991 absoluta,
1515 2933 1637 2978 non
1663 2933 1795 2979 esse
1818 2915 2145 2979 materiam
2171 2916 2329 2979 voti:
2354 2915 2504 2979 3⁰ea
2530 2935 2694 2995 vero,
2722 2936 2888 2999 quae
2911 2914 3197 2981 necessaria

787 3019 938 3082 sunt
966 3017 1217 3081 tantum
1247 3018 1612 3081 necessitate
1644 3017 1802 3093 finiS‚
1829 3018 2173 3083 cuiusmodi
2211 3021 2359 3083 sunt
2390 3022 2734 3103 praecepta,
2763 3024 3065 3103 quatenus
3090 3017 3202 3082 sunt

788 3123 980 3187 etiam
1016 3120 1375 3185 voluntaria
1409 3120 1606 3197 nobiS,
1641 3138 1820 3202 posse
1857 3138 1988 3184 esse
2018 3121 2345 3185 materiam
2380 3123 2547 3186 voti:
2587 3124 2659 3185 4⁰
2683 3142 2754 3187 ea
2795 3124 3057 3199 tandem,
3082 3136 3201 3203 qnae

788 3245 984 3307 neque
1023 3225 1138 3289 sub
1174 3224 1542 3290 necessitate
1590 3223 1876 3289 absoluta
1907 3243 2105 3306 neque
2152 3225 2267 3289 sub
2312 3225 2677 3289 necessitate
2723 3225 2869 3291 finis
2916 3224 3122 3290 cadunt
3157 3221 3205 3284 et

789 3330 938 3393 sunt
969 3326 1222 3409 proinde
1253 3327 1430 3392 nobis
1463 3327 1710 3391 omnino
1751 3327 2127 3399 voluntaria,
2160 3327 2504 3391 cuiusmodi
2538 3328 2687 3391 sunt
2724 3331 2907 3393 actus
2943 3328 3203 3391 virtutum

792 3429 1316 3514 supererogatorii
1338 3431 1404 3494 et
1434 3429 1712 3505 consilia,
1732 3429 2173 3510 prcmriissime
2195 3429 2410 3493 cadere
2432 3429 2547 3492 sub
2570 3430 2739 3494 voto.
2768 3428 3021 3494 Subdit:
3052 3453 3080 3485 α
3102 3425 3206 3489 Hoc

790 3537 1000 3598 autem
1048 3532 1278 3596 dicitur
1322 3550 1452 3597 esse
1498 3532 1701 3596 maius
1747 3532 1981 3596 bonum
2026 3533 2090 3595 in
2137 3531 2596 3614 comparatione
2657 3530 2734 3594 ad
2782 3532 3034 3603 bonum,
3078 3522 3203 3610 quod

790 3636 1200 3701 communiter
1247 3638 1341 3700 est
1387 3634 1461 3699 de
1497 3634 1863 3699 necessitate
1911 3635 2161 3709 salutis3
2200 3634 2337 3699 ideo
2384 3633 2629 3717 proprie
2672 3633 2983 3715 loquendo
3029 3634 3204 3696 votum

784 3740 1014 3803 dicitur
1073 3758 1203 3803 esse
1263 3738 1336 3802 de
1390 3737 1633 3803 meliori
1679 3738 1839 3802 bono
1890 3764 1948 3800 ».
1999 3736 2134 3816 Qua
2179 3737 2242 3800 in
2289 3756 2353 3800 re
2401 3737 2650 3801 adverte
2700 3737 2768 3799 1⁰
2814 3757 2865 3801 S.
2918 3738 3204 3801 Doctorem

792 3842 965 3922 loqui
990 3842 1053 3904 in
1084 3841 1205 3905 fine
1228 3841 1301 3905 de
1332 3842 1597 3906 materia
1626 3836 2055 3924 propriissima
2078 3841 2229 3915 voti,
2256 3840 2432 3903 cuius
2463 3858 2679 3923 nempe
2705 3840 3011 3924 obligatio
3041 3838 3205 3903 solum

787 3947 934 4009 voto
961 3943 1314 4026 suscipitur,
1334 3962 1456 4008 non
1481 3945 1616 4028 lege
1638 3943 2009 4027 imponitur:
2031 3945 2102 4005 2ο
2117 3962 2164 4007 s.
2180 3944 2512 4007 Doctorem
2536 3942 2850 4007 adversari
2876 3938 3208 4025 quibusdam

787 4048 1100 4112 veteribus
1147 4046 1551 4123 scholasticis,
1601 4047 1709 4129 qui
1755 4049 2062 4130 negarunt
2109 4066 2237 4109 rem
2296 4048 2686 4128 praeceptam
2733 4065 2864 4110 esse
2919 4043 3210 4109 materiam

786 4152 919 4215 voti
952 4150 1055 4232 (cf.
1091 4148 1316 4215 Suarez
1348 4148 1423 4210 de
1474 4148 1622 4212 Voto
1653 4149 1694 4212 l.
1735 4150 1792 4211 1.
1827 4167 1877 4211 c.
1919 4146 2038 4230 6.):
2075 4145 2145 4211 3⁰
2176 4148 2358 4221 Hinc,
2393 4148 2445 4212 si
2481 4148 2809 4211 materiam
2841 4148 2976 4212 voti
3007 4145 3210 4210 unirer·

790 4253 1094 4317 salissime
1144 4251 1537 4334 accipiamuS‚
1588 4270 1636 4315 s.
1680 4251 1985 4314 Thomam
2032 4269 2154 4315 non
2199 4250 2500 4335 refragari
2545 4248 2854 4315 communi
2904 4245 3209 4313 sententiae

789 4354 1035 4418 scholae
1059 4356 1149 4419 ita
1183 4353 1544 4436 explicantis
1566 4354 1724 4417 hanc
1750 4353 2164 4419 conditionem
2196 4354 2284 4417 rei
2314 4353 2672 4436 promissae,
2699 4354 2773 4415 ut
2794 4352 2881 4416 sit
2903 4353 2978 4415 de
3001 4344 3210 4413 'ieelim'

792 4458 965 4531 bono,
1000 4460 1071 4520 ut
1101 4476 1319 4539 nempe
1366 4457 1450 4521 sit
1479 4457 1699 4520 melior
1735 4476 1924 4538 quam
1957 4457 2089 4521 eius
2138 4457 2420 4539 opposita
2471 4456 2567 4519 vel
2598 4455 2869 4519 carentia
2919 4455 3072 4519 eius:
3109 4465 3210 4530 quo

788 4560 860 4623 fit
895 4560 967 4621 ut
998 4564 1060 4623 et
1096 4559 1424 4642 praecepta
1460 4558 1623 4621 intra
1671 4559 1998 4622 materiam
2046 4558 2177 4624 voti
2224 4557 2835 4641 comprehendantur.
2872 4555 3045 4636 Quod
3089 4568 3210 4614 rero
