3497 5147
323 384 455 453 [514]
985 395 1137 446 Qum
1176 399 1256 438 m·
1291 397 1654 446 Quorupmax
1690 398 2092 440 massanum
2660 384 2779 438 395

321 512 497 581 grave
543 493 628 558 sit
671 495 993 575 peccatum
1025 496 1088 559 et
1119 495 1307 559 simul
1337 514 1459 559 non
1493 495 1658 559 adsit
1678 495 1959 560 formalis
1982 495 2271 559 haeresis.
2306 493 2470 558 Nam
2508 495 2561 558 si
2596 494 2777 558 adest

321 595 587 662 formalis
610 596 900 674 haeresiS,
937 597 1055 662 erit
1079 599 1393 662 reservata
1437 597 1727 663 Pontifici
1760 600 1822 662 et
1858 598 2083 663 idcirco
2109 597 2434 663 subtracta
2467 597 2772 679 potestati

320 698 616 783 Episcopi.
649 696 716 763 Si
759 718 905 764 vero
952 719 1074 763 non
1107 700 1192 764 sit
1226 700 1436 785 gravis
1483 701 1665 783 culpa
1711 721 1770 764 v.
1810 721 1904 786 gr.
1933 701 2011 766 ob
2041 700 2583 776 inadvertentiam,
2622 700 2776 764 tunc

322 821 421 867 nec
464 801 765 884 Episcopo
797 804 1010 866 manet
1039 804 1372 867 reservata.

400 905 433 942 *
460 900 749 967 Ceterum
786 903 885 967 vel
921 904 1179 987 simplex
1208 905 1591 990 blasphemia
1616 908 1712 972 est
1742 927 1814 972 ex
1844 927 2064 993 genere
2096 925 2208 972 suo
2248 908 2570 990 peccatum
2602 925 2780 971 mor·

321 1008 470 1072 tale:
511 1025 656 1069 nam
687 1007 1025 1071 secundm
1053 1026 1248 1092 genus
1281 1028 1464 1073 suum
1495 1012 1804 1094 repugnat
1835 1010 2086 1075 caritati
2117 1010 2381 1087 divinae,
2416 1010 2567 1091 quia
2600 1009 2777 1074 dero-

320 1111 423 1195 gat
452 1108 696 1172 divinae
733 1108 1021 1187 bonitati,
1047 1129 1206 1192 quae
1239 1114 1333 1176 est
1366 1112 1676 1177 obiectum
1708 1113 1990 1177 caritatis
2016 1113 2077 1176 2.
2114 1114 2176 1176 2.
2212 1132 2268 1194 q.
2309 1113 2412 1175 13.
2448 1131 2503 1175 a.
2533 1114 2593 1174 2.
2615 1111 2776 1176 Item

320 1213 570 1297 simplex
613 1212 999 1294 blasphemia
1043 1214 1385 1278 maximum
1431 1216 1757 1298 peccatum
1807 1216 1903 1279 est
1946 1214 2010 1278 in
2058 1233 2171 1279 suo
2220 1232 2440 1298 genere
2485 1213 2650 1278 inter
2680 1233 2771 1291 ea,

321 1335 469 1400 quae
491 1315 718 1381 virtuti
746 1316 1064 1400 religionis
1098 1322 1520 1401 opponuntur,
1558 1320 1705 1401 quia
1737 1319 1964 1383 directe
1997 1319 2330 1403 opponitur
2362 1317 2681 1382 divinitati
2712 1316 2778 1380 et

320 1418 704 1483 excellentiae
731 1419 861 1483 eius
893 1419 1228 1484 secundum
1253 1439 1316 1484 se
1349 1422 1524 1503 eique
1556 1441 1678 1486 non
1712 1422 1918 1486 solum
1963 1422 2154 1505 negat
2183 1420 2461 1484 debitum
2509 1420 2777 1494 cultum,

320 1522 417 1587 sed
463 1522 655 1587 etiam
702 1539 1011 1585 summam
1070 1522 1536 1589 irreverentiam
1605 1526 1668 1589 et
1725 1523 2021 1589 iniuriam
2089 1523 2294 1587 infert.
2346 1521 2579 1586 Suarez
2626 1522 2667 1583 l.
2721 1540 2778 1584 c.

319 1644 367 1689 c.
401 1625 459 1691 6.
493 1646 554 1689 n.
591 1625 704 1689 3.*

422 1763 507 1816 Ν.
536 1763 585 1814 2.
610 1763 925 1816 Revocantur
962 1762 1108 1816 etiam
1147 1764 1208 1815 ad
1246 1763 1597 1830 blasphemiam
1623 1763 1715 1817 alia
1756 1763 1892 1828 signa
1929 1771 2099 1818 contra
2128 1765 2305 1827 Deum,
2334 1760 2447 1815 licet
2489 1765 2638 1815 verba
2677 1775 2775 1813 non

324 1845 506 1899 adsint:
529 1852 583 1899 ut
606 1860 785 1913 spuere
822 1845 870 1899 in
907 1847 1113 1911 caelum,
1139 1846 1416 1900 infrendere
1453 1848 1680 1901 dentibus
1709 1856 1804 1902 etc.
1833 1851 1934 1901 imo
1959 1846 2106 1901 etiam
2145 1849 2249 1900 sola
2280 1851 2441 1900 mente
2467 1844 2770 1911 blasphemia

323 1929 524 1984 interior
559 1931 792 1986 committi
828 1938 1007 1998 potest,
1034 1932 1163 1986 sicut
1199 1933 1345 1987 etiam
1386 1937 1491 1987 laus
1529 1934 1753 1988 mentalis
1793 1934 1902 1988 Dei.

411 2031 565 2104 513.
590 2034 761 2100 Licet
794 2037 971 2101 actus
994 2031 1112 2101 seu'
1133 2039 1368 2121 gestuS,
1403 2037 1476 2101 de
1502 2039 1726 2120 quibus
1758 2039 1854 2116 Α.,
1894 2037 2108 2102 iniurii
2138 2039 2268 2103 Deo
2301 2038 2428 2102 sint
2473 2038 2536 2101 et
2566 2037 2785 2100 contu·

316 2137 590 2202 meliosi:
641 2139 851 2203 tamen
874 2158 1015 2204 cum
1045 2139 1429 2222 blasphemia
1463 2142 1832 2223 opponatur,
1866 2141 1939 2205 ut
1973 2140 2065 2204 ait
2093 2158 2143 2204 s.
2180 2140 2399 2204 Thom.
2450 2158 2584 2220 sup.
2611 2160 2672 2202 n.
2715 2138 2776 2200 2.

312 2239 483 2305 laudi
508 2240 645 2318 Dei,
679 2260 838 2324 quae
869 2241 1019 2306 solis
1049 2242 1251 2306 verbis
1289 2243 1629 2321 exhibetur,
1664 2242 1783 2307 etsi
1805 2242 2003 2306 honor
2026 2243 2090 2306 et
2121 2241 2321 2306 verbis
2354 2242 2419 2305 et
2454 2239 2636 2304 factis
2665 2239 2781 2302 fiat

313 2345 424 2408 aut
454 2342 769 2420 laedatur3
819 2344 962 2409 hinc
1005 2364 1211 2428 presse
1256 2344 1561 2427 loquendo
1595 2364 1717 2410 non
1751 2345 1937 2408 datur
1966 2344 2352 2427 blasphemia
2394 2342 2581 2423 facti;
2615 2342 2775 2407 unde

314 2446 376 2509 et
420 2446 543 2510 dici
591 2446 753 2510 solet
812 2447 1031 2510 vitium
1076 2446 1346 2529 linquae.
1398 2448 1497 2512 lta
1543 2467 1686 2512 cum
1732 2447 1872 2512 aliis
1921 2445 2148 2512 Suarez
2194 2446 2268 2511 de
2328 2445 2536 2530 Reliy.
2586 2449 2665 2510 tr.
2716 2447 2782 2509 3.

313 2547 420 2613 lib.
473 2549 531 2615 1.
569 2568 704 2633 cap.
738 2550 800 2613 4.
833 2569 893 2614 n.
929 2550 991 2613 4.
1027 2551 1100 2616 ut
1130 2549 1258 2615 iam
1290 2551 1664 2616 monuimus.

400 2650 564 2716 Sane
596 2652 877 2717 doctrina
909 2654 1005 2716 est
1041 2671 1089 2716 s,
1117 2653 1336 2717 Thom.
1372 2655 1432 2716 2.
1468 2655 1528 2717 2.
1564 2673 1622 2735 q.
1662 2655 1810 2719 103.
1846 2656 1965 2720 art.
2004 2656 2062 2719 1.
2097 2654 2175 2719 ad
2209 2655 2269 2718 3.
2304 2678 2340 2712 ε(
2372 2653 2539 2718 Laus
2566 2652 2784 2717 distin-

306 2755 531 2841 guitur
572 2755 650 2819 ab
679 2754 998 2832 honore‚...
1037 2756 1186 2838 quia
1206 2756 1347 2820 laus
1379 2756 1665 2821 consistit
1699 2757 1765 2822 in
1799 2757 1948 2823 solis
1982 2756 2176 2843 signis
2193 2758 2550 2834 verborum;
2576 2757 2777 2821 honor

308 2859 525 2922 autem
557 2856 626 2921 in
656 2857 1149 2940 quibuscumque
1182 2858 1586 2924 exterioribus
1625 2859 1825 2944 signis
1860 2886 1922 2924 ».

394 2959 586 3025 Unde
616 2959 768 3023 bene
802 2960 1041 3025 Auctor
1071 2980 1194 3025 non
1230 2960 1381 3025 dicit
1412 2960 1830 3042 blasphemias
1874 2980 2024 3039 esse,
2073 2962 2178 3026 sed
2215 2963 2495 3026 revocari
2520 2961 2609 3025 ad
2644 2960 2774 3025 bla-

305 3060 679 3142 fflhemiam,
714 3063 846 3127 scil.
880 3064 1086 3144 quoad
1116 3063 1388 3128 indolem
1416 3064 1704 3129 iniuriae.

397 3164 574 3230 Hinc
606 3165 668 3228 2.
703 3166 763 3228 2.
791 3184 849 3247 q.
896 3166 996 3229 13.
1038 3168 1156 3230 art.
1196 3167 1253 3230 1.
1295 3193 1330 3225 «
1362 3164 1427 3231 Si
1459 3167 1763 3232 consistat
1807 3168 2057 3233 tantum
2086 3167 2151 3232 in
2199 3167 2377 3233 corde
2408 3166 2568 3249 (scil.
2602 3166 2781 3231 dero-

303 3268 487 3353 gatio
538 3266 789 3332 divinae
819 3267 1149 3353 bonitatis)
1181 3271 1275 3333 est
1319 3269 1519 3333 cordis
1555 3269 1974 3354 blasphemia:
2008 3270 2061 3335 si
2088 3270 2300 3335 autem
2346 3269 2612 3335 exterius
2645 3286 2788 3353 pro·

303 3369 451 3434 deat
482 3389 604 3454 per
648 3369 1046 3448 locutionem,
1080 3371 1176 3435 est
1208 3371 1331 3435 oris
1361 3371 1747 3454 blasphemia
1784 3375 1849 3437 et
1872 3373 2212 3438 secundum
2249 3373 2364 3436 hoc
2395 3372 2786 3454 blasphemia

302 3471 691 3539 confessioni
722 3472 865 3537 fidei
902 3473 1236 3557 opponitur
1272 3497 1333 3537 ».

395 3573 715 3656 Quocirca
761 3574 815 3639 si
842 3576 1156 3639 reservata
1192 3574 1276 3638 sit
1321 3575 1724 3658 blasphemia,
1758 3595 1881 3640 non
1929 3577 2048 3641 erit
2091 3577 2406 3640 reservata
2447 3573 2575 3637 nisi
2624 3594 2788 3656 quae

303 3677 419 3744 fiat
453 3698 577 3763 per
607 3677 813 3756 verba,
852 3696 975 3742 non
1011 3697 1155 3743 vero
1189 3697 1347 3760 quae
1378 3678 1492 3742 fiat
1526 3698 1634 3762 per
1669 3680 1906 3764 gestus.

393 3782 576 3846 Hinc
622 3797 769 3844 sane
812 3778 1215 3866 intelligenda
1247 3781 1434 3845 verba
1481 3780 1657 3866 Gury
1703 3784 1856 3846 tom.
1894 3782 1951 3845 1.
2005 3781 2062 3865 g.
2093 3783 2274 3846 299.:
2314 3806 2350 3840 <c
2381 3781 2781 3866 Blasphemia

304 3886 401 3949 ost
447 3882 701 3949 locutio
752 3882 879 3946 Deo
910 3882 1229 3948 iniuriosa.
1262 3883 1525 3948 Locutio
1565 3884 1776 3948 autem
1822 3903 1945 3948 non
1978 3885 2165 3949 verbo
2212 3884 2499 3968 explicito
2532 3886 2783 3950 tantum

306 3987 416 4051 sed
449 3986 657 4051 etiam
687 3986 893 4049 mente
931 3985 993 4048 et
1025 4003 1204 4068 opere
1248 3983 1383 4049 fieri
1412 3986 1619 4068 potest
1663 4011 1725 4050 ».
1768 3988 1927 4052 Item
1959 3988 2125 4070 quod
2155 4006 2299 4053 mox
2338 3989 2566 4066 subdit,
2603 4012 2637 4046 «
2661 3987 2794 4052 bla-

302 4089 673 4175 sphemiam
719 4105 849 4152 esse
903 4086 1199 4151 directam
1252 4087 1351 4151 vel
1385 4087 1773 4166 indirectam,
1815 4092 2004 4173 prout
2048 4091 2424 4156 contumelia
2471 4091 2537 4153 in
2583 4089 2786 4152 Deum

300 4191 548 4258 directe
600 4189 962 4267 intenditur,
1011 4188 1110 4253 vel
1154 4189 1452 4272 implicite
1498 4193 1750 4257 tantum
1818 4192 1882 4256 in
1951 4192 2134 4257 dictis
2182 4195 2295 4257 aut
2341 4206 2547 4254 GESTIS
2594 4189 2791 4253 conti·

305 4298 505 4360 netur
541 4317 610 4356 ι».

392 4389 573 4468 514.
631 4392 809 4474 Quod
855 4395 1097 4476 spectat
1142 4395 1350 4459 tamen
1400 4395 1476 4458 ad
1522 4395 1880 4461 interiorem
1927 4396 2405 4481 (blasphemiam,
2463 4394 2650 4477 paulo
2699 4393 2791 4457 di-

306 4518 497 4563 versa
534 4497 639 4561 est
667 4496 950 4562 doctrina
996 4493 1532 4573 Suarez.1nterna‚
1565 4497 1774 4579 inquit
1801 4498 1876 4561 de
1920 4496 2130 4580 Reliy.
2165 4499 2243 4562 tr.
2285 4499 2345 4561 3.
2380 4498 2487 4561 lib.
2527 4498 2584 4560 1.
2619 4516 2670 4560 c.
2704 4497 2794 4574 4.,

308 4600 557 4667 dicitur
594 4618 751 4681 quae
781 4599 856 4663 fit
883 4598 1196 4663 locutione
1233 4617 1397 4663 mere
1428 4598 1711 4662 mentali:
1754 4600 2022 4677 externa,
2057 4618 2214 4682 quae
2246 4599 2318 4663 fit
2356 4619 2463 4682 per
2501 4598 2791 4663 sensibile
