3497 5147
738 323 848 377 198
937 333 1150 374 TRAc‘r.
1179 334 1233 373 v.
1262 331 1423 372 sssc'r.
1452 332 1538 371 111.
1565 331 1650 369 rm
1674 330 1996 372 cemimus
2023 329 2412 370 manemus.
2440 326 2635 368 CAPUT
2663 325 2726 364 11.
2753 324 2894 364 nun.
2924 325 2979 365 v.
3053 308 3198 385 [272]

735 432 904 498 valet
949 433 1023 495 ut
1070 429 1339 495 vidimus
1387 449 1444 491 n.
1494 447 1692 511 praec.
1744 427 1939 509 Atqui
1985 428 2222 491 Auctor
2268 426 2472 510 quoad
2520 423 2802 508 generale
2849 422 3194 505 periculum

736 554 855 599 non
894 534 985 597 ita
1017 532 1166 596 dure
1200 529 1391 594 sentit
1428 531 1490 593 16
1523 549 1647 611 seq.
1674 529 2072 593 resolutione.
2101 527 2279 593 Certe
2317 529 2383 592 1⁰
2409 548 2457 592 s.
2486 527 2759 591 Thomas
2791 544 2926 607 sup.
2955 545 3016 587 n.
3044 525 3196 588 230.

734 635 1032 708 concedit,
1066 631 1317 714 aliquid
1343 630 1703 712 superaddi,
1735 635 1809 693 ut
1835 630 2128 694 mulieres
2157 630 2454 709 placeant
2483 630 2658 692 virle.

919 740 988 800 2⁰
1026 737 1097 801 In
1130 735 1305 818 praxi
1336 754 1477 798 cum
1509 735 1726 798 statim
1761 733 1919 797 aliae
1967 734 2254 797 mulieres
2302 732 2604 815 arripiant
2643 731 2997 796 avidissime
3043 729 3199 794 istos

739 841 1016 915 ornatus,
1051 838 1158 921 qui
1190 835 1485 919 superflui
1517 835 1745 900 censeri
1793 837 2054 918 possunt
2100 835 2274 917 (quia
2324 834 2610 899 videntur
2647 834 2764 899 sibi
2802 834 3110 908 vilescere,
3145 833 3197 897 si

737 943 897 1007 desit
921 941 1037 1006 sibi
1062 940 1142 1018 id,
1170 939 1334 1021 quod
1367 938 1525 1002 aliae
1557 938 1834 1019 habent),
1861 937 2172 1020 superflua
2206 938 2417 1001 autem
2442 937 2885 1019 permittantur
2915 937 3013 1013 iis,
3041 955 3199 1017 quae

738 1047 942 1110 virum
976 1042 1206 1107 habent
1236 1042 1332 1106 vel
1366 1041 1587 1104 habere
1620 1040 1860 1118 debent,
1896 1041 1969 1104 ut
2000 1040 2056 1104 ei
2091 1039 2409 1123 placeant3
2450 1040 2591 1102 hinc
2629 1039 3025 1122 superfluitas
3057 1056 3200 1102 mox

740 1146 902 1211 cedit
934 1145 997 1208 in
1035 1142 1542 1208 consuetudinem
1580 1142 1839 1224 patriae.

922 1249 991 1309 3⁰
1022 1246 1185 1310 Hinc
1215 1245 1437 1320 Diana,
1469 1245 1513 1307 l.
1540 1264 1590 1308 c.
1617 1262 1733 1308 res.
1764 1246 1823 1307 9.
1851 1264 1910 1307 n.
1939 1244 2020 1305 6.:
2061 1268 2096 1301 «
2129 1245 2261 1328 Ego
2299 1245 2452 1327 puto
2484 1262 2606 1308 non
2645 1262 2913 1327 peecare,
2951 1241 3198 1307 etiamsi

742 1351 827 1415 sit
858 1348 1203 1433 superfluus
1250 1347 1535 1423 maxime,
1569 1345 1903 1410 dummodo
1935 1346 2020 1409 sit
2050 1346 2382 1410 seeundum
2417 1345 2925 1410 consuetudinem
2962 1345 3202 1427 patriae

743 1454 807 1517 et
844 1451 916 1515 de
949 1471 1011 1515 se
1049 1469 1170 1514 non
1217 1450 1302 1513 sit
1345 1448 1527 1531 quasi
1572 1448 2011 1531 provocativus
2059 1447 2135 1511 ad
2181 1449 2438 1512 malum.
2475 1448 2649 1513 Unde
2698 1447 3041 1512 Turrianus
3091 1446 3198 1521 ait,

744 1554 1035 1619 ornatum
1071 1570 1193 1616 non
1226 1552 1449 1615 habere
1495 1550 1760 1633 speciem
1807 1550 1976 1627 mali,
2012 1550 2413 1632 quantumvis
2461 1550 2789 1627 illustrem,
2825 1550 2879 1613 si
2912 1549 2996 1613 sit
3028 1548 3199 1612 iuxta

742 1655 1250 1721 consuetudinem
1281 1654 1518 1737 patriae
1557 1652 1946 1728 feminarum,
1987 1672 2143 1734 quae
2191 1654 2483 1716 honestae
2523 1653 2702 1726 sunt3
2739 1671 2914 1716 secus
2954 1651 3008 1714 si
3041 1656 3200 1714 esset

746 1758 1072 1844 peculiaris
1105 1757 1357 1822 habitus
1395 1756 1780 1820 meretricius
1806 1781 1867 1820 ›.

926 1862 996 1923 4⁰
1028 1861 1110 1923 Et
1140 1860 1341 1942 reipsa
1373 1859 1460 1921 sic
1506 1858 1837 1922 nobiliores
1885 1858 2146 1922 feminae
2193 1878 2430 1940 semper
2467 1859 2807 1941 peccarent,
2842 1858 2990 1940 quia
3025 1874 3206 1922 orna·

746 1965 936 2027 tiores
966 1961 1275 2026 incedunt.
1311 1961 1543 2024 Verum
1590 1960 1796 2043 praxis
1843 1960 2020 2024 docet
2068 1980 2246 2042 saepe
2283 1960 2682 2044 ignobiliores
2730 1961 2974 2026 allicere
3023 1961 3101 2024 ad
3138 1979 3199 2025 se

742 2064 979 2148 magis;
1015 2063 1162 2145 quia
1193 2062 1395 2146 magis
1444 2061 1521 2126 ad
1552 2060 1668 2124 hoc
1701 2062 1868 2125 valet
1913 2062 2220 2126 naturalis
2255 2063 2484 2146 species
2524 2082 2632 2127 nec
2669 2063 2732 2127 in
2772 2062 3202 2146 superfluitate

743 2167 943 2249 reipsa
974 2165 1240 2228 habetur
1270 2162 1520 2248 gravior
1552 2164 1675 2228 ista
1708 2165 2096 2246 provocatio:
2123 2165 2272 2246 quin
2306 2158 2431 2229 imo
2464 2165 2710 2247 saepius
2743 2164 2942 2229 allicit
2973 2165 3203 2249 simpli-

744 2271 873 2334 cior
903 2270 1102 2333 forma
1136 2268 1413 2343 ornatUS‚
1455 2285 1611 2348 quae
1641 2266 1808 2331 solas
1844 2268 2104 2332 naturae
2143 2267 2316 2331 dotes
2350 2266 2809 2349 conspiciendas
2841 2267 3157 2349 relinquit.

925 2372 993 2435 5⁰
1031 2370 1208 2450 Quod
1254 2369 1482 2433 femina
1542 2372 1748 2452 peccet
1801 2370 2100 2447 vanitate,
2151 2370 2215 2434 id
2266 2370 2420 2434 nihil
2476 2369 2711 2434 confert
2766 2369 2842 2434 ad
2899 2371 3204 2436 rationem

744 2474 1037 2538 scandali.
1073 2472 1235 2537 Nam
1268 2472 1433 2555 quod
1476 2472 1705 2536 femina
1753 2474 1960 2555 peccet
1990 2492 2181 2555 pravo
2228 2473 2348 2536 fine
2395 2472 2486 2554 (et
2524 2473 2769 2537 vanitas
2817 2492 2939 2538 non
2973 2473 3208 2538 excedit

743 2577 1030 2658 veniale),
1058 2577 1173 2640 hoc
1203 2575 1361 2639 nihil
1398 2575 1635 2640 confert
1673 2576 1747 2639 ad
1795 2576 2157 2640 scandalum
2203 2576 2541 2658 passivum,
2584 2575 2747 2658 quod
2788 2576 2990 2642 oritur
3029 2596 3102 2641 ex
3145 2595 3208 2639 re

740 2681 879 2762 ipsa
911 2698 1020 2742 seu
1052 2698 1123 2742 ex
1147 2678 1499 2742 substantia
1533 2679 1753 2762 operis,
1780 2697 1901 2742 non
1936 2681 2148 2743 autem
2180 2698 2252 2742 ex
2273 2678 2556 2743 interiori
2586 2679 2873 2762 superbia
2904 2679 3203 2744 mulieris.

752 2780 954 2844 Diana
987 2780 1028 2842 1.
1071 2799 1121 2843 c.
1155 2799 1271 2844 res.
1311 2781 1411 2844 10.
1447 2802 1505 2844 n.
1542 2782 1602 2844 4.

926 2883 994 2945 6⁰
1026 2883 1164 2966 Ipse
1195 2901 1243 2945 s.
1280 2883 1463 2965 Alph.
1505 2883 1595 2964 (in
1628 2885 1758 2948 not.
1800 2884 1863 2946 in
1895 2885 1956 2947 h.
1990 2884 2063 2962 1.)
2095 2884 2284 2947 refert
2313 2883 2509 2948 Lessii
2556 2884 2928 2949 sententiam
2962 2883 3203 2960 aientiS,

747 2986 939 3051 etia-m
971 3005 1005 3048 a
1040 2985 1349 3068 superfluo
1385 2988 1610 3050 ornatu
1639 2986 1963 3049 mulierem
2000 3005 2120 3049 non
2155 2985 2348 3048 teneri
2383 2986 2691 3051 abstinere
2721 2986 2837 3050 nisi
2872 2987 3066 3051 semel
3100 2988 3212 3050 aut

744 3090 1003 3153 iterum:
1038 3087 1111 3152 de
1145 3107 1268 3170 qua
1298 3087 1674 3152 limitatione
1708 3087 1856 3168 quid
1888 3087 2275 3151 sentiendum
2308 3087 2434 3151 iam
2467 3089 2570 3164 sit,
2605 3087 2892 3152 vidimus.

841 3191 932 3253 De
964 3208 1132 3253 more
1164 3189 1450 3273 gestandi
1481 3193 1694 3272 pectus
1728 3190 2129 3267 denudatum,
2163 3189 2227 3252 in
2265 3190 2445 3254 resol.
2486 3209 2613 3273 seq.

860 3329 1105 3382 Lxxvlt.
1133 3331 1215 3382 ¹0.
1241 3328 1293 3382 Si
1332 3327 1507 3381 mulier
1546 3343 1640 3380 non
1677 3327 1725 3379 in
1755 3325 2054 3393 particulari,
2082 3329 2168 3380 sed
2194 3327 2242 3380 in
2268 3341 2446 3391 genere
2474 3334 2656 3380 tantum
2685 3327 2874 3392 aliquos
2913 3326 2962 3379 16
2992 3343 3047 3380 56
3077 3343 3214 3381 scan-

754 3412 1038 3466 dalizandos
1077 3419 1228 3480 putet,
1256 3415 1401 3466 modo
1440 3427 1604 3464 eorum
1645 3410 1893 3464 lasciviam
1937 3426 2029 3464 non
2058 3411 2274 3465 intendat
2301 3427 2387 3464 666
2426 3410 2470 3463 ei
2511 3412 2697 3476 placeat
2734 3411 2871 3476 (licet
2911 3410 2955 3464 ei
2997 3413 3213 3478 placeat,

749 3499 876 3564 quod
918 3499 1142 3550 laudetur
1176 3503 1232 3549 'ut
1272 3500 1525 3563 formosa),
1557 3511 1649 3548 uon
1676 3495 1872 3548 videtur
1900 3495 2048 3548 teneri
2076 3495 2316 3549 abstinere
2344 3499 2402 3547 ab
2443 3496 2527 3548 illo
2565 3503 2755 3552 ornatu.
2781 3495 2926 3548 etiam
2953 3500 3207 3563 superfluo

749 3585 840 3636 sub
881 3581 1089 3646 mortali,
1117 3596 1166 3635 v.
1191 3597 1262 3646 gr.
1294 3583 1498 3634 tucando
1537 3581 1722 3644 taciem,
1750 3580 1846 3634 imo
1872 3581 2014 3634 etiam
2041 3583 2330 3634 denudando
2357 3596 2417 3634 ex
2458 3581 2700 3635 communi
2727 3583 3084 3636 consuetudine
3128 3599 3213 3649 pe·

748 3673 880 3720 ctus:
910 3667 1001 3719 nisi
1028 3674 1186 3719 tamen
1216 3665 1495 3730 denudati0‚
1525 3668 1601 3720 vel
1628 3675 1831 3719 ornatus
1857 3674 1986 3719 esset
2014 3669 2154 3718 valde
2184 3665 2340 3731 turpis
2381 3680 2467 3732 per
2493 3681 2544 3718 se
2571 3681 2626 3718 ac
2653 3665 2838 3718 directe
2866 3668 2924 3718 ad
2952 3665 3203 3721 libidinem

751 3765 1039 3816 provocans.
1066 3750 1208 3803 Ratio
1236 3757 1324 3812 est,
1354 3757 1454 3803 tum
1482 3750 1593 3816 quia
1624 3757 1697 3803 est
1731 3752 2010 3805 scandalum
2053 3750 2214 3817 potius
2240 3757 2508 3815 acceptum,
2537 3765 2679 3816 quam
2707 3752 2890 3810 datum,
2915 3758 2963 3803 et
3004 3758 3207 3804 ornatus

750 3834 832 3887 ille
862 3849 915 3886 66
956 3835 1269 3899 pulchritudo
1308 3843 1493 3888 remote
1522 3843 1704 3889 tantum
1731 3837 1792 3888 ad
1822 3843 2069 3902 peccatum
2097 3843 2346 3900 provocat,
2372 3843 2424 3888 ut
2451 3837 2626 3888 docent
2665 3837 2832 3900 Laym.
2864 3843 2911 3889 et
2943 3837 3084 3900 Bon„
3113 3844 3210 3889 tum

749 3919 862 3984 quia
888 3918 1032 3971 nimis
1056 3933 1201 3982 grave
1230 3927 1356 3973 esset
1382 3919 1463 3973 isti
1490 3921 1644 3982 sexui,
1666 3920 1952 3986 praesertim
1982 3919 2021 3971 si
2050 3918 2270 3971 maritum
2299 3928 2548 3984 (1116616111,
2578 3929 2814 3986 perpetuo
2844 3919 2914 3973 sic
2944 3921 3202 3982 abstinere,

751 4017 859 4056 611111
895 4003 979 4056 1116
1006 4001 1199 4055 occasio
1239 4002 1301 4056 sit
1341 4003 1630 4057 universalis
1663 4013 1711 4056 et
1750 4012 1978 4070 perpetua
2010 4017 2097 4055 666
2131 4003 2446 4056 formosiores
2476 4019 2684 4070 unquam
2723 4004 2855 4059 licite
2895 4005 3026 4058 irent
3067 4011 3218 4069 toraS,

750 4102 858 4141 6661
901 4085 1179 4152 pulcritudo
1207 4088 1440 4140 naturalis
1468 4093 1575 4154 plus
1602 4097 1790 4150 noceat,
1816 4102 1957 4152 quam
1987 4087 2270 4141 artificialis.
2303 4091 2440 4142 Plura
2481 4092 2540 4141 de
2566 4093 2654 4142 liae
2684 4104 2735 4142 re
2765 4090 2877 4144 vide
2907 4094 3038 4158 apud
3070 4091 3210 4144 Dian.

753 4182 784 4226 t.
818 4176 921 4226 l.r.
945 4174 1029 4224 30.
1056 4175 1187 4225 Bald.
1213 4176 1241 4226 l.
1261 4174 1305 4225 3.
1325 4175 1368 4226 d.
1393 4174 1441 4226 5.
1467 4189 1512 4225 n.
1546 4176 1619 4225 13.
1642 4171 1832 4225 interim
1861 4172 2082 4224 seminam
2111 4175 2292 4226 nudum
2321 4182 2489 4240 pectus
2516 4182 2762 4238 gerentem
2790 4190 2882 4228 non
2918 4179 3045 4229 mala
3068 4177 3216 4228 inten-

752 4257 899 4320 tione,
938 4256 1031 4309 etsi
1068 4257 1263 4322 (1111(1661
1303 4263 1535 4310 excusent
1575 4272 1598 4308 6
1640 4256 1850 4316 mortali,
1889 4270 1980 4316 666
2019 4263 2192 4316 tamen,
2231 4257 2388 4323 inquit
2425 4261 2505 4322 Sa,
2549 4257 2746 4313 difficile
2786 4263 3115 4314 absolverem.
3159 4264 3219 4314 Et

750 4349 935 4394 certum
976 4349 1065 4406 est,
1095 4344 1225 4408 quod
1261 4342 1570 4395 confessario
1608 4342 1855 4394 incumbat
1895 4341 2174 4395 huiusmodi
2211 4350 2432 4396 ornatum
2473 4343 2752 4397 dissuadere
2791 4353 2838 4398 et
2866 4347 3120 4400 deterrere
3150 4348 3213 4398 ab

750 4442 826 4480 eo.
860 4427 973 4480 Vid.
999 4427 1059 4478 Sal
1091 4431 1225 4480 verb.
1255 4430 1492 4481 ornatus
1519 4435 1567 4480 et
1594 4435 1687 4478 cet.
1728 4430 1780 4478 ΙΙ.
1807 4442 1876 4480 cc.

838 4530 1019 4604 272.
1054 4535 1271 4614 Quoad
1319 4536 1629 4609 ornatum,
1664 4535 1986 4600 sufficiunt
2023 4537 2187 4600 dicta
2225 4538 2288 4601 16
2335 4539 2517 4601 resol.
2553 4540 2961 4619 praecedenti.
2999 4540 3220 4621 Quoad

749 4636 1231 4701 denudationem
1278 4637 1561 4719 pectoriS,
1612 4638 1762 4701 haec
1808 4658 1854 4702 s.
1891 4639 2246 4722 Alphonsus
2293 4639 2398 4703 lib.
2442 4641 2501 4703 2.
2554 4659 2611 4703 n.
2656 4643 2783 4704 55.:
2824 4666 2859 4700 «
2892 4641 3050 4708 Cum
3095 4663 3220 4729 ego
