3497 5147
708 343 818 398 270
940 358 1153 400 mac-r.
1180 359 1261 399 v1.
1287 356 1449 398 sacr.
1478 356 1517 396 1.
1545 356 1631 397 nn
1654 356 1847 398 panto
1875 356 2093 398 raam.
2119 356 2444 399 mammon
2470 355 2608 398 cnr.
2633 356 2672 397 1.
2700 356 2841 398 nun.
2870 358 2926 398 v.
3017 342 3173 418 [367]

714 456 1172 536 praenuntiam,
1204 455 1360 518 nihil
1392 453 1641 519 omnino
1673 454 1747 518 de
1785 454 1966 518 rebus
1997 453 2061 518 in
2090 454 2439 536 paroxismo
2463 453 2727 535 peractis
2760 452 2878 517 sibi
2900 455 3172 519 conscire

708 558 972 634 videtur,
997 557 1401 639 quantumvis
1432 556 1536 620 ille
1559 556 1896 633 duraverit,
1930 575 2233 638 quaenam
2272 558 2350 621 ab
2371 557 2507 638 ipsa
2530 556 2727 637 petita
2746 554 2998 633 fuerint,
3016 576 3173 639 quae

714 678 859 725 vero
884 660 1284 742 responderit,
1319 678 1478 740 quae
1508 659 1853 741 pertulerit,
1888 659 2040 723 haec
2070 660 2277 723 omnia
2314 659 2551 722 nullam
2583 659 2646 722 in
2680 658 2810 722 eius
2850 659 3172 725 intellectu

713 763 914 826 ideam
945 782 1057 828 nec
1088 762 1413 827 minimum
1446 763 1511 826 in
1541 762 1841 826 memoria
1872 763 2206 847 vestigium
2235 762 2612 843 relinquunt.

805 890 841 923 «
868 866 1087 947 Itaque
1112 865 1325 930 orator
1354 864 1784 947 infrascriptus
1815 865 1949 928 tam
1973 864 2211 929 validas
2242 884 2490 929 cernens
2520 864 2794 928 rationes
2823 864 3170 943 dubitandi,

717 986 794 1031 an
828 967 1190 1050 simpliciter
1220 966 1537 1032 naturales
1574 967 1701 1030 sint
1740 966 1898 1031 tales
1936 966 2206 1043 effectus,
2238 985 2504 1049 quorum
2551 965 2953 1031 occasionalis
2985 986 3173 1032 causa

713 1070 848 1135 tam
882 1088 1101 1153 parum
1140 1089 1281 1153 cum
1331 1070 1419 1134 eis
1468 1070 1942 1152 proportionata
1978 1064 2461 1147 demonstratur,
2499 1070 2672 1134 enixe
2708 1068 3175 1135 vehementissi-

718 1190 936 1253 meque
967 1171 1043 1234 V.
1078 1171 1496 1236 Eminentiam
1542 1172 1746 1255 rogat,
1795 1173 1869 1235 ut
1912 1171 2047 1255 ipsa
2094 1191 2204 1255 pro
2236 1191 2349 1237 sua
2394 1172 2699 1255 sapientia
2748 1171 2826 1236 ad
2872 1172 3172 1238 maiorem

718 1273 1177 1356 Omnipotentis
1224 1275 1491 1359 gloriam
1539 1294 1648 1339 nec
1691 1293 1816 1338 non
1864 1274 1941 1338 ad
1988 1275 2190 1339 maius
2238 1276 2584 1339 animarum
2631 1275 2884 1352 bonum,
2929 1295 3090 1358 quae
3139 1297 3176 1341 a

717 1376 985 1440 Domino
1016 1376 1370 1459 redemptae
1401 1377 1567 1441 tanti
1596 1377 2030 1454 constiterunt,
2070 1376 2388 1442 decernere
2424 1377 2596 1454 velit,
2631 1396 2710 1441 an
2757 1378 2962 1460 posita
3009 1398 3180 1462 prae—

712 1477 989 1542 fatorum
1013 1479 1297 1555 veritate,
1323 1479 1732 1544 confessarius
1763 1479 2143 1561 parochusve
2166 1480 2305 1544 tuto
2337 1480 2536 1563 possit
2571 1480 3033 1563 poenitentibus
3066 1485 3178 1546 aut

713 1581 1102 1663 parochianis
1134 1581 1262 1644 suis
1294 1582 1669 1663 permittere.

895 1707 929 1740 «
968 1682 1034 1745 1⁰
1067 1684 1140 1747 ut
1179 1683 1664 1767 magnetismum
1711 1683 2063 1759 animalem,
2111 1684 2238 1748 illis
2284 1684 2740 1749 characteribus
2787 1684 3176 1750 similibusve

714 1783 1063 1867 praeditum
1109 1785 1447 1863 exerceant,
1496 1787 1820 1868 tamquam
1867 1788 2066 1851 artem
2111 1786 2448 1851 medicinae
2495 1786 2947 1851 auxiliatricem
2987 1790 3176 1870 atque

706 1887 1153 1969 suppletoriam
1169 1907 1188 1952 ε

895 2013 930 2045 «
966 1989 1034 2051 2⁰
1081 1991 1154 2053 ut
1199 2008 1329 2055 sese
1375 1991 1555 2054 illum
1603 1991 1668 2054 in
1714 1992 1954 2055 statum
2002 1991 2538 2056 somnambulismi
2581 1992 2918 2076 magnetici
2967 1992 3177 2057 dimit-

709 2090 927 2156 tendos
973 2092 1395 2157 consentiant:

897 2219 933 2252 «κ
970 2195 1039 2258 3⁰
1073 2198 1147 2260 ut
1177 2197 1275 2261 vel
1306 2196 1380 2260 de
1411 2215 1476 2261 se
1502 2198 1601 2261 vel
1630 2197 1703 2261 de
1737 2197 1876 2261 aliis
1909 2216 2200 2280 personas
2229 2197 2557 2262 consulant
2579 2196 2689 2260 illo
2705 2196 2891 2263 modo
2916 2216 3175 2282 magno-

714 2295 974 2360 tizatas:

896 2424 930 2456 «
962 2399 1033 2462 4⁰
1072 2402 1145 2464 ut
1182 2420 1374 2464 unum
1398 2401 1472 2465 de
1497 2401 1698 2465 tribus
1722 2401 2051 2483 praedictis
2085 2401 2444 2484 suscipiant,
2478 2400 2695 2465 habita
2725 2401 2897 2483 prius
2929 2402 3176 2466 cautela

716 2499 1062 2567 formaliter
1094 2522 1166 2568 ex
1190 2504 1397 2568 animo
1422 2503 1817 2567 renuntiandi
1840 2503 2096 2568 cuilibet
2124 2503 2428 2568 diabolico
2454 2504 2636 2587 pacto
2668 2503 2980 2587 explicitO,
3008 2505 3177 2569 omni

713 2604 904 2669 etiam
938 2607 1251 2672 satanicae
1282 2607 1747 2683 interventioni;
1783 2606 2097 2688 quoniam,
2146 2607 2263 2672 hac
2306 2625 2430 2672 non
2477 2606 2762 2671 obstante
2793 2608 3108 2685 cautione,
3140 2626 3175 2672 a

720 2709 1031 2773 nonnullis
1078 2730 1149 2774 ex
1205 2710 1619 2794 magnetismo
1666 2709 2021 2774 huiusmodi
2069 2711 2168 2775 vel
2224 2710 2411 2774 iidem
2467 2709 2566 2774 vel
2626 2709 2868 2792 aliquot
2924 2711 3174 2777 effectus

715 2811 951 2875 obtenti
998 2813 1125 2876 iam
1162 2811 1430 2876 fuerunt.

897 2938 931 2972 ‹
970 2915 1460 2979 Eminentissimi
1493 2915 1628 2978 DD.
1663 2914 2032 2980 eminentiae
2063 2916 2324 2991 vestrae,

807 3041 842 3074 ‹<
877 3018 968 3081 De
1006 3017 1301 3081 mandato
1340 3017 1458 3080 rmi
1487 3017 1777 3099 Episcopi
1812 3016 2223 3081 Lausanensis
2260 3019 2324 3082 et
2353 3015 2747 3094 GenevensiS,
2779 3018 3172 3082 humillimus

718 3119 1430 3201 obsequentissimusque
1476 3137 1689 3184 servus
1737 3119 1872 3184 Sac.
1920 3118 2226 3184 Xaverius
2273 3119 2579 3197 Fontana,
2618 3117 2850 3185 Canon.
2899 3119 3170 3188 Cancell.

708 3221 909 3303 Episc.

806 3348 840 3381 «
872 3322 1162 3407 Friburgi
1193 3324 1518 3389 Helvetiae
1555 3342 1627 3389 ex
1657 3323 1911 3388 aedibus
1943 3324 2143 3407 Episc.
2184 3324 2282 3388 die
2318 3325 2418 3389 19.
2452 3325 2604 3389 maii
2640 3325 2833 3389 1841.
2873 3351 2938 3389 ».

1767 3518 2114 3582 Rssrousm

808 3715 841 3747 «
883 3688 1067 3753 Sacra
1116 3688 1621 3766 Poenitentiaria‚
1672 3690 1917 3754 mature
1965 3691 2273 3771 perpensis
2319 3688 2631 3772 expositis,
2680 3690 3171 3772 respondendum

721 3795 945 3868 censet,
973 3795 1161 3874 prout
1189 3792 1548 3876 respondet:
1569 3811 1752 3856 usum
1776 3790 2193 3877 magnetismi,
2220 3792 2406 3874 prout
2442 3792 2784 3874 exponitur,
2819 3812 2944 3857 non
2970 3791 3168 3858 licere.

805 3918 838 3950 «
873 3895 1109 3958 Datum
1143 3895 1379 3960 Romae
1411 3897 1474 3960 in
1513 3915 1561 3960 s.
1596 3895 2082 3960 Poenitentiaria
2116 3894 2212 3957 die
2249 3896 2305 3958 1.
2337 3894 2454 3959 Iul.
2493 3915 2589 3960 an.
2629 3896 2820 3960 1841.

1786 4094 1822 4127 «
1855 4067 2049 4131 Cim).
2085 4064 2492 4133 Cas'riucmss
2524 4069 2611 4134 M.
2645 4070 2716 4136 Ρ.

1787 4195 1824 4230 «
1855 4170 2032 4234 Pm.
2068 4170 2364 4235 Ponatur
2397 4169 2457 4237 S.
2493 4172 2562 4237 P.
2603 4172 2986 4242 Secretarius
3018 4201 3077 4241 ».
