3497 5147
803 368 911 421 454
965 378 1177 420 maor.
1204 380 1284 419 vr.
1311 377 1472 419 anor.
1498 378 1565 418 11.
1581 378 1665 418 mn
1688 377 1969 420 amounno
1994 379 2212 420 Panno.
2242 376 2574 419 pacamur.
2599 376 2729 420 ou.
2753 379 2814 421 11.
2839 379 2967 420 nus.
2992 380 3039 420 v.
3075 366 3195 441 [590]

912 479 1089 531 XLIV.
1118 479 1166 529 3.
1187 475 1284 543 Qui
1306 473 1486 527 iuravit
1509 489 1562 527 se
1587 481 1897 528 servaturum
1938 476 2130 528 decreta
2171 479 2221 527 et
2258 476 2454 538 regulas
2492 473 2572 527 vel
2609 480 2784 527 statuta
2809 473 2999 526 alicuius
3018 474 3193 537 Congre-

802 561 1026 627 naonis,
1057 558 1403 614 universitatis
1439 561 1519 612 vel
1556 557 1788 624 Capituli,
1816 566 2001 612 tantum
2040 565 2235 612 tenetur
2276 571 2474 614 servare
2511 571 2588 622 ea,
2614 571 2737 623 quae
2773 556 2949 611 suntin
2984 557 3126 621 vigore
3156 565 3196 612 et

802 652 1041 712 qnatenus
1065 652 1179 697 sunt
1202 643 1251 696 in
1280 658 1369 696 usu
1397 646 1473 695 vel
1501 650 1760 695 servantur
1797 657 1823 694 a
1851 642 2036 695 maiore
2062 650 2201 708 parte
2226 640 2459 709 Capituli,
2487 641 2581 695 nisi
2618 650 2774 695 lamen
2812 642 2935 694 aliud
2963 649 3122 694 constet
3146 644 3197 696 de

803 737 962 783 mente
999 728 1220 791 iurantis,
1252 731 1328 780 vel
1357 727 1433 779 bie
1463 726 1675 780 voluerit
1701 742 1753 780 se
1780 728 1839 780 ad
1865 726 1950 780 illa
1974 727 2356 793 independenter
2385 742 2411 781 a
2463 726 2658 781 statutis
2681 727 2904 791 obligare.
2929 726 3054 779 Ratio
3076 734 3194 792 patet,

802 814 915 881 quia
957 812 1218 881 promissio
1243 811 1347 877 ipsa
1379 827 1470 864 non
1499 811 1639 864 aliter
1665 810 1866 874 obligat.
1892 813 2049 865 Trull.
2078 814 2108 865 Ι.
2137 827 2180 865 c.
2212 813 2359 874 Amr,
2387 813 2522 864 LesS.
2553 811 2691 865 Dian.
2721 828 2766 878 p.
2799 815 2845 865 2.
2872 819 2928 864 tr.
2953 812 2996 864 6.
3018 827 3051 864 r.
3074 813 3144 864 39.

894 917 1067 992 590.
1103 920 1319 1002 Quoad
1358 920 1657 984 servanda
1690 921 1933 984 statuta
1966 917 2248 1004 Collegii‚
2277 917 2794 1004 Congregationis
2830 921 2958 994 ete..
2981 938 3023 983 s.
3048 919 3198 1002 Alph.

802 1045 863 1089 n.
903 1026 1049 1088 181.
1082 1025 1354 1106 quatuor
1384 1022 1497 1086 has
1529 1021 1780 1105 regulas
1811 1040 1882 1085 ex
1914 1021 2047 1084 DD.
2083 1021 2409 1104 proponit:

986 1127 1052 1189 1⁰
1097 1126 1524 1191 [uramentum
1586 1123 1964 1208 intelligitur
2033 1122 2105 1187 de
2178 1124 2438 1188 statutis
2503 1123 2708 1202 editis,
2772 1143 2890 1188 non
2934 1126 3112 1188 autem
3143 1120 3202 1185 de

803 1227 1070 1293 edendis.
1414 1235 1431 1242 ·

985 1331 1054 1391 2⁰
1084 1328 1372 1412 Obligare
1417 1325 1794 1411 intelligitur
1840 1327 1954 1390 sub
1995 1325 2179 1410 'gravi
2210 1327 2308 1390 vel
2355 1327 2478 1392 levi
2502 1326 2605 1392 vel
2638 1329 2886 1392 tantum
2916 1326 3019 1391 sub
3045 1344 3204 1408 poena

804 1430 903 1494 vel
931 1432 1181 1495 tantum
1214 1430 1328 1494 sub
1361 1429 1638 1505 consilio,
1678 1428 1842 1492 sicut
1890 1428 2130 1512 obligat
2164 1430 2498 1496 statutum.

981 1535 1051 1596 3⁰
1087 1532 1227 1598 Non
1262 1531 1502 1616 obligat
1548 1530 1625 1595 ad
1672 1550 1764 1607 ea,
1797 1549 2062 1612 quorum
2097 1531 2399 1616 obligatio
2449 1532 2527 1596 ob
2563 1531 3104 1616 impossibilitatem
3127 1527 3201 1592 vel

801 1635 1266 1702 desuetudinem
1290 1654 1413 1700 non
1437 1634 1606 1718 viget
1626 1633 1722 1697 vel
1745 1633 1893 1715 quia
1918 1633 2006 1698 sic
2022 1635 2169 1697 sunt
2190 1653 2309 1698 usu
2325 1635 2591 1718 recepta,
2628 1635 2693 1697 et
2716 1634 2779 1697 id
2805 1634 2983 1709 valet,
3007 1631 3202 1696 etiamsi

796 1738 1217 1803 iuramentum
1250 1737 1322 1802 de
1360 1736 1652 1819 quopiam
1690 1735 2049 1799 huiusmodi
2081 1735 2375 1818 peculiari
2409 1737 2651 1801 statuto
2689 1737 3046 1819 praestetur.

980 1837 1050 1904 4⁰
1082 1839 1257 1920 Quod
1289 1858 1483 1922 neque
1518 1837 1759 1922 obligat
1787 1837 2227 1915 iuramentum,
2262 1839 2508 1920 quando
2557 1839 2818 1921 aliquod
2863 1839 3141 1902 statutum
3175 1852 3204 1896 a

800 1942 1024 2007 maiori
1047 1945 1222 2025 parte
1258 1939 1740 2005 Communitatis
1775 1958 1884 2003 seu
1915 1937 2178 2024 Collegii
2210 1955 2331 2004 non
2365 1940 2758 2007 observatur.

892 2043 1048 2107 Bina
1082 2042 1434 2126 applicatio.
1477 2038 1547 2105 1⁸
1588 2042 1748 2124 quod
1801 2041 2115 2118 officiam,
2156 2042 2264 2124 qui
2301 2042 2513 2106 iurant
2559 2062 2807 2108 servare
2854 2045 3048 2107 taram
3077 2057 3206 2124 prae-

801 2144 1114 2228 scriptam,
1149 2164 1269 2209 non
1301 2146 1554 2227 peccant
1602 2142 1836 2226 aliquid
1876 2144 2046 2208 aliud
2093 2144 2454 2228 recipiendo,
2484 2144 2537 2209 si
2568 2146 2719 2210 taxa
2757 2146 2859 2210 vel
2889 2141 3205 2227 stipendium

802 2248 886 2312 sit
931 2248 1328 2313 insufficiens.

983 2353 1053 2415 2³
1082 2351 1326 2428 Medici,
1360 2351 1467 2432 qui
1490 2350 1720 2427 iurant,
1757 2369 1825 2413 ex
1865 2349 2047 2414 Motu
2078 2351 2326 2433 proprio
2358 2350 2457 2414 Pii
2480 2350 2555 2414 V.
2587 2348 2792 2431 Super
2821 2370 3054 2433 yreyem
3080 2346 3207 2410 edito

804 2473 962 2518 anno
1021 2455 1234 2534 1566..
1285 2456 1617 2535 antequam
1664 2453 2027 2516 doctoratus
2080 2452 2343 2537 gradum
2398 2453 2745 2534 acquirant,
2799 2473 2863 2518 se
2908 2457 3209 2517 servaturos

798 2560 1123 2642 praecepta
1161 2556 1539 2641 Apostolica‚
1589 2557 1663 2620 ut
1692 2575 1816 2620 non
1848 2554 2147 2637 incipiant
2177 2573 2391 2620 curare
2421 2554 2771 2635 infirmum,
2822 2556 2938 2621 nisi
2969 2551 3208 2619 moneant

798 2660 872 2725 de
904 2661 1299 2737 confessione,
1333 2678 1529 2741 neque
1561 2659 1729 2723 ultra
1769 2660 1894 2722 tres
1927 2658 2054 2722 dies
2101 2658 2393 2736 invisam,
2436 2658 2557 2722 nisi
2588 2660 2826 2742 scripto
2865 2656 3208 2745 cognoscant,

795 2762 1073 2826 infirmos
1107 2781 1236 2827 esse
1267 2760 1596 2837 comesam,
1637 2780 1759 2825 non
1810 2760 2167 2843 obligantur
2202 2760 2318 2825 hoc
2350 2760 2720 2837 iuramentO,
2775 2763 3092 2845 plusquam
3119 2773 3207 2819 usn

796 2866 1110 2946 receptum
1142 2864 1243 2928 sit.
1272 2864 1372 2928 Ita
1406 2883 1453 2927 S.
1488 2863 1844 2945 Alphonsus
1875 2864 1917 2925 1.
1947 2863 2008 2924 6.
2034 2881 2093 2926 n.
2130 2862 2279 2926 664.
2315 2863 2378 2927 in
2406 2862 2547 2939 fine,
2587 2863 2695 2944 qui
2728 2865 2926 2928 etiam
2959 2862 3041 2927 ait
3070 2876 3212 2924 ercu-

801 2966 924 3029 sari
972 2966 1049 3030 ab
1096 2966 1473 3050 obligatione
1520 2964 1846 3041 medicum,
1881 2964 1932 3027 si
1963 2969 2122 3028 certe
2169 2965 2482 3029 constaret
2510 2963 2923 3030 monitionem
2969 2981 3077 3027 non
3110 2974 3210 3023 esse

798 3067 1212 3151 profuturam.

909 3194 1063 3244 XLV.
1093 3192 1139 3245 4.
1172 3190 1266 3258 Qui
1303 3189 1500 3251 iuravit,
1528 3205 1580 3242 se
1607 3197 1914 3242 servaturum
1956 3196 2215 3252 secretum,
2241 3204 2336 3242 uon
2377 3194 2547 3255 peccat
2573 3195 2741 3241 contra
2773 3189 3085 3243 iuramentum
3117 3182 3210 3237 illud

798 3278 1087 3339 detegendo,
1107 3278 1299 3341 quando
1327 3291 1418 3328 non
1449 3282 1608 3341 potest
1633 3273 1753 3327 illud
1780 3272 1930 3327 celari
1955 3277 2139 3339 absque
2158 3272 2296 3337 gravi
2322 3288 2413 3325 suo
2441 3275 2519 3326 vel
2544 3271 2751 3327 alterius
2779 3277 2991 3339 ‹lamn03
3013 3270 3111 3338 quia
3130 3268 3212 3333 ipsa

796 3361 1056 3426 promissio
1094 3360 1270 3414 secreti
1307 3375 1400 3413 non
1441 3359 1636 3413 videtur
1673 3358 1905 3423 obligare,
1945 3358 2037 3411 nisi
2076 3362 2165 3412 nac
2201 3357 2481 3413 conditione
2532 3357 2575 3412 si
2612 3372 2708 3412 non
2751 3369 2941 3414 noceat.
2991 3359 3084 3423 syl.
3119 3357 3212 3408 Bon.

792 3448 970 3500 Sanch.
998 3447 1152 3498 Trull.
1179 3447 1211 3498 l.
1238 3460 1281 3498 c.

881 3550 1035 3625 591.
1076 3553 1395 3618 Generalis
1432 3552 1651 3636 regula
1687 3571 1818 3617 esse
1849 3552 2050 3629 debet,
2081 3553 2247 3635 quod
2285 3553 2392 3619 ubi
2432 3556 2632 3618 cessat
2664 3554 2972 3640 obligatio
3011 3548 3209 3621 secreti,

792 3660 994 3724 cessat
1029 3658 1219 3722 etiam
1254 3656 1556 3740 obligatio
1586 3656 1924 3721 iuramenti
1957 3657 2198 3722 adnexi.

884 3760 975 3823 De
1008 3757 1252 3823 Secreto
1302 3759 1405 3842 agi
1442 3759 1618 3837 solet,
1653 3758 1759 3821 ubi
1792 3758 1864 3821 de
1896 3758 2071 3822 VIII.
2121 3759 2476 3841 Praecepto.
2525 3759 2845 3825 Secretum
2899 3763 2994 3825 est
3021 3761 3081 3824 1⁰
3098 3756 3216 3822 sim·

795 3860 960 3942 pler:
996 3861 1065 3922 2⁰
1097 3861 1503 3942 promissum:
1546 3860 1615 3923 3⁰
1646 3860 2066 3925 commissum.
2101 3859 2161 3925 S.
2196 3860 2494 3944 Alphons.
2533 3862 2577 3925 l.
2611 3862 2673 3925 3.
2699 3882 2759 3926 n.
2796 3864 2951 3927 970.
2986 3862 3216 3945 primum

794 3962 1005 4026 vocat:
1040 3981 1117 4024 ea:
1147 3981 1261 4023 sua
1300 3964 1553 4025 natura.

885 4061 1165 4146 Sinwleoe
1203 4063 1443 4146 obligat
1472 4064 1604 4128 iure
1636 4066 1917 4138 naturae,
1946 4066 2036 4140 ut,
2062 4064 2114 4128 si
2139 4084 2288 4128 casu
2313 4064 2469 4129 scias
2502 4064 2583 4144 id,
2617 4064 2796 4130 cuius
2828 4062 3218 4131 manifestatio

792 4166 985 4233 laedit
1017 4167 1303 4242 alterum,
1338 4166 1565 4231 teneris
1601 4166 1873 4232 celatum
1911 4186 2173 4245 servare,
2199 4166 2318 4231 nisi
2350 4167 2605 4252 gravius
2638 4167 3099 4233 incommodum
3131 4166 3219 4229 aut

795 4268 912 4331 tibi
951 4271 1064 4332 aut
1101 4268 1240 4332 aliis
1276 4267 1619 4331 immineat.

885 4368 1284 4432 Promissum
1328 4370 1572 4445 dicitur,
1622 4371 1889 4452 quand0‚
1938 4371 2163 4436 notitia
2211 4372 2459 4453 quidem
2505 4371 2594 4436 rei
2641 4371 2893 4437 aliunde
2925 4369 3220 4453 acquisita.

794 4471 934 4552 quis
958 4474 1165 4535 tamen
1190 4473 1449 4555 rogatus
1473 4473 1789 4554 promittit
1813 4492 1884 4536 ea
1909 4474 1981 4537 de
2005 4493 2070 4537 re
2094 4475 2417 4537 secretum.
2451 4474 2588 4538 Hoc
2610 4492 2732 4538 non
2763 4474 3023 4558 obligat.
3056 4471 3224 4535 etiam

792 4573 1091 4651 iuratum,
1126 4573 1371 4654 quando
1399 4573 1699 4656 obligatio
1735 4574 2054 4638 incumbat
2083 4574 2425 4659 detegendi,
2451 4578 2524 4640 ut
2550 4595 2605 4640 v.
2631 4595 2725 4661 gr.
2759 4575 2815 4639 si
2847 4570 3226 4656 interrogaris
