<?xml version="1.0" encoding="UTF-8"?>
<!DOCTYPE html PUBLIC "-//W3C//DTD XHTML 1.0 Transitional//EN"
    "http://www.w3.org/TR/xhtml1/DTD/xhtml1-transitional.dtd">
<html xmlns="http://www.w3.org/1999/xhtml" xml:lang="en" lang="en">
 <head>
  <title>
</title>
<meta http-equiv="Content-Type" content="text/html;charset=utf-8" />
  <meta name='ocr-system' content='tesseract 3.04.00' />
  <meta name='ocr-capabilities' content='ocr_page ocr_carea ocr_par ocr_line ocrx_word'/>
</head>
<body>
  <div class='ocr_page' id='page_1' title='image "./opustheologicum00ballgoog/opustheologicum00ballgoog_0590.png"; bbox 0 0 3497 5147; ppageno 0'>
   <div class='ocr_carea' id='block_1_1' title="bbox 416 330 2891 401">
    <p class='ocr_par' dir='ltr' id='par_1_1' title="bbox 416 330 2891 401">
     <span class='ocr_line' id='line_1_1' title="bbox 416 330 2891 401; baseline 0.003 -15"><span class='ocrx_word' id='word_1_1' title='bbox 416 330 563 401; x_wconf 88' lang='grc'><strong>[794]</strong></span> <span class='ocrx_word' id='word_1_2' title='bbox 1265 345 1353 385; x_wconf 71' lang='lat' dir='ltr'>mn</span> <span class='ocrx_word' id='word_1_3' title='bbox 1389 345 1714 388; x_wconf 66' lang='lat' dir='ltr'>ommnns</span> <span class='ocrx_word' id='word_1_4' title='bbox 1748 347 2032 390; x_wconf 65' lang='lat' dir='ltr'>munus</span> <span class='ocrx_word' id='word_1_5' title='bbox 2779 338 2891 395; x_wconf 67' lang='lat'>583</span> 
     </span>
    </p>
   </div>
   <div class='ocr_carea' id='block_1_2' title="bbox 413 440 2891 935">
    <p class='ocr_par' dir='ltr' id='par_1_2' title="bbox 414 440 2887 628">
     <span class='ocr_line' id='line_1_2' title="bbox 415 440 2887 533; baseline 0.003 -27"><span class='ocrx_word' id='word_1_6' title='bbox 415 441 658 525; x_wconf 78' lang='lat' dir='ltr'>possint</span> <span class='ocrx_word' id='word_1_7' title='bbox 689 441 812 506; x_wconf 91' lang='lat' dir='ltr'>duo</span> <span class='ocrx_word' id='word_1_8' title='bbox 860 440 1257 525; x_wconf 85' lang='lat' dir='ltr'>privilegium</span> <span class='ocrx_word' id='word_1_9' title='bbox 1296 461 1589 519; x_wconf 85' lang='lat' dir='ltr'>exercere,</span> <span class='ocrx_word' id='word_1_10' title='bbox 1625 463 1682 507; x_wconf 87' lang='lat' dir='ltr'>v.</span> <span class='ocrx_word' id='word_1_11' title='bbox 1717 463 1812 529; x_wconf 85' lang='lat' dir='ltr'>gr.</span> <span class='ocrx_word' id='word_1_12' title='bbox 1846 444 1912 508; x_wconf 93' lang='lat' dir='ltr'>in</span> <span class='ocrx_word' id='word_1_13' title='bbox 1942 445 2324 528; x_wconf 87' lang='lat' dir='ltr'>palatiorum</span> <span class='ocrx_word' id='word_1_14' title='bbox 2371 446 2654 528; x_wconf 89' lang='lat' dir='ltr'>partibus</span> <span class='ocrx_word' id='word_1_15' title='bbox 2687 467 2887 533; x_wconf 85' lang='lat' dir='ltr'>segre-</span> 
     </span>
     <span class='ocr_line' id='line_1_3' title="bbox 414 543 1710 628; baseline 0 -20"><span class='ocrx_word' id='word_1_16' title='bbox 414 543 613 628; x_wconf 86' lang='lat' dir='ltr'>gatis:</span> <span class='ocrx_word' id='word_1_17' title='bbox 647 543 795 608; x_wconf 87' lang='lat' dir='ltr'>licet</span> <span class='ocrx_word' id='word_1_18' title='bbox 828 543 1010 608; x_wconf 87' lang='lat' dir='ltr'>unica</span> <span class='ocrx_word' id='word_1_19' title='bbox 1043 543 1127 608; x_wconf 89' lang='lat' dir='ltr'>sit</span> <span class='ocrx_word' id='word_1_20' title='bbox 1156 543 1345 608; x_wconf 88' lang='lat' dir='ltr'>ianua</span> <span class='ocrx_word' id='word_1_21' title='bbox 1379 546 1492 608; x_wconf 85' lang='lat' dir='ltr'>aut</span> <span class='ocrx_word' id='word_1_22' title='bbox 1523 544 1710 609; x_wconf 90' lang='lat' dir='ltr'>scala.</span> 
     </span>
    </p>

    <p class='ocr_par' dir='ltr' id='par_1_3' title="bbox 413 644 2891 935">
     <span class='ocr_line' id='line_1_4' title="bbox 503 644 2887 732; baseline 0.003 -23"><span class='ocrx_word' id='word_1_23' title='bbox 503 644 574 709; x_wconf 93' lang='lat' dir='ltr'>Id</span> <span class='ocrx_word' id='word_1_24' title='bbox 606 645 958 710; x_wconf 74' lang='lat' dir='ltr'>extenditur</span> <span class='ocrx_word' id='word_1_25' title='bbox 989 645 1067 708; x_wconf 89' lang='lat' dir='ltr'>ad</span> <span class='ocrx_word' id='word_1_26' title='bbox 1098 646 1326 729; x_wconf 81' lang='lat' dir='ltr'>parteS,</span> <span class='ocrx_word' id='word_1_27' title='bbox 1366 665 1633 728; x_wconf 87' lang='lat' dir='ltr'>quarum</span> <span class='ocrx_word' id='word_1_28' title='bbox 1667 647 1867 712; x_wconf 87' lang='lat' dir='ltr'>altera</span> <span class='ocrx_word' id='word_1_29' title='bbox 1914 647 2212 732; x_wconf 83' lang='lat' dir='ltr'>superior,</span> <span class='ocrx_word' id='word_1_30' title='bbox 2251 649 2448 713; x_wconf 87' lang='lat' dir='ltr'>altera</span> <span class='ocrx_word' id='word_1_31' title='bbox 2496 650 2583 714; x_wconf 89' lang='lat' dir='ltr'>sit</span> <span class='ocrx_word' id='word_1_32' title='bbox 2615 650 2887 730; x_wconf 87' lang='lat' dir='ltr'>inferior,</span> 
     </span>
     <span class='ocr_line' id='line_1_5' title="bbox 413 746 2891 832; baseline 0.004 -22"><span class='ocrx_word' id='word_1_33' title='bbox 413 746 749 812; x_wconf 89' lang='lat' dir='ltr'>dummodo</span> <span class='ocrx_word' id='word_1_34' title='bbox 774 747 991 811; x_wconf 85' lang='lat' dir='ltr'>tantus</span> <span class='ocrx_word' id='word_1_35' title='bbox 1024 746 1111 811; x_wconf 90' lang='lat' dir='ltr'>sit</span> <span class='ocrx_word' id='word_1_36' title='bbox 1138 747 1547 812; x_wconf 77' lang='lat' dir='ltr'>habitationis</span> <span class='ocrx_word' id='word_1_37' title='bbox 1572 749 1859 832; x_wconf 88' lang='lat' dir='ltr'>propriae</span> <span class='ocrx_word' id='word_1_38' title='bbox 1890 751 2085 828; x_wconf 89' lang='lat' dir='ltr'>locus,</span> <span class='ocrx_word' id='word_1_39' title='bbox 2115 752 2423 832; x_wconf 89' lang='lat' dir='ltr'>quantum</span> <span class='ocrx_word' id='word_1_40' title='bbox 2450 752 2649 817; x_wconf 87' lang='lat' dir='ltr'>altera</span> <span class='ocrx_word' id='word_1_41' title='bbox 2672 753 2891 820; x_wconf 87' lang='lat' dir='ltr'>decens</span> 
     </span>
     <span class='ocr_line' id='line_1_6' title="bbox 414 848 2673 935; baseline 0.003 -23"><span class='ocrx_word' id='word_1_42' title='bbox 414 849 636 913; x_wconf 90' lang='lat' dir='ltr'>domus</span> <span class='ocrx_word' id='word_1_43' title='bbox 668 848 1111 932; x_wconf 78' lang='lat' dir='ltr'>suppeditaret.</span> <span class='ocrx_word' id='word_1_44' title='bbox 1146 848 1288 913; x_wconf 92' lang='lat' dir='ltr'>Vid.</span> <span class='ocrx_word' id='word_1_45' title='bbox 1324 848 1616 915; x_wconf 83' lang='lat' dir='ltr'>Gatticus</span> <span class='ocrx_word' id='word_1_46' title='bbox 1647 852 1721 915; x_wconf 87' lang='lat' dir='ltr'>de</span> <span class='ocrx_word' id='word_1_47' title='bbox 1765 851 1939 918; x_wconf 73' lang='lat' dir='ltr'>Orat.</span> <span class='ocrx_word' id='word_1_48' title='bbox 1975 871 2110 935; x_wconf 86' lang='lat' dir='ltr'>cap.</span> <span class='ocrx_word' id='word_1_49' title='bbox 2148 853 2254 916; x_wconf 82' lang='lat'>22.</span> <span class='ocrx_word' id='word_1_50' title='bbox 2288 872 2393 917; x_wconf 90' lang='lat' dir='ltr'>nn.</span> <span class='ocrx_word' id='word_1_51' title='bbox 2429 854 2673 919; x_wconf 81' lang='lat'>25.-28.</span> 
     </span>
    </p>
   </div>
   <div class='ocr_carea' id='block_1_3' title="bbox 505 953 2889 1040">
    <p class='ocr_par' dir='ltr' id='par_1_4' title="bbox 505 953 2889 1040">
     <span class='ocr_line' id='line_1_7' title="bbox 505 953 2889 1040; baseline 0.003 -24"><span class='ocrx_word' id='word_1_52' title='bbox 505 953 586 1016; x_wconf 84' lang='lat' dir='ltr'>Et</span> <span class='ocrx_word' id='word_1_53' title='bbox 615 954 679 1016; x_wconf 89' lang='lat' dir='ltr'>in</span> <span class='ocrx_word' id='word_1_54' title='bbox 711 954 829 1017; x_wconf 89' lang='lat' dir='ltr'>hoc</span> <span class='ocrx_word' id='word_1_55' title='bbox 856 954 1223 1018; x_wconf 78' lang='lat' dir='ltr'>limitandas</span> <span class='ocrx_word' id='word_1_56' title='bbox 1257 973 1304 1018; x_wconf 88' lang='grc'><strong>3.</strong></span> <span class='ocrx_word' id='word_1_57' title='bbox 1331 954 1539 1037; x_wconf 88' lang='lat' dir='ltr'>Alph.,</span> <span class='ocrx_word' id='word_1_58' title='bbox 1576 955 1685 1037; x_wconf 91' lang='lat' dir='ltr'>qui</span> <span class='ocrx_word' id='word_1_59' title='bbox 1707 958 1909 1040; x_wconf 30' lang='lat' dir='ltr'>,negat</span> <span class='ocrx_word' id='word_1_60' title='bbox 1937 956 2142 1021; x_wconf 86' lang='lat' dir='ltr'>valide</span> <span class='ocrx_word' id='word_1_61' title='bbox 2173 956 2520 1039; x_wconf 89' lang='lat' dir='ltr'>impetrari,</span> <span class='ocrx_word' id='word_1_62' title='bbox 2547 957 2602 1021; x_wconf 92' lang='lat' dir='ltr'>si</span> <span class='ocrx_word' id='word_1_63' title='bbox 2635 958 2794 1023; x_wconf 88' lang='lat' dir='ltr'>alter</span> <span class='ocrx_word' id='word_1_64' title='bbox 2826 959 2889 1022; x_wconf 92' lang='lat' dir='ltr'>in</span> 
     </span>
    </p>
   </div>
   <div class='ocr_carea' id='block_1_4' title="bbox 416 1055 3024 1142">
    <p class='ocr_par' dir='ltr' id='par_1_5' title="bbox 416 1055 3024 1142">
     <span class='ocr_line' id='line_1_8' title="bbox 416 1055 3024 1142; baseline 0.002 -22"><span class='ocrx_word' id='word_1_65' title='bbox 416 1055 613 1120; x_wconf 82' lang='lat' dir='ltr'>altera</span> <span class='ocrx_word' id='word_1_66' title='bbox 645 1057 820 1139; x_wconf 88' lang='lat' dir='ltr'>parte</span> <span class='ocrx_word' id='word_1_67' title='bbox 851 1055 1385 1141; x_wconf 82' lang='lat' dir='ltr'>(appartamento)</span> <span class='ocrx_word' id='word_1_68' title='bbox 1417 1057 1815 1142; x_wconf 83' lang='lat' dir='ltr'>privilegium</span> <span class='ocrx_word' id='word_1_69' title='bbox 1848 1059 2082 1123; x_wconf 59' lang='lat' dir='ltr'>habeat,</span> <span class='ocrx_word' id='word_1_70' title='bbox 2106 1058 2215 1122; x_wconf 92' lang='lat' dir='ltr'>lib.</span> <span class='ocrx_word' id='word_1_71' title='bbox 2243 1059 2304 1122; x_wconf 86' lang='lat'>3.</span> <span class='ocrx_word' id='word_1_72' title='bbox 2330 1078 2392 1122; x_wconf 90' lang='lat' dir='ltr'>n.</span> <span class='ocrx_word' id='word_1_73' title='bbox 2413 1059 2565 1124; x_wconf 89' lang='lat'>318.</span> <span class='ocrx_word' id='word_1_74' title='bbox 2592 1057 2802 1125; x_wconf 86' lang='lat' dir='ltr'>Olaus.</span> <span class='ocrx_word' id='word_1_75' title='bbox 2826 1063 2886 1126; x_wconf 84' lang='lat'>5.</span> <span class='ocrx_word' id='word_1_76' title='bbox 3017 1102 3024 1108; x_wconf 94' lang='lat'><em>-</em></span> 
     </span>
    </p>
   </div>
   <div class='ocr_carea' id='block_1_5' title="bbox 1134 1260 2171 1344">
    <p class='ocr_par' dir='ltr' id='par_1_6' title="bbox 1134 1260 2171 1344">
     <span class='ocr_line' id='line_1_9' title="bbox 1134 1260 2171 1344; baseline 0.003 -19"><span class='ocrx_word' id='word_1_77' title='bbox 1134 1260 1273 1326; x_wconf 82' lang='lat' dir='ltr'>Per</span> <span class='ocrx_word' id='word_1_78' title='bbox 1301 1282 1740 1344; x_wconf 78' lang='lat' dir='ltr'>quemcumque</span> <span class='ocrx_word' id='word_1_79' title='bbox 1771 1264 2171 1328; x_wconf 78' lang='lat' dir='ltr'>sacerdotem.</span> 
     </span>
    </p>
   </div>
   <div class='ocr_carea' id='block_1_6' title="bbox 411 1437 2888 1726">
    <p class='ocr_par' dir='ltr' id='par_1_7' title="bbox 411 1437 2888 1726">
     <span class='ocr_line' id='line_1_10' title="bbox 503 1437 2885 1521; baseline 0.002 -17"><span class='ocrx_word' id='word_1_80' title='bbox 503 1437 835 1504; x_wconf 77' lang='lat' dir='ltr'>CLAUSULA</span> <span class='ocrx_word' id='word_1_81' title='bbox 867 1440 977 1503; x_wconf 87' lang='lat' dir='ltr'>Vl.</span> <span class='ocrx_word' id='word_1_82' title='bbox 1011 1477 1097 1487; x_wconf 92' lang='lat'>—-</span> <span class='ocrx_word' id='word_1_83' title='bbox 1129 1439 1268 1504; x_wconf 80' lang='lat' dir='ltr'>Per</span> <span class='ocrx_word' id='word_1_84' title='bbox 1299 1460 1730 1521; x_wconf 81' lang='lat' dir='ltr'>quemcumque</span> <span class='ocrx_word' id='word_1_85' title='bbox 1771 1441 2149 1506; x_wconf 76' lang='lat' dir='ltr'>sacerdotem</span> <span class='ocrx_word' id='word_1_86' title='bbox 2178 1441 2257 1505; x_wconf 87' lang='lat' dir='ltr'>ab</span> <span class='ocrx_word' id='word_1_87' title='bbox 2297 1440 2505 1505; x_wconf 85' lang='lat' dir='ltr'>eodem</span> <span class='ocrx_word' id='word_1_88' title='bbox 2546 1441 2885 1508; x_wconf 64' lang='lat' dir='ltr'>Ordiuar‘e&#39;o</span> 
     </span>
     <span class='ocr_line' id='line_1_11' title="bbox 411 1541 2880 1626; baseline 0.002 -21"><span class='ocrx_word' id='word_1_89' title='bbox 411 1541 821 1622; x_wconf 63' lang='lat' dir='ltr'>afflabatum</span> <span class='ocrx_word' id='word_1_90' title='bbox 849 1542 1210 1618; x_wconf 86' lang='lat' dir='ltr'>secularem,</span> <span class='ocrx_word' id='word_1_91' title='bbox 1241 1562 1351 1606; x_wconf 82' lang='lat' dir='ltr'>seu</span> <span class='ocrx_word' id='word_1_92' title='bbox 1382 1543 1454 1606; x_wconf 79' lang='lat' dir='ltr'>de</span> <span class='ocrx_word' id='word_1_93' title='bbox 1484 1544 1878 1622; x_wconf 73' lang='lat' dir='ltr'>superiorum</span> <span class='ocrx_word' id='word_1_94' title='bbox 1908 1564 2161 1607; x_wconf 84' lang='lat' dir='ltr'>suorum</span> <span class='ocrx_word' id='word_1_95' title='bbox 2196 1543 2451 1608; x_wconf 68' lang='lat' dir='ltr'>licentia</span> <span class='ocrx_word' id='word_1_96' title='bbox 2475 1544 2880 1626; x_wconf 76' lang='lat' dir='ltr'>Rcyularem.</span> 
     </span>
     <span class='ocr_line' id='line_1_12' title="bbox 502 1642 2888 1726; baseline 0.002 -19"><span class='ocrx_word' id='word_1_97' title='bbox 502 1642 642 1708; x_wconf 92' lang='lat' dir='ltr'>Non</span> <span class='ocrx_word' id='word_1_98' title='bbox 688 1644 1027 1725; x_wconf 88' lang='lat' dir='ltr'>requiritur</span> <span class='ocrx_word' id='word_1_99' title='bbox 1073 1644 1204 1708; x_wconf 84' lang='lat' dir='ltr'>ulla</span> <span class='ocrx_word' id='word_1_100' title='bbox 1235 1644 1517 1726; x_wconf 87' lang='lat' dir='ltr'>specialis</span> <span class='ocrx_word' id='word_1_101' title='bbox 1544 1644 1867 1726; x_wconf 84' lang='lat' dir='ltr'>deputatio</span> <span class='ocrx_word' id='word_1_102' title='bbox 1903 1645 2278 1723; x_wconf 80' lang='lat' dir='ltr'>sacerdotis3</span> <span class='ocrx_word' id='word_1_103' title='bbox 2320 1645 2426 1710; x_wconf 85' lang='lat' dir='ltr'>sed</span> <span class='ocrx_word' id='word_1_104' title='bbox 2458 1645 2614 1711; x_wconf 85' lang='lat' dir='ltr'>satis</span> <span class='ocrx_word' id='word_1_105' title='bbox 2652 1649 2764 1724; x_wconf 86' lang='lat' dir='ltr'>est,</span> <span class='ocrx_word' id='word_1_106' title='bbox 2815 1649 2888 1712; x_wconf 89' lang='grc'>111</span> 
     </span>
    </p>
   </div>
   <div class='ocr_carea' id='block_1_7' title="bbox 410 1746 2887 1932">
    <p class='ocr_par' dir='ltr' id='par_1_8' title="bbox 410 1746 2887 1932">
     <span class='ocr_line' id='line_1_13' title="bbox 411 1746 2887 1827; baseline 0.001 -17"><span class='ocrx_word' id='word_1_107' title='bbox 411 1746 666 1811; x_wconf 89' lang='lat' dir='ltr'>idoneus</span> <span class='ocrx_word' id='word_1_108' title='bbox 699 1746 783 1810; x_wconf 90' lang='lat' dir='ltr'>sit</span> <span class='ocrx_word' id='word_1_109' title='bbox 830 1746 903 1810; x_wconf 86' lang='lat' dir='ltr'>ad</span> <span class='ocrx_word' id='word_1_110' title='bbox 939 1746 1373 1811; x_wconf 86' lang='lat' dir='ltr'>celebrandum</span> <span class='ocrx_word' id='word_1_111' title='bbox 1406 1746 1471 1811; x_wconf 92' lang='grc'>111</span> <span class='ocrx_word' id='word_1_112' title='bbox 1513 1747 1653 1812; x_wconf 90' lang='lat' dir='ltr'>aliis</span> <span class='ocrx_word' id='word_1_113' title='bbox 1688 1749 1881 1813; x_wconf 86' lang='lat' dir='ltr'>sacris</span> <span class='ocrx_word' id='word_1_114' title='bbox 1907 1748 2079 1826; x_wconf 84' lang='grc'><strong>10013,</strong></span> <span class='ocrx_word' id='word_1_115' title='bbox 2115 1749 2245 1813; x_wconf 86' lang='lat' dir='ltr'>sive</span> <span class='ocrx_word' id='word_1_116' title='bbox 2279 1748 2573 1813; x_wconf 85' lang='lat' dir='ltr'>secularis</span> <span class='ocrx_word' id='word_1_117' title='bbox 2620 1750 2723 1827; x_wconf 88' lang='lat' dir='ltr'>sit,</span> <span class='ocrx_word' id='word_1_118' title='bbox 2757 1750 2887 1814; x_wconf 88' lang='lat' dir='ltr'>sive</span> 
     </span>
     <span class='ocr_line' id='line_1_14' title="bbox 410 1846 1737 1932; baseline -0.001 -19"><span class='ocrx_word' id='word_1_119' title='bbox 410 1847 734 1932; x_wconf 87' lang='lat' dir='ltr'>regularis.</span> <span class='ocrx_word' id='word_1_120' title='bbox 769 1848 911 1913; x_wconf 91' lang='lat' dir='ltr'>Vid.</span> <span class='ocrx_word' id='word_1_121' title='bbox 947 1868 996 1913; x_wconf 90' lang='lat' dir='ltr'>s.</span> <span class='ocrx_word' id='word_1_122' title='bbox 1031 1848 1217 1930; x_wconf 90' lang='lat' dir='ltr'>Alph.</span> <span class='ocrx_word' id='word_1_123' title='bbox 1252 1848 1293 1912; x_wconf 93' lang='grc'>1.</span> <span class='ocrx_word' id='word_1_124' title='bbox 1337 1869 1387 1912; x_wconf 86' lang='grc'><strong>0.</strong></span> <span class='ocrx_word' id='word_1_125' title='bbox 1430 1846 1639 1913; x_wconf 83' lang='lat' dir='ltr'>Claus.</span> <span class='ocrx_word' id='word_1_126' title='bbox 1676 1850 1737 1912; x_wconf 87' lang='lat'>6.</span> 
     </span>
    </p>
   </div>
   <div class='ocr_carea' id='block_1_8' title="bbox 971 2038 2325 2121">
    <p class='ocr_par' dir='ltr' id='par_1_9' title="bbox 971 2038 2325 2121">
     <span class='ocr_line' id='line_1_15' title="bbox 971 2038 2325 2121; baseline 0 -18"><span class='ocrx_word' id='word_1_127' title='bbox 971 2038 1121 2104; x_wconf 78' lang='lat' dir='ltr'>Siue</span> <span class='ocrx_word' id='word_1_128' title='bbox 1139 2039 1535 2120; x_wconf 73' lang='lat' dir='ltr'>praeiudicio</span> <span class='ocrx_word' id='word_1_129' title='bbox 1574 2040 1814 2103; x_wconf 76' lang='lat' dir='ltr'>iuriam</span> <span class='ocrx_word' id='word_1_130' title='bbox 1837 2039 2325 2121; x_wconf 77' lang='lat' dir='ltr'>parochialium.</span> 
     </span>
    </p>
   </div>
   <div class='ocr_carea' id='block_1_9' title="bbox 394 2205 2884 2806">
    <p class='ocr_par' dir='ltr' id='par_1_10' title="bbox 394 2205 2884 2391">
     <span class='ocr_line' id='line_1_16' title="bbox 499 2205 2884 2292; baseline 0.002 -21"><span class='ocrx_word' id='word_1_131' title='bbox 499 2205 830 2273; x_wconf 80' lang='lat' dir='ltr'><strong>CLAUSULA</strong></span> <span class='ocrx_word' id='word_1_132' title='bbox 855 2209 999 2273; x_wconf 90' lang='lat' dir='ltr'>VII.</span> <span class='ocrx_word' id='word_1_133' title='bbox 1036 2246 1121 2254; x_wconf 93' lang='grc'>-</span> <span class='ocrx_word' id='word_1_134' title='bbox 1158 2207 1308 2272; x_wconf 76' lang='lat' dir='ltr'>Siue</span> <span class='ocrx_word' id='word_1_135' title='bbox 1337 2213 1543 2272; x_wconf 78' lang='lat' dir='ltr'>tamen</span> <span class='ocrx_word' id='word_1_136' title='bbox 1592 2230 2114 2292; x_wconf 77' lang='lat' dir='ltr'>quorumcmnque</span> <span class='ocrx_word' id='word_1_137' title='bbox 2159 2212 2395 2274; x_wconf 56' lang='lat' dir='ltr'>durium</span> <span class='ocrx_word' id='word_1_138' title='bbox 2417 2211 2884 2292; x_wconf 73' lang='lat' dir='ltr'>parochialium</span> 
     </span>
     <span class='ocr_line' id='line_1_17' title="bbox 394 2312 813 2391; baseline 0.005 -17"><span class='ocrx_word' id='word_1_139' title='bbox 394 2312 813 2391; x_wconf 79' lang='lat' dir='ltr'>praeiudicio.</span> 
     </span>
    </p>

    <p class='ocr_par' dir='ltr' id='par_1_11' title="bbox 406 2413 2882 2601">
     <span class='ocr_line' id='line_1_18' title="bbox 496 2413 2882 2497; baseline 0.002 -21"><span class='ocrx_word' id='word_1_140' title='bbox 496 2413 801 2479; x_wconf 85' lang='lat' dir='ltr'>Videlicet</span> <span class='ocrx_word' id='word_1_141' title='bbox 831 2414 1143 2479; x_wconf 86' lang='lat' dir='ltr'>celebrans</span> <span class='ocrx_word' id='word_1_142' title='bbox 1178 2416 1396 2497; x_wconf 87' lang='lat' dir='ltr'>nequit</span> <span class='ocrx_word' id='word_1_143' title='bbox 1430 2416 1802 2480; x_wconf 87' lang='lat' dir='ltr'>annuntiare</span> <span class='ocrx_word' id='word_1_144' title='bbox 1837 2415 2260 2494; x_wconf 86' lang='lat' dir='ltr'>matrimonia,</span> <span class='ocrx_word' id='word_1_145' title='bbox 2304 2416 2531 2479; x_wconf 88' lang='lat' dir='ltr'>ieiunia</span> <span class='ocrx_word' id='word_1_146' title='bbox 2563 2418 2701 2494; x_wconf 63' lang='lat' dir='ltr'>etc„</span> <span class='ocrx_word' id='word_1_147' title='bbox 2725 2435 2882 2497; x_wconf 88' lang='lat' dir='ltr'>quae</span> 
     </span>
     <span class='ocr_line' id='line_1_19' title="bbox 406 2517 1205 2601; baseline -0.003 -19"><span class='ocrx_word' id='word_1_148' title='bbox 406 2518 691 2600; x_wconf 84' lang='lat' dir='ltr'>spectant</span> <span class='ocrx_word' id='word_1_149' title='bbox 723 2518 800 2582; x_wconf 83' lang='lat' dir='ltr'>ad</span> <span class='ocrx_word' id='word_1_150' title='bbox 847 2517 1205 2601; x_wconf 87' lang='lat' dir='ltr'>parochum.</span> 
     </span>
    </p>

    <p class='ocr_par' dir='ltr' id='par_1_12' title="bbox 406 2620 2880 2806">
     <span class='ocr_line' id='line_1_20' title="bbox 496 2620 2880 2704; baseline 0.001 -21"><span class='ocrx_word' id='word_1_151' title='bbox 496 2620 868 2685; x_wconf 82' lang='lat' dir='ltr'>Benedictus</span> <span class='ocrx_word' id='word_1_152' title='bbox 894 2620 1065 2684; x_wconf 82' lang='lat' dir='ltr'>XIV.</span> <span class='ocrx_word' id='word_1_153' title='bbox 1085 2621 1423 2703; x_wconf 87' lang='lat' dir='ltr'>prohibuit,</span> <span class='ocrx_word' id='word_1_154' title='bbox 1444 2641 1518 2685; x_wconf 92' lang='lat' dir='ltr'>ne</span> <span class='ocrx_word' id='word_1_155' title='bbox 1542 2621 1938 2686; x_wconf 84' lang='lat' dir='ltr'>Eucharistia</span> <span class='ocrx_word' id='word_1_156' title='bbox 1967 2621 2447 2686; x_wconf 88' lang='lat' dir='ltr'>ministraretur.</span> <span class='ocrx_word' id='word_1_157' title='bbox 2461 2621 2602 2685; x_wconf 89' lang='lat' dir='ltr'>Vid.</span> <span class='ocrx_word' id='word_1_158' title='bbox 2625 2641 2675 2686; x_wconf 90' lang='grc'><strong>3.</strong></span> <span class='ocrx_word' id='word_1_159' title='bbox 2694 2622 2880 2704; x_wconf 86' lang='lat' dir='ltr'>Alph.</span> 
     </span>
     <span class='ocr_line' id='line_1_21' title="bbox 406 2720 2788 2806; baseline -0 -18"><span class='ocrx_word' id='word_1_160' title='bbox 406 2723 554 2788; x_wconf 90' lang='lat' dir='ltr'>ibid.</span> <span class='ocrx_word' id='word_1_161' title='bbox 593 2720 801 2787; x_wconf 85' lang='lat' dir='ltr'>Claus.</span> <span class='ocrx_word' id='word_1_162' title='bbox 833 2723 913 2801; x_wconf 89' lang='grc'>7.,</span> <span class='ocrx_word' id='word_1_163' title='bbox 943 2722 1173 2804; x_wconf 87' lang='lat' dir='ltr'>absque</span> <span class='ocrx_word' id='word_1_164' title='bbox 1210 2722 1461 2787; x_wconf 83' lang='lat' dir='ltr'>licentia</span> <span class='ocrx_word' id='word_1_165' title='bbox 1494 2723 1800 2806; x_wconf 82' lang='lat' dir='ltr'>Episcopi.</span> <span class='ocrx_word' id='word_1_166' title='bbox 1834 2723 1978 2788; x_wconf 91' lang='lat' dir='ltr'>Vid.</span> <span class='ocrx_word' id='word_1_167' title='bbox 2012 2725 2121 2788; x_wconf 89' lang='lat' dir='ltr'>lib.</span> <span class='ocrx_word' id='word_1_168' title='bbox 2158 2724 2218 2789; x_wconf 93' lang='lat'>6.</span> <span class='ocrx_word' id='word_1_169' title='bbox 2259 2745 2318 2787; x_wconf 94' lang='grc'>11.</span> <span class='ocrx_word' id='word_1_170' title='bbox 2354 2725 2504 2789; x_wconf 84' lang='grc'><strong>359.</strong></span> <span class='ocrx_word' id='word_1_171' title='bbox 2537 2725 2601 2788; x_wconf 83' lang='lat' dir='ltr'>In</span> <span class='ocrx_word' id='word_1_172' title='bbox 2646 2724 2788 2788; x_wconf 89' lang='lat' dir='ltr'>fine.</span> 
     </span>
    </p>
   </div>
   <div class='ocr_carea' id='block_1_10' title="bbox 1418 2928 1866 3009">
    <p class='ocr_par' dir='ltr' id='par_1_13' title="bbox 1418 2928 1866 3009">
     <span class='ocr_line' id='line_1_22' title="bbox 1418 2928 1866 3009; baseline 0 -16"><span class='ocrx_word' id='word_1_173' title='bbox 1418 2928 1580 2994; x_wconf 75' lang='lat' dir='ltr'>Dies</span> <span class='ocrx_word' id='word_1_174' title='bbox 1611 2930 1866 3009; x_wconf 75' lang='lat' dir='ltr'>excepti.</span> 
     </span>
    </p>
   </div>
   <div class='ocr_carea' id='block_1_11' title="bbox 405 3104 2882 4617">
    <p class='ocr_par' dir='ltr' id='par_1_14' title="bbox 408 3104 2882 3288">
     <span class='ocr_line' id='line_1_23' title="bbox 497 3104 2882 3184; baseline -0.001 -13"><span class='ocrx_word' id='word_1_175' title='bbox 497 3105 827 3171; x_wconf 73' lang='lat' dir='ltr'>CLAUSULA</span> <span class='ocrx_word' id='word_1_176' title='bbox 862 3107 1037 3171; x_wconf 87' lang='lat' dir='ltr'>VIII.</span> <span class='ocrx_word' id='word_1_177' title='bbox 1069 3143 1152 3154; x_wconf 95' lang='lat'>—</span> <span class='ocrx_word' id='word_1_178' title='bbox 1186 3105 1528 3171; x_wconf 80' lang='lat' dir='ltr'>Paschatis</span> <span class='ocrx_word' id='word_1_179' title='bbox 1559 3104 2084 3184; x_wconf 77' lang='lat' dir='ltr'>Resurrectiouis,</span> <span class='ocrx_word' id='word_1_180' title='bbox 2110 3105 2513 3172; x_wconf 77' lang='lat' dir='ltr'>Pentecostes</span> <span class='ocrx_word' id='word_1_181' title='bbox 2542 3112 2604 3171; x_wconf 75' lang='lat' dir='ltr'>et</span> <span class='ocrx_word' id='word_1_182' title='bbox 2631 3106 2882 3171; x_wconf 77' lang='lat' dir='ltr'>Nativi-</span> 
     </span>
     <span class='ocr_line' id='line_1_24' title="bbox 408 3207 2584 3288; baseline 0 -16"><span class='ocrx_word' id='word_1_183' title='bbox 408 3209 558 3272; x_wconf 80' lang='lat' dir='ltr'>tatis</span> <span class='ocrx_word' id='word_1_184' title='bbox 603 3207 691 3272; x_wconf 90' lang='lat' dir='ltr'>D.</span> <span class='ocrx_word' id='word_1_185' title='bbox 727 3208 813 3272; x_wconf 89' lang='lat' dir='ltr'>N.</span> <span class='ocrx_word' id='word_1_186' title='bbox 841 3208 899 3273; x_wconf 93' lang='grc' dir='ltr'>Ι.</span> <span class='ocrx_word' id='word_1_187' title='bbox 944 3207 1036 3282; x_wconf 74' lang='lat' dir='ltr'>G„</span> <span class='ocrx_word' id='word_1_188' title='bbox 1070 3229 1180 3272; x_wconf 82' lang='lat' dir='ltr'>nec</span> <span class='ocrx_word' id='word_1_189' title='bbox 1209 3227 1338 3270; x_wconf 80' lang='lat' dir='ltr'>non</span> <span class='ocrx_word' id='word_1_190' title='bbox 1368 3207 1519 3271; x_wconf 79' lang='lat' dir='ltr'>aliis</span> <span class='ocrx_word' id='word_1_191' title='bbox 1543 3207 2047 3272; x_wconf 65' lang='lat' dir='ltr'>sollemnioribm</span> <span class='ocrx_word' id='word_1_192' title='bbox 2078 3207 2257 3287; x_wconf 73' lang='lat' dir='ltr'>festis</span> <span class='ocrx_word' id='word_1_193' title='bbox 2293 3209 2584 3288; x_wconf 72' lang='lat' dir='ltr'>eoeceptiS.</span> 
     </span>
    </p>

    <p class='ocr_par' dir='ltr' id='par_1_15' title="bbox 406 3305 2882 3597">
     <span class='ocr_line' id='line_1_25' title="bbox 496 3305 2882 3387; baseline -0.002 -7"><span class='ocrx_word' id='word_1_194' title='bbox 496 3305 671 3380; x_wconf 79' lang='grc'><strong>794.</strong></span> <span class='ocrx_word' id='word_1_195' title='bbox 712 3311 785 3375; x_wconf 90' lang='grc'>111</span> <span class='ocrx_word' id='word_1_196' title='bbox 833 3310 1105 3376; x_wconf 81' lang='lat' dir='ltr'>formula</span> <span class='ocrx_word' id='word_1_197' title='bbox 1150 3309 1390 3379; x_wconf 84' lang='lat' dir='ltr'>Indulti</span> <span class='ocrx_word' id='word_1_198' title='bbox 1434 3309 1662 3373; x_wconf 84' lang='lat' dir='ltr'>dicitur</span> <span class='ocrx_word' id='word_1_199' title='bbox 1715 3334 1753 3369; x_wconf 88' lang='lat'>‹&lt;</span> <span class='ocrx_word' id='word_1_200' title='bbox 1799 3310 2128 3374; x_wconf 86' lang='lat' dir='ltr'>Paschatis</span> <span class='ocrx_word' id='word_1_201' title='bbox 2175 3310 2693 3387; x_wconf 84' lang='lat' dir='ltr'>Resurrectionis,</span> <span class='ocrx_word' id='word_1_202' title='bbox 2729 3312 2882 3375; x_wconf 91' lang='lat' dir='ltr'>Pen-</span> 
     </span>
     <span class='ocr_line' id='line_1_26' title="bbox 406 3410 2882 3489; baseline 0 -12"><span class='ocrx_word' id='word_1_203' title='bbox 406 3416 674 3477; x_wconf 88' lang='lat' dir='ltr'>tecostes</span> <span class='ocrx_word' id='word_1_204' title='bbox 707 3415 771 3478; x_wconf 89' lang='lat' dir='ltr'>et</span> <span class='ocrx_word' id='word_1_205' title='bbox 805 3413 863 3477; x_wconf 93' lang='lat' dir='ltr'>N</span> <span class='ocrx_word' id='word_1_206' title='bbox 868 3412 1181 3477; x_wconf 84' lang='lat' dir='ltr'>ativitatis</span> <span class='ocrx_word' id='word_1_207' title='bbox 1229 3412 1305 3474; x_wconf 93' lang='lat' dir='ltr'>D.</span> <span class='ocrx_word' id='word_1_208' title='bbox 1340 3410 1418 3473; x_wconf 94' lang='lat' dir='ltr'>N.</span> <span class='ocrx_word' id='word_1_209' title='bbox 1453 3412 1504 3474; x_wconf 93' lang='lat' dir='ltr'>I.</span> <span class='ocrx_word' id='word_1_210' title='bbox 1539 3410 1630 3489; x_wconf 78' lang='grc'><strong>0.,</strong></span> <span class='ocrx_word' id='word_1_211' title='bbox 1672 3431 1781 3475; x_wconf 90' lang='lat' dir='ltr'>nec</span> <span class='ocrx_word' id='word_1_212' title='bbox 1813 3431 1936 3475; x_wconf 92' lang='lat' dir='ltr'>non</span> <span class='ocrx_word' id='word_1_213' title='bbox 1986 3412 2127 3475; x_wconf 85' lang='lat' dir='ltr'>aliis</span> <span class='ocrx_word' id='word_1_214' title='bbox 2169 3411 2669 3476; x_wconf 82' lang='lat' dir='ltr'>sollemnioribus</span> <span class='ocrx_word' id='word_1_215' title='bbox 2705 3413 2882 3478; x_wconf 88' lang='lat' dir='ltr'>festis</span> 
     </span>
     <span class='ocr_line' id='line_1_27' title="bbox 407 3515 786 3597; baseline 0.003 -19"><span class='ocrx_word' id='word_1_216' title='bbox 407 3515 674 3597; x_wconf 82' lang='lat' dir='ltr'>exceptis</span> <span class='ocrx_word' id='word_1_217' title='bbox 724 3540 786 3579; x_wconf 82' lang='lat'>».</span> 
     </span>
    </p>

    <p class='ocr_par' dir='ltr' id='par_1_16' title="bbox 408 3613 2876 4008">
     <span class='ocr_line' id='line_1_28' title="bbox 496 3613 2876 3698; baseline -0 -18"><span class='ocrx_word' id='word_1_218' title='bbox 496 3617 681 3682; x_wconf 80' lang='lat' dir='ltr'>quta</span> <span class='ocrx_word' id='word_1_219' title='bbox 713 3636 762 3681; x_wconf 92' lang='lat' dir='ltr'>s.</span> <span class='ocrx_word' id='word_1_220' title='bbox 797 3616 980 3698; x_wconf 84' lang='lat' dir='ltr'>Alph.</span> <span class='ocrx_word' id='word_1_221' title='bbox 1014 3617 1121 3680; x_wconf 90' lang='lat' dir='ltr'>lib.</span> <span class='ocrx_word' id='word_1_222' title='bbox 1164 3617 1225 3680; x_wconf 90' lang='lat'>6.</span> <span class='ocrx_word' id='word_1_223' title='bbox 1251 3634 1312 3678; x_wconf 94' lang='lat' dir='ltr'>n.</span> <span class='ocrx_word' id='word_1_224' title='bbox 1364 3615 1513 3678; x_wconf 85' lang='lat'>359.</span> <span class='ocrx_word' id='word_1_225' title='bbox 1549 3614 1975 3679; x_wconf 86' lang='lat' dir='ltr'>sollemniores</span> <span class='ocrx_word' id='word_1_226' title='bbox 2024 3615 2132 3678; x_wconf 82' lang='lat' dir='ltr'>alii</span> <span class='ocrx_word' id='word_1_227' title='bbox 2179 3613 2310 3678; x_wconf 89' lang='lat' dir='ltr'>dies</span> <span class='ocrx_word' id='word_1_228' title='bbox 2357 3615 2506 3678; x_wconf 90' lang='lat' dir='ltr'>sunt</span> <span class='ocrx_word' id='word_1_229' title='bbox 2552 3613 2680 3678; x_wconf 87' lang='lat' dir='ltr'>dies</span> <span class='ocrx_word' id='word_1_230' title='bbox 2727 3615 2876 3697; x_wconf 89' lang='lat' dir='ltr'>Epi-</span> 
     </span>
     <span class='ocr_line' id='line_1_29' title="bbox 408 3715 2874 3801; baseline 0 -19"><span class='ocrx_word' id='word_1_231' title='bbox 408 3719 691 3801; x_wconf 84' lang='lat' dir='ltr'>phaniae,</span> <span class='ocrx_word' id='word_1_232' title='bbox 730 3718 921 3783; x_wconf 85' lang='lat' dir='ltr'>feriae</span> <span class='ocrx_word' id='word_1_233' title='bbox 952 3718 1028 3782; x_wconf 92' lang='lat' dir='ltr'>V.</span> <span class='ocrx_word' id='word_1_234' title='bbox 1064 3719 1127 3782; x_wconf 93' lang='lat' dir='ltr'>in</span> <span class='ocrx_word' id='word_1_235' title='bbox 1165 3716 1371 3783; x_wconf 88' lang='lat' dir='ltr'>Coena</span> <span class='ocrx_word' id='word_1_236' title='bbox 1391 3716 1664 3793; x_wconf 84' lang='lat' dir='ltr'>Domini,</span> <span class='ocrx_word' id='word_1_237' title='bbox 1690 3716 2087 3781; x_wconf 88' lang='lat' dir='ltr'>Ascensionis</span> <span class='ocrx_word' id='word_1_238' title='bbox 2112 3718 2189 3780; x_wconf 90' lang='lat' dir='ltr'>D.</span> <span class='ocrx_word' id='word_1_239' title='bbox 2223 3715 2324 3792; x_wconf 70' lang='lat' dir='ltr'>N„</span> <span class='ocrx_word' id='word_1_240' title='bbox 2359 3716 2874 3782; x_wconf 86' lang='lat' dir='ltr'>Annuntiationis</span> 
     </span>
     <span class='ocr_line' id='line_1_30' title="bbox 408 3818 2872 3906; baseline -0 -20"><span class='ocrx_word' id='word_1_241' title='bbox 408 3822 473 3886; x_wconf 89' lang='lat' dir='ltr'>et</span> <span class='ocrx_word' id='word_1_242' title='bbox 507 3822 972 3906; x_wconf 88' lang='lat' dir='ltr'>Assumptionis</span> <span class='ocrx_word' id='word_1_243' title='bbox 1002 3821 1076 3886; x_wconf 93' lang='lat' dir='ltr'>B.</span> <span class='ocrx_word' id='word_1_244' title='bbox 1110 3821 1197 3885; x_wconf 89' lang='lat' dir='ltr'>M.</span> <span class='ocrx_word' id='word_1_245' title='bbox 1233 3820 1333 3899; x_wconf 93' lang='lat' dir='ltr'>V.,</span> <span class='ocrx_word' id='word_1_246' title='bbox 1369 3840 1450 3885; x_wconf 90' lang='lat' dir='ltr'>ss.</span> <span class='ocrx_word' id='word_1_247' title='bbox 1490 3820 1661 3885; x_wconf 86' lang='lat' dir='ltr'>Petri</span> <span class='ocrx_word' id='word_1_248' title='bbox 1710 3823 1775 3884; x_wconf 87' lang='lat' dir='ltr'>et</span> <span class='ocrx_word' id='word_1_249' title='bbox 1821 3820 2007 3884; x_wconf 90' lang='lat' dir='ltr'>Pauli</span> <span class='ocrx_word' id='word_1_250' title='bbox 2054 3821 2121 3884; x_wconf 91' lang='lat' dir='ltr'>et</span> <span class='ocrx_word' id='word_1_251' title='bbox 2153 3819 2434 3884; x_wconf 90' lang='lat' dir='ltr'>omnium</span> <span class='ocrx_word' id='word_1_252' title='bbox 2481 3818 2872 3897; x_wconf 86' lang='lat' dir='ltr'>Sanctorum,</span> 
     </span>
     <span class='ocr_line' id='line_1_31' title="bbox 409 3923 2122 4008; baseline -0.001 -20"><span class='ocrx_word' id='word_1_253' title='bbox 409 3926 482 3990; x_wconf 92' lang='lat' dir='ltr'>ut</span> <span class='ocrx_word' id='word_1_254' title='bbox 526 3927 704 4008; x_wconf 90' lang='lat' dir='ltr'>patet</span> <span class='ocrx_word' id='word_1_255' title='bbox 748 3944 820 3990; x_wconf 82' lang='lat' dir='ltr'>ex</span> <span class='ocrx_word' id='word_1_256' title='bbox 865 3926 1108 3989; x_wconf 88' lang='lat' dir='ltr'>decreto</span> <span class='ocrx_word' id='word_1_257' title='bbox 1157 3923 1217 3988; x_wconf 88' lang='lat' dir='ltr'>S.</span> <span class='ocrx_word' id='word_1_258' title='bbox 1252 3923 1320 3987; x_wconf 83' lang='lat' dir='ltr'>O.</span> <span class='ocrx_word' id='word_1_259' title='bbox 1356 3924 1576 3989; x_wconf 87' lang='lat' dir='ltr'>Ritum</span> <span class='ocrx_word' id='word_1_260' title='bbox 1614 3924 1714 3987; x_wconf 92' lang='grc'>17.</span> <span class='ocrx_word' id='word_1_261' title='bbox 1751 3942 1893 3988; x_wconf 90' lang='lat' dir='ltr'>nov.</span> <span class='ocrx_word' id='word_1_262' title='bbox 1933 3923 2122 3987; x_wconf 87' lang='grc'><strong>1607.</strong></span> 
     </span>
    </p>

    <p class='ocr_par' dir='ltr' id='par_1_17' title="bbox 405 4026 2877 4212">
     <span class='ocr_line' id='line_1_32' title="bbox 496 4026 2877 4110; baseline -0.001 -17"><span class='ocrx_word' id='word_1_263' title='bbox 496 4028 689 4107; x_wconf 87' lang='lat' dir='ltr'>Adde,</span> <span class='ocrx_word' id='word_1_264' title='bbox 723 4029 776 4092; x_wconf 89' lang='lat' dir='ltr'>si</span> <span class='ocrx_word' id='word_1_265' title='bbox 807 4028 915 4110; x_wconf 87' lang='lat' dir='ltr'>qui</span> <span class='ocrx_word' id='word_1_266' title='bbox 953 4028 1092 4091; x_wconf 88' lang='lat' dir='ltr'>aliis</span> <span class='ocrx_word' id='word_1_267' title='bbox 1125 4027 1253 4091; x_wconf 89' lang='lat' dir='ltr'>dies</span> <span class='ocrx_word' id='word_1_268' title='bbox 1299 4026 1551 4091; x_wconf 90' lang='lat' dir='ltr'>Indulto</span> <span class='ocrx_word' id='word_1_269' title='bbox 1601 4026 2012 4110; x_wconf 81' lang='lat' dir='ltr'>excipiantur;</span> <span class='ocrx_word' id='word_1_270' title='bbox 2050 4045 2198 4090; x_wconf 90' lang='lat' dir='ltr'>nam</span> <span class='ocrx_word' id='word_1_271' title='bbox 2242 4026 2464 4110; x_wconf 83' lang='lat' dir='ltr'>regula</span> <span class='ocrx_word' id='word_1_272' title='bbox 2512 4027 2877 4108; x_wconf 89' lang='lat' dir='ltr'>praecedens</span> 
     </span>
     <span class='ocr_line' id='line_1_33' title="bbox 405 4129 2021 4212; baseline -0.002 -16"><span class='ocrx_word' id='word_1_273' title='bbox 405 4132 577 4196; x_wconf 84' lang='lat' dir='ltr'>valet</span> <span class='ocrx_word' id='word_1_274' title='bbox 607 4130 1037 4205; x_wconf 87' lang='lat' dir='ltr'>communiter,</span> <span class='ocrx_word' id='word_1_275' title='bbox 1063 4129 1184 4193; x_wconf 92' lang='lat' dir='ltr'>nisi</span> <span class='ocrx_word' id='word_1_276' title='bbox 1229 4129 1376 4211; x_wconf 89' lang='lat' dir='ltr'>quid</span> <span class='ocrx_word' id='word_1_277' title='bbox 1417 4129 1587 4192; x_wconf 90' lang='lat' dir='ltr'>aliud</span> <span class='ocrx_word' id='word_1_278' title='bbox 1620 4130 2021 4212; x_wconf 82' lang='lat' dir='ltr'>exprimatur.</span> 
     </span>
    </p>

    <p class='ocr_par' dir='ltr' id='par_1_18' title="bbox 406 4229 2880 4617">
     <span class='ocr_line' id='line_1_34' title="bbox 494 4229 2880 4313; baseline -0.002 -16"><span class='ocrx_word' id='word_1_279' title='bbox 494 4233 668 4298; x_wconf 86' lang='lat' dir='ltr'>Haec</span> <span class='ocrx_word' id='word_1_280' title='bbox 704 4235 914 4297; x_wconf 87' lang='lat' dir='ltr'>tamen</span> <span class='ocrx_word' id='word_1_281' title='bbox 948 4231 1187 4294; x_wconf 89' lang='lat' dir='ltr'>dierum</span> <span class='ocrx_word' id='word_1_282' title='bbox 1219 4230 1493 4313; x_wconf 85' lang='lat' dir='ltr'>exceptio</span> <span class='ocrx_word' id='word_1_283' title='bbox 1532 4251 1655 4296; x_wconf 92' lang='lat' dir='ltr'>non</span> <span class='ocrx_word' id='word_1_284' title='bbox 1686 4233 1877 4308; x_wconf 85' lang='lat' dir='ltr'>valet,</span> <span class='ocrx_word' id='word_1_285' title='bbox 1907 4231 2154 4312; x_wconf 82' lang='lat' dir='ltr'>quando</span> <span class='ocrx_word' id='word_1_286' title='bbox 2207 4230 2553 4295; x_wconf 86' lang='lat' dir='ltr'>oratorium</span> <span class='ocrx_word' id='word_1_287' title='bbox 2600 4229 2880 4294; x_wconf 86' lang='lat' dir='ltr'>concedi-</span> 
     </span>
     <span class='ocr_line' id='line_1_35' title="bbox 406 4329 2878 4418; baseline -0.002 -19"><span class='ocrx_word' id='word_1_288' title='bbox 406 4337 529 4413; x_wconf 88' lang='lat' dir='ltr'>tur,</span> <span class='ocrx_word' id='word_1_289' title='bbox 570 4336 823 4418; x_wconf 87' lang='lat' dir='ltr'>propter</span> <span class='ocrx_word' id='word_1_290' title='bbox 853 4332 1301 4407; x_wconf 87' lang='lat' dir='ltr'>infirmitatem,</span> <span class='ocrx_word' id='word_1_291' title='bbox 1350 4333 1426 4395; x_wconf 90' lang='lat' dir='ltr'>ut</span> <span class='ocrx_word' id='word_1_292' title='bbox 1470 4334 1645 4414; x_wconf 85' lang='lat' dir='ltr'>patet</span> <span class='ocrx_word' id='word_1_293' title='bbox 1680 4353 1753 4396; x_wconf 82' lang='lat' dir='ltr'>ex</span> <span class='ocrx_word' id='word_1_294' title='bbox 1799 4332 2043 4397; x_wconf 88' lang='lat' dir='ltr'>decreto</span> <span class='ocrx_word' id='word_1_295' title='bbox 2093 4332 2285 4396; x_wconf 90' lang='lat' dir='ltr'>eiusd.</span> <span class='ocrx_word' id='word_1_296' title='bbox 2335 4350 2383 4396; x_wconf 89' lang='lat' dir='ltr'>s.</span> <span class='ocrx_word' id='word_1_297' title='bbox 2434 4329 2661 4415; x_wconf 84' lang='lat' dir='ltr'>Congr.</span> <span class='ocrx_word' id='word_1_298' title='bbox 2713 4331 2878 4413; x_wconf 88' lang='lat' dir='ltr'>apud</span> 
     </span>
     <span class='ocr_line' id='line_1_36' title="bbox 407 4433 2875 4518; baseline -0.002 -17"><span class='ocrx_word' id='word_1_299' title='bbox 407 4435 591 4503; x_wconf 81' lang='lat' dir='ltr'>Croix</span> <span class='ocrx_word' id='word_1_300' title='bbox 623 4438 731 4501; x_wconf 91' lang='lat' dir='ltr'>lib.</span> <span class='ocrx_word' id='word_1_301' title='bbox 760 4438 820 4500; x_wconf 88' lang='lat'>6.</span> <span class='ocrx_word' id='word_1_302' title='bbox 853 4456 913 4518; x_wconf 92' lang='lat' dir='ltr'>p.</span> <span class='ocrx_word' id='word_1_303' title='bbox 942 4436 1003 4498; x_wconf 84' lang='lat'>2.</span> <span class='ocrx_word' id='word_1_304' title='bbox 1037 4454 1094 4497; x_wconf 92' lang='lat' dir='ltr'>n.</span> <span class='ocrx_word' id='word_1_305' title='bbox 1126 4435 1274 4497; x_wconf 84' lang='grc'><strong>271.</strong></span> <span class='ocrx_word' id='word_1_306' title='bbox 1310 4434 1376 4497; x_wconf 92' lang='lat' dir='ltr'>et</span> <span class='ocrx_word' id='word_1_307' title='bbox 1406 4435 1610 4498; x_wconf 89' lang='lat' dir='ltr'>solum</span> <span class='ocrx_word' id='word_1_308' title='bbox 1642 4437 1916 4511; x_wconf 88' lang='lat' dir='ltr'>cavetur,</span> <span class='ocrx_word' id='word_1_309' title='bbox 1929 4437 2002 4499; x_wconf 92' lang='lat' dir='ltr'>ut</span> <span class='ocrx_word' id='word_1_310' title='bbox 2035 4435 2132 4498; x_wconf 90' lang='lat' dir='ltr'>die</span> <span class='ocrx_word' id='word_1_311' title='bbox 2156 4433 2530 4498; x_wconf 85' lang='lat' dir='ltr'>Nativitatis</span> <span class='ocrx_word' id='word_1_312' title='bbox 2549 4434 2730 4499; x_wconf 87' lang='lat' dir='ltr'>Dom.</span> <span class='ocrx_word' id='word_1_313' title='bbox 2751 4453 2875 4497; x_wconf 91' lang='lat' dir='ltr'>una</span> 
     </span>
     <span class='ocr_line' id='line_1_37' title="bbox 406 4533 2872 4617; baseline -0.002 -13"><span class='ocrx_word' id='word_1_314' title='bbox 406 4541 659 4604; x_wconf 86' lang='lat' dir='ltr'>tantum</span> <span class='ocrx_word' id='word_1_315' title='bbox 705 4538 903 4603; x_wconf 88' lang='lat' dir='ltr'>Missa</span> <span class='ocrx_word' id='word_1_316' title='bbox 941 4536 1300 4601; x_wconf 90' lang='lat' dir='ltr'>celebretur.</span> <span class='ocrx_word' id='word_1_317' title='bbox 1326 4534 1467 4597; x_wconf 90' lang='lat' dir='ltr'>Vid.</span> <span class='ocrx_word' id='word_1_318' title='bbox 1503 4552 1553 4598; x_wconf 89' lang='grc'><strong>3.</strong></span> <span class='ocrx_word' id='word_1_319' title='bbox 1593 4535 1779 4617; x_wconf 87' lang='lat' dir='ltr'>Alph.</span> <span class='ocrx_word' id='word_1_320' title='bbox 1821 4537 1928 4601; x_wconf 91' lang='lat' dir='ltr'>lib.</span> <span class='ocrx_word' id='word_1_321' title='bbox 1965 4538 2025 4600; x_wconf 88' lang='lat'>3.</span> <span class='ocrx_word' id='word_1_322' title='bbox 2063 4556 2123 4600; x_wconf 93' lang='lat' dir='ltr'>n.</span> <span class='ocrx_word' id='word_1_323' title='bbox 2159 4537 2309 4600; x_wconf 85' lang='lat'>318.</span> <span class='ocrx_word' id='word_1_324' title='bbox 2338 4533 2547 4600; x_wconf 86' lang='lat' dir='ltr'>Claus.</span> <span class='ocrx_word' id='word_1_325' title='bbox 2579 4537 2638 4599; x_wconf 84' lang='lat'>8.</span> <span class='ocrx_word' id='word_1_326' title='bbox 2672 4539 2735 4600; x_wconf 92' lang='lat' dir='ltr'>et</span> <span class='ocrx_word' id='word_1_327' title='bbox 2759 4535 2799 4598; x_wconf 95' lang='grc'>1.</span> <span class='ocrx_word' id='word_1_328' title='bbox 2821 4556 2872 4600; x_wconf 83' lang='grc'><strong>0.</strong></span> 
     </span>
    </p>
   </div>
  </div>
 </body>
</html>
