3497 5147
678 363 786 416 662
856 374 1067 417 macr.
1092 373 1172 415 vr.
1198 372 1364 414 sacr.
1388 374 1446 414 v.
1470 373 1556 412 mr
1579 369 1808 420 Qum‘ro
1833 370 2050 411 paam.
2077 369 2405 411 vacuom.
2421 334 2566 410 ’(1111),
2594 369 2633 411 1.
2660 369 2802 412 nnn.
2831 370 2919 409 111.
2994 354 3139 431 [892]

678 470 926 536 mieidio
961 470 1317 534 voluntario
1350 470 1493 534 etc.:
1535 495 1571 527 «
1597 468 1984 552 Intelligitur
2014 487 2160 552 ergo
2194 486 2319 532 non
2353 467 2655 551 pertinere
2695 468 2773 532 ad
2805 487 2949 533 eum
2980 469 3138 551 (per-

677 572 1016 655 cussorem)
1054 571 1476 650 homicidium,
1510 571 1567 635 si
1596 570 1697 635 fur
1743 573 2084 635 nocturnus
2132 569 2484 635 occidatur:
2519 570 2574 633 si
2620 573 2831 635 autem
2879 571 3136 636 diurnus

675 676 883 753 fuerit,
918 675 997 740 ad
1027 675 1430 742 homicidium
1477 676 1845 758 pertinere...
1872 674 2021 755 quia
2053 676 2300 756 poterat
2335 673 2695 750 discernere,
2732 673 2899 755 quod
2931 674 3007 738 ad
3045 673 3135 739 fu-

679 779 962 851 randum,
997 797 1118 843 non
1166 778 1245 842 ad
1292 777 1689 843 occidendum
1722 777 1991 840 venisset
2021 777 2086 839 et
2131 774 2265 839 ideo
2314 793 2439 838 non
2476 774 2658 839 debet
2695 775 2887 840 occidi
2935 775 3141 859 (dum-

679 880 863 946 modo
894 900 1025 945 rem
1063 899 1243 945 suam
1266 880 1552 945 dominus
1583 879 1747 944 tueri
1778 878 1976 960 possit
2006 878 2163 942 citra
2203 876 2588 954 occisionem,
2623 880 2699 942 ut
2730 897 2802 943 ex
2839 896 3139 942 consensu

681 983 817 1047 DD.
879 982 1116 1047 dictum
1163 983 1304 1065 est).
1368 981 1504 1046 Hoc
1550 982 1742 1046 etiam
1804 980 1868 1044 in
1938 979 2213 1061 antiquis
2258 980 2502 1064 legibus
2550 979 2931 1045 secularibus
2977 981 3141 1045 inve-

680 1084 854 1149 nitur
901 1109 962 1147 ».

772 1187 889 1250 Per
933 1204 1016 1263 se,
1050 1188 1124 1250 ut
1155 1184 1423 1250 advertit
1468 1185 1789 1270 Laymann
1835 1184 1942 1247 lib.
1985 1186 2046 1247 3.
2097 1185 2176 1249 tr.
2212 1185 2273 1247 3.
2308 1205 2367 1267 p.
2407 1185 2468 1247 3.
2503 1204 2554 1249 c.
2605 1185 2666 1247 3.
2701 1205 2761 1248 n.
2803 1185 2888 1261 4.‚
2929 1184 3134 1249 discri-

679 1308 822 1353 men
867 1307 989 1352 non
1042 1289 1136 1352 est
1178 1287 1341 1351 inter
1369 1286 1570 1351 furem
1615 1288 1989 1351 nocturnum
2036 1288 2101 1350 et
2145 1285 2458 1363 diurnum,
2500 1287 2564 1349 et
2601 1286 2655 1349 si
2701 1286 2987 1351 dominus
3038 1305 3141 1369 po-

680 1391 845 1454 terat
881 1409 1012 1453 rem
1047 1407 1228 1453 suam
1260 1389 1422 1453 tueri
1454 1389 1684 1471 absque
1725 1388 2023 1453 occisione
2055 1388 2210 1451 furis
2242 1389 2553 1465 nocturni,
2588 1388 2779 1452 etiam
2812 1388 2910 1452 lex
2941 1388 3141 1453 civilis

683 1495 756 1558 ut
802 1491 1154 1556 audivimus
1187 1493 1265 1555 ab
1302 1491 1591 1575 Ulpiano,
1624 1492 1897 1575 negabat
1949 1510 2093 1555 eum
2137 1491 2388 1573 impune
2438 1490 2648 1555 occidi.
2698 1491 2816 1555 Per
2864 1492 3140 1556 accidens

680 1614 825 1660 vero
880 1618 915 1653 «
946 1595 1063 1659 hoc
1093 1595 1352 1659 interest
1396 1594 1558 1658 inter
1586 1594 1962 1658 nocturnum
1993 1593 2193 1657 furem
2225 1595 2289 1657 et
2318 1593 2631 1668 diurnum,
2664 1593 2831 1675 quod
2861 1594 3140 1672 diurnuS,

682 1698 736 1763 si
778 1698 1030 1762 inermis
1067 1698 1170 1772 sit,
1210 1697 1573 1779 plerumque
1619 1696 1777 1761 citra
1824 1695 2325 1760 vulnerationem
2364 1696 2503 1778 capi
2550 1696 2751 1759 aliave
2775 1697 3017 1761 ratione
3045 1715 3144 1761 res

684 1802 763 1865 ab
793 1820 864 1866 eo
888 1800 1237 1883 recuperari
1282 1800 1522 1883 potest:
1556 1798 1619 1862 in
1657 1798 1793 1863 fure
1817 1800 2027 1862 autem
2051 1800 2352 1863 nocturno
2389 1798 2580 1862 ferme
2617 1798 2878 1863 discerni
2909 1800 3144 1882 nequit,

684 1903 1069 1969 occidendine
1116 1904 1322 1969 animo
1384 1924 1464 1968 an
1509 1904 1714 1968 solum
1759 1901 2036 1986 rapiendi
2091 1904 2448 1981 accesserit3
2499 1904 2647 1968 tunc
2693 1923 2837 1968 vero
2887 1905 3142 1987 periculi

679 2005 1026 2069 declinandi
1070 2025 1279 2085 causa,
1327 2005 1445 2070 nisi
1492 2007 1761 2070 clamore
1819 2005 2098 2069 homines
2147 2005 2331 2069 acciri
2375 2005 2635 2087 possint,
2685 2005 2937 2089 impune
2987 2006 3138 2071 occi-

686 2106 858 2171 ditur
888 2132 948 2170 ».
971 2108 1005 2145 '⁸‘

795 2263 932 2317 xxl.
958 2263 1008 2314 5.
1034 2262 1340 2317 probabilius
1365 2270 1457 2328 est,
1477 2267 1596 2318 baec
1619 2262 1764 2317 etiam
1792 2263 1941 2317 licere
1969 2262 2176 2317 Clerieis
2201 2271 2250 2317 et
2279 2263 2555 2327 Religiosis,
2585 2267 2648 2317 ob
2675 2267 2803 2318 bona
2830 2266 3133 2332 temporalia.

687 2349 792 2402 lura
823 2363 946 2402 vero
984 2350 1033 2402 in
1070 2349 1369 2403 contrarium
1407 2348 1570 2402 afferri
1609 2347 1751 2401 solita
1790 2347 2023 2412 intellige,
2052 2351 2244 2414 quando
2275 2364 2369 2401 non
2397 2356 2626 2402 servatur
2656 2352 2964 2403 moderamen
2990 2350 3141 2403 incul-

686 2440 828 2501 patae
854 2433 1164 2487 derensionis.
1191 2436 1358 2498 Laym.
1386 2437 1416 2487 Ι.
1444 2449 1487 2486 c„
1512 2436 1632 2486 Tan.
1660 2440 1695 2484 t.
1717 2435 1765 2485 3.
1790 2435 1835 2484 d.
1861 2433 1907 2484 A.
1930 2448 1976 2497 q.
2007 2434 2056 2485 8.
2076 2435 2123 2485 d.
2149 2432 2194 2485 4.
2223 2436 2400 2485 Escob.
2429 2448 2473 2488 e.
2493 2434 2543 2485 7.
2569 2448 2612 2485 c.
2643 2436 2691 2486 8.
2714 2433 2798 2487 ubi
2830 2432 2972 2487 etiam
2997 2436 3143 2487 docet

688 2533 750 2573 ex
775 2520 896 2572 Tan.
924 2525 958 2571 t.
987 2520 1035 2571 3.
1056 2520 1105 2570 d.
1134 2517 1179 2569 4,
1207 2532 1252 2570 n.
1282 2518 1366 2569 58.
1395 2516 1542 2569 licere
1570 2515 1744 2582 virgini
1771 2515 1997 2569 occidere
2022 2516 2303 2570 invasorem
2331 2515 2611 2585 pudicitiae,
2647 2516 2691 2570 si
2718 2517 3026 2571 violationem
3052 2532 3138 2571 ne-

688 2611 835 2671 queat
873 2603 1014 2656 aliter
1050 2604 1282 2655 evadere.

776 2719 955 2794 892.
1005 2720 1227 2785 Clerici
1280 2721 1609 2786 occidentis
1662 2722 1968 2788 iniustum
2005 2742 2451 2809 aggressorem‚
2506 2744 2578 2790 ex
2637 2726 3038 2809 probabiliori
3083 2729 3147 2791 et

687 2824 1098 2891 communiori
1127 2824 1433 2888 sententia
1470 2843 1591 2889 non
1620 2824 1950 2889 incurrunt
1985 2826 2535 2911 irregularitatem.

778 2926 994 3006 Quoad
1024 2926 1373 2992 invasorem
1395 2927 1731 3010 pudicitiae
1763 2927 1941 3012 Lugo
1975 2927 2185 3011 (quem
2210 2949 2353 2994 cum
2385 2930 2525 2994 aliis
2550 2931 2832 3014 sequitur
2855 2951 2904 2995 S.
2932 2931 3138 3015 Ligor.

688 3049 748 3092 n.
788 3027 970 3112 386.)
1016 3030 1222 3092 censet
1266 3028 1422 3112 disp.
1485 3031 1584 3094 10.
1635 3033 1781 3094 sect.
1835 3031 1936 3093 10.
1977 3051 2035 3094 n.
2084 3031 2228 3094 196.
2269 3031 2332 3094 vi
2362 3033 2459 3096 uti
2504 3033 2686 3098 licere
2731 3035 2974 3118 puellae
3018 3053 3138 3099 non

688 3130 871 3196 modo
917 3130 1067 3194 dum
1114 3132 1259 3195 actu
1305 3150 1362 3194 v.
1411 3152 1505 3216 gr.
1555 3133 1860 3216 tangitur,
1911 3132 2015 3197 sed
2063 3132 2252 3196 etiam
2300 3136 2444 3217 post
2503 3135 2740 3201 factum
2784 3136 3140 3201 immediate

687 3252 865 3316 posse
910 3251 1336 3317 aggressorem
1381 3235 1694 3318 percutere
1743 3234 1962 3315 alapia,
2011 3233 2174 3299 fuste
2231 3239 2295 3300 et
2340 3237 2481 3301 aliis
2543 3238 2771 3304 ictibus
2820 3258 2942 3304 non
2989 3239 3142 3322 peri-

688 3336 936 3401 culosiS.

785 3462 820 3497 «
849 3439 1173 3517 Existimo,
1225 3440 1335 3517 ait,
1368 3459 1492 3505 non
1523 3458 1653 3503 esse
1685 3439 2044 3522 scrupulose
2077 3441 2386 3526 agendum
2422 3445 2486 3507 in
2520 3444 2634 3508 hac
2671 3444 2954 3518 materia,
2981 3462 3148 3526 prae-

686 3544 900 3608 sertim
924 3543 1170 3625 quando
1206 3543 1436 3607 femina
1474 3543 1572 3607 vel
1602 3543 1841 3610 iuvenis
1875 3544 2252 3610 sollicitatur
2283 3547 2346 3610 et
2377 3548 2802 3611 contrectatur
2839 3547 2937 3610 vel
2977 3565 3146 3611 oscu-

684 3646 818 3711 lum
850 3646 1074 3729 accipit
1107 3647 1184 3711 ab
1223 3646 1432 3728 aliquo
1487 3646 1748 3722 lasciv03
1809 3646 1914 3711 sed
1959 3667 2137 3730 posse
2185 3649 2249 3712 et
2294 3647 2626 3730 aliqnando
2673 3648 2972 3731 expedire,
3022 3667 3142 3713 non

689 3748 838 3812 solis
870 3749 1073 3813 verbis
1111 3748 1544 3831 asperioribus,
1578 3749 1681 3813 sed
1727 3749 2015 3814 manibus
2047 3750 2386 3832 puritatem
2417 3749 2611 3814 animi
2641 3751 2705 3814 et
2735 3750 3149 3816 constantiam

688 3850 964 3934 graviter
996 3851 1311 3916 ostendere
1337 3877 1397 3915 ».
1435 3851 1728 3916 Rationes
1762 3853 1944 3918 hasce
1980 3852 2158 3936 Lugo
2198 3852 2376 3917 affert
2403 3875 2417 3917 ε
2456 3852 2523 3916 1⁰
2552 3853 2730 3920 Licet
2758 3857 2921 3920 certe
2952 3855 3147 3936 impu-

688 3972 829 4016 rum
873 3952 1186 4018 hominem
1224 3954 1373 4018 tunc
1406 3955 1606 4019 verbis
1638 3955 1992 4019 durioribus
2025 3957 2087 4019 et
2118 3955 2407 4020 convitiis
2441 3955 2797 4040 obiurgare3
2825 3976 2971 4040 ergo
3002 3956 3150 4020 licet

687 4056 751 4119 et
795 4074 987 4119 manu
1016 4056 1353 4138 percutere,
1393 4076 1535 4120 611111
1581 4057 1778 4121 levior
1809 4057 1934 4120 imo
1973 4056 2258 4121 videatur
2294 4058 2604 4141 percussio
2653 4058 2819 4122 facta
2857 4058 3142 4123 manibus

686 4178 725 4221 a
753 4157 984 4222 femina
1016 4161 1130 4223 aut
1161 4178 1197 4222 a
1228 4177 1441 4241 puer0,
1476 4177 1666 4239 quam
1700 4157 1866 4221 facta
1900 4159 2122 4223 verbis.

866 4263 934 4323 20
965 4259 1126 4340 Quia
1156 4261 1345 4324 habet
1381 4260 1687 4324 rationem
1733 4258 2128 4336 defensionis;
2163 4262 2269 4343 qui
2308 4263 2471 4328 enim
2518 4263 2648 4327 sine
2680 4262 2903 4327 rubore
2953 4280 3143 4327 ausus

688 4361 785 4425 est
816 4362 1089 4444 tangere,
1130 4363 1249 4426 nisi
1282 4362 1505 4426 acriter
1536 4363 1600 4425 et
1637 4360 1787 4424 dure
1818 4361 2173 4443 repellatur,
2208 4383 2327 4428 non
2363 4364 2541 4429 facile
2574 4364 2863 4428 discedet.

875 4464 945 4525 30
976 4463 1137 4542 Quia
1183 4465 1404 4528 saltem
1451 4463 1795 4547 periculum
1839 4467 2137 4543 remanet,
2171 4485 2245 4529 ne
2294 4467 2416 4530 alia
2454 4467 2585 4531 vice
2628 4467 2859 4532 iterum
2905 4466 3148 4544 redeat;

691 4563 856 4644 quod
888 4564 1229 4645 periculum
1253 4565 1505 4642 sufficit,
1531 4568 1606 4630 ut
1636 4565 1930 4631 adversus
1955 4585 2098 4632 eum
2128 4569 2328 4651 possit
2352 4570 2500 4634 tunc
2524 4568 2872 4635 defensione
2895 4569 3005 4634 illa
3031 4570 3147 4634 uti.
