3497 5147
324 369 462 446 [109]
1322 379 1474 427 Qun>
1511 380 1607 422 sn·
1643 380 1789 421 smus
2710 363 2792 418 79

404 480 468 546 Si
501 497 647 544 vero
703 479 773 542 2⁰
810 477 895 541 sit
925 476 1201 540 liberalis
1248 476 1389 558 quis
1426 477 1792 555 diminutus
1827 479 1937 561 qui
1968 478 2273 560 quaedam
2305 477 2555 541 tantum
2585 476 2793 559 capita

333 583 641 649 doctrinae
686 579 1054 644 liberalismi
1101 580 1313 643 teneat
1356 581 1420 643 et
1467 599 1588 644 non
1634 580 2154 654 fundamentalia,
2199 578 2551 644 cuiusmodi
2595 597 2647 642 6.
2697 596 2791 662 gr.

328 690 468 752 sunt
511 702 684 749 error
729 683 832 746 19.
873 683 980 746 20.
1027 683 1093 746 et
1143 683 1250 746 40.
1304 682 1371 745 in
1416 681 1704 767 Syllab03
1739 685 1900 759 tum,
1932 684 2008 749 ut
2055 683 2357 748 iudicium
2404 682 2661 759 feratur,
2712 701 2792 745 an

324 787 664 853 haereticus
713 784 801 848 sit
849 803 1054 861 necne,
1095 784 1608 849 considerandum
1644 786 1765 850 erit
1798 806 1877 850 an
1909 806 2098 860 error,
2138 806 2326 868 quem
2372 785 2790 868 amplectitur,

324 891 666 975 opponatur
696 887 957 951 veritati
988 888 1317 963 revelatae,
1345 906 1423 951 an
1449 889 1701 953 tantum
1726 890 2000 966 veritati,
2034 908 2225 972 quam
2261 907 2378 953 sua
2414 888 2792 953 auctoritate

325 989 631 1058 infallibili
656 988 948 1072 probavit
972 987 1264 1052 Ecclesia.
1293 987 1393 1053 Sic
1410 1008 1460 1053 e.
1499 1010 1593 1074 gr.
1628 1009 2013 1056 censeremus
2044 990 2445 1065 haereticum,
2480 990 2590 1071 qui
2621 990 2790 1054 affir-

325 1095 522 1160 maret
566 1091 947 1177 proscriptas
996 1091 1060 1154 in
1090 1088 1346 1175 Syllabo
1395 1091 1707 1157 doctrinas
1755 1093 1873 1157 sub
1910 1113 2012 1157 nn.
2047 1093 2154 1157 65.
2189 1092 2294 1156 66.
2327 1092 2435 1157 68.
2480 1093 2605 1170 73„
2646 1111 2793 1157 non-

328 1198 471 1261 dum
501 1193 906 1269 haereticum,
942 1192 1052 1274 qui
1079 1194 1180 1256 75.
1215 1194 1281 1258 et
1305 1194 1409 1258 76.
1451 1195 1706 1259 teneret.
1734 1193 1803 1259 Si
1824 1214 1922 1259 res
1945 1195 2135 1260 dubia
2159 1196 2263 1271 sit,
2298 1195 2488 1261 donec
2514 1194 2790 1260 Ecclesia

328 1298 697 1365 sententiam
728 1314 911 1360 suam
932 1294 1095 1359 ferat
1125 1298 1240 1359 aut
1263 1296 1727 1382 Theologorum
1757 1297 2289 1381 disputationibus
2320 1316 2419 1362 res
2447 1297 2616 1362 clara
2655 1298 2789 1369 fiat,

328 1402 620 1468 standum
649 1417 762 1483 pro
801 1398 1029 1463 minori
1064 1399 1267 1482 culpa.

414 1503 571 1569 Cum
618 1503 819 1586 igitur
848 1500 1264 1565 confessarius
1296 1503 1715 1585 poenitentem
1754 1504 2026 1585 aliqmm
2062 1503 2529 1587 deprehenderit
2575 1503 2794 1567 liberae

330 1609 447 1673 lem
475 1625 607 1672 esse
645 1606 746 1670 vel
775 1623 1032 1669 causam
1065 1604 1356 1670 habuerit
1385 1623 1496 1669 cur
1541 1606 1894 1689 suspicetur
1941 1608 2006 1671 et
2050 1606 2533 1690 interrogaverit
2577 1624 2657 1669 an
2700 1605 2794 1669 ita

326 1710 429 1786 sit,
463 1728 536 1774 eo
580 1709 767 1793 pacto
811 1726 956 1771 cum
1001 1706 1360 1771 huiusmodi
1407 1708 1765 1772 hominibus
1808 1709 1942 1792 ipse
1987 1727 2052 1773 se
2099 1711 2293 1793 geret,
2342 1727 2466 1790 quo
2528 1725 2674 1771 cum
2715 1707 2795 1771 iis

329 1813 487 1876 solet
517 1814 579 1875 et
625 1811 824 1888 debet,
874 1808 984 1891 qui
1031 1811 1143 1872 aut
1189 1809 1483 1873 haeretici
1531 1829 1671 1874 vere
1719 1812 1868 1875 sunt
1917 1812 2030 1876 aut
2074 1811 2304 1876 saltem
2347 1810 2659 1874 Ecclesiae
2704 1808 2798 1872 iu-

332 1913 490 1981 dicio
537 1933 603 1978 se
648 1913 943 1979 subiicere
988 1912 1279 1987 renuunt,
1313 1912 1411 1976 vel
1450 1912 1818 1977 alterutrius
1848 1914 2124 1978 criminis
2169 1913 2458 1979 idoneam
2502 1914 2796 1996 ingerunt

325 2017 757 2102 suspicionem.
792 2014 1073 2082 Conferri
1107 2014 1344 2079 interea
1382 2017 1590 2099 potest
1621 2016 1725 2080 cit.
1766 2015 1837 2081 P.
1871 2016 2125 2081 Villada
2153 2036 2215 2099 p.
2253 2017 2340 2093 1⁸,
2374 2034 2526 2081 casu
2560 2015 2622 2079 3.
2642 2016 2707 2079 et
2729 2015 2791 2080 4.

1333 2248 1629 2312 suono
1668 2249 1765 2312 11.

1156 2392 1261 2448 DE
1298 2391 1761 2448 PRAECEPTO
1798 2391 1971 2447 SPEI

426 2567 461 2619 1.
483 2566 576 2619 Per
604 2576 759 2631 spem,
779 2576 903 2628 quae
929 2568 1004 2614 est
1032 2558 1187 2613 virtus
1211 2557 1526 2623 Theologica,
1547 2555 1836 2623 intelligitur
1860 2572 1999 2611 amer
2025 2555 2452 2624 concupiscentiae
2478 2570 2591 2622 erga
2614 2558 2792 2622 Deum,

316 2665 419 2716 quo
456 2652 622 2704 Deum
659 2654 709 2701 et
742 2645 927 2707 divina,
954 2658 1068 2711 prae
1105 2642 1336 2697 omnibus
1371 2642 1481 2696 aliis
1517 2642 1999 2710 concupiscibilibus,
2025 2641 2167 2696 nobis
2207 2642 2615 2709 concupiscimus,
2641 2641 2707 2695 ita
2737 2648 2792 2695 ut

316 2733 478 2788 onnia
504 2732 678 2801 potins
701 2729 856 2799 parati
878 2729 1034 2784 simus
1061 2730 1281 2795 perdere,
1310 2742 1455 2796 quam
1482 2729 1638 2782 Deum
1665 2735 1715 2782 et
1738 2727 1921 2782 divina.
1952 2730 2023 2783 De
2048 2730 2141 2782 bac
2164 2726 2442 2795 quaeritur,
2466 2728 2662 2794 quando
2686 2726 2794 2782 eius

315 2826 638 2887 meptum
675 2814 878 2881 obliget.

398 2954 558 3030 109.
628 2955 960 3037 Multiplex
1032 2955 1128 3016 est
1196 2951 1570 3036 significatio
1633 2952 1903 3016 nominis
1946 2971 2106 3032 m.
2154 2951 2313 3017 Sane
2359 2971 2407 3016 3.
2458 2951 2680 3015 Thom.
2730 2952 2793 3014 3.

310 3061 471 3125 Dist.
509 3059 631 3124 26.
665 3077 723 3139 q.
759 3058 820 3120 2.
857 3059 975 3120 art.
1013 3057 1072 3120 1.
1111 3055 1188 3119 ad
1234 3055 1326 3117 3.:
1367 3078 1402 3111 «
1438 3052 1588 3138 Spes
1634 3055 1855 3118 multis
1901 3055 2103 3118 modis
2133 3055 2380 3118 dicitur.
2415 3053 2797 3135 Quandoque

302 3162 472 3227 enim
520 3159 822 3226 nominat
870 3158 1222 3250 passionem
1270 3158 1334 3220 et
1378 3156 1466 3220 sic
1500 3175 1623 3220 non
1671 3157 1768 3220 est
1813 3156 2038 3221 vii-tus.
2086 3155 2466 3238 Quandoque
2512 3155 2798 3220 nominat

303 3264 605 3330 habitum
651 3260 1054 3325 inclinantem
1102 3259 1179 3322 ad
1211 3259 1423 3322 actum
1468 3259 1817 3323 voluntatis
1862 3259 2130 3323 similem
2176 3259 2327 3342 spei,
2385 3276 2544 3340 quae
2590 3258 2687 3322 est
2729 3257 2796 3321 in

305 3371 486 3450 parte
537 3363 872 3439 sensitiva,
914 3381 1076 3444 quae
1114 3363 1209 3424 est
1245 3360 1453 3443 passio
1485 3362 1549 3425 et
1579 3361 1668 3424 sic
1703 3361 1802 3424 est
1832 3361 2034 3424 virtus
2073 3385 2135 3424 ιι.

405 3496 442 3530 ‹
476 3465 876 3550 Quandoque
922 3483 1069 3529 vero
1102 3462 1388 3528 nominat
1417 3463 1625 3545 ipsum
1657 3465 1869 3527 actum
1907 3463 1972 3526 et
2016 3464 2105 3527 sic
2152 3462 2249 3526 est
2295 3464 2472 3527 actus
2518 3463 2793 3527 virtutis.

306 3571 714 3653 Quandoque
760 3568 971 3631 autem
1019 3566 1304 3630 nominat
1351 3566 1552 3648 ipsam
1587 3584 1718 3629 rem
1747 3567 2063 3649 speratam
2096 3567 2222 3630 Tit.
2257 3567 2340 3631 Π.
2381 3567 2519 3630 13.;
2559 3566 2799 3645 Exspe-

307 3676 557 3738 ctantes
607 3671 863 3735 beatam
904 3688 1079 3749 spem
1104 3667 1210 3750 (cf.
1245 3669 1309 3732 et
1350 3668 1529 3732 Rom.
1567 3665 1740 3732 VIII.
1783 3669 1888 3732 24.
1924 3670 2030 3732 25.
2081 3667 2236 3748 Spes
2280 3672 2490 3732 autem
2525 3687 2684 3750 quae
2714 3667 2801 3730 vi-

308 3776 515 3852 detur,
574 3792 716 3838 non
768 3775 863 3836 est
905 3790 1087 3852 spes:
1133 3790 1285 3834 nam
1326 3769 1496 3852 quod
1537 3769 1707 3833 videt
1755 3772 1917 3851 qui-s,
1966 3769 2124 3852 quid
2162 3772 2431 3852 sperat?
2477 3770 2552 3836 Si
2592 3774 2803 3852 antean

306 3877 482 3962 quod
526 3896 670 3942 non
705 3873 1005 3948 videmus,
1037 3892 1382 3954 speram,
1405 3893 1526 3953 per
1564 3874 1949 3953 pattena-lam
1984 3877 2457 3960 exspectamus).
2509 3875 2633 3940 Ubi
2663 3893 2803 3959 spes

303 3984 401 4047 est
447 3982 537 4058 id,
609 3977 787 4060 quod
855 3977 1286 4060 exspectamus
1331 3976 1397 4040 et
1440 3975 1531 4040 sic
1574 3975 1673 4040 est
1735 3976 2048 4043 obiectum
2095 3978 2371 4044 virtutis.
2422 3977 2804 4059 Quandoque

303 4089 526 4151 autem
582 4079 882 4145 nominat
927 4077 1381 4156 certitudinem,
1445 4098 1604 4161 quae
1664 4080 2067 4163 consequitur
2113 4100 2286 4165 spem
2334 4082 2516 4146 Rom.
2567 4079 2643 4143 V.
2693 4081 2801 4143 4.:

303 4186 639 4252 Probafio
688 4201 831 4246 vcro
878 4203 1048 4263 spem
1093 4183 1443 4266 (operatur)
1487 4184 1649 4248 idest
1680 4185 1810 4266 spei
1842 4185 2278 4249 certitudinem
2309 4186 2373 4248 et
2402 4185 2491 4248 sic
2520 4183 2806 4248 nominat

301 4293 562 4356 statum
605 4285 1004 4371 perfectionis
1036 4286 1099 4348 in
1133 4286 1384 4362 virtute,
1419 4289 1729 4368 quantum
1763 4287 1841 4351 ad
1873 4287 2263 4352 certitudinis
2294 4287 2706 4352 intentionem
2738 4312 2799 4352 ».

390 4392 641 4458 Suarez
695 4388 869 4455 addit
916 4388 1112 4452 alium
1157 4407 1427 4467 sensum,
1476 4391 1587 4472 qui
1632 4390 1754 4454 erit
1799 4391 2032 4466 sextae,
2066 4390 2140 4453 de
2179 4389 2300 4470 Spe
2338 4390 2495 4473 disp.
2523 4390 2583 4453 1.
2615 4391 2799 4454 init:

305 4521 343 4554 ‹
378 4493 731 4561 Interdum
758 4490 987 4555 dicitur
1017 4491 1090 4555 de
1120 4489 1252 4569 illo,
1293 4492 1355 4556 in
1386 4511 1573 4575 quem
1605 4483 1948 4576 speramus,
1982 4495 2057 4557 ut
2085 4492 2438 4574 frequenter
2466 4493 2672 4557 videre
2704 4493 2801 4554 est

300 4599 368 4662 in
406 4596 664 4662 Psalm.
706 4593 881 4657 XIII.
904 4592 1002 4658 6.:
1037 4591 1353 4658 Dominus
1381 4613 1523 4674 spes
1553 4595 1687 4657 eius
1723 4598 1855 4658 cst:
1893 4595 2123 4659 Psalm.
2171 4595 2344 4658 XXI.
2385 4596 2519 4658 10.:
2570 4594 2670 4656 Tu
2714 4611 2800 4662 es,
