3497 5147
282 405 413 480 [694]
1048 413 1198 462 Qum
1238 414 1330 456 srr
1368 414 1507 457 vo’rr
1547 416 1945 463 coxnunno
2614 410 2717 463 52?

284 511 653 580 auctoritate.
696 510 778 573 Et
809 507 1035 574 Suarez
1069 509 1143 574 de
1192 510 1323 575 Vot.
1356 512 1462 576 lib.
1500 513 1559 578 6.
1595 534 1728 599 cap.
1770 518 1870 581 12.
1907 539 1965 582 n.
2006 520 2144 582 10.:
2181 543 2215 576 ‹
2251 520 2341 582 De
2372 521 2719 583 eommuta-

282 620 432 683 tione
464 614 526 679 in
549 614 775 678 melius
807 613 1153 678 communis
1183 613 1304 679 fert
1336 615 1563 697 opinio,
1600 620 1848 701 propria
1882 622 2257 685 auctoritate
2289 621 2422 686 fieri
2445 641 2622 704 posse
2655 647 2715 684 ».

280 718 604 802 Excipiunt,
644 715 765 780 nisi
801 716 1073 781 Ecclesia
1111 717 1422 798 quandam
1459 722 2015 787 commutationem
2053 724 2440 806 prohibuerit
2471 725 2718 807 propria

274 821 631 886 auctoritate
686 818 839 896 fieri,
901 818 1423 900 quemadmodum
1470 823 1780 907 contingit
1832 824 1897 887 in
1944 826 2218 889 transitu
2264 824 2341 889 ad
2391 826 2718 890 arctiorem

274 924 616 1008 religionem
662 941 714 985 e.
766 921 962 996 Licet,
1001 920 1078 984 de
1115 920 1562 1003 Reyulam'bus.
1597 922 1690 988 Cf.
1732 924 1958 989 Suarez
2006 926 2080 989 de
2146 927 2294 989 Veto
2341 927 2383 990 l.
2426 928 2486 990 6.
2522 947 2572 991 c.
2614 928 2714 990 18.

270 1047 362 1090 nn.
395 1028 453 1089 4.
498 1026 600 1088 14.

350 1127 518 1207 Quod
545 1126 774 1190 attinet
802 1125 879 1190 ad
903 1127 1456 1191 commutationem
1480 1128 1541 1192 in
1568 1129 1844 1211 aequale,
1864 1130 2106 1213 duplex,
2135 1132 2209 1195 ut
2224 1131 2430 1213 inquit
2453 1151 2502 1196 s.
2529 1133 2713 1216 Alph.

266 1232 304 1295 1.
341 1250 410 1308 c.‚
449 1231 543 1294 est
593 1228 900 1294 sententia
947 1230 1011 1292 et
1055 1229 1201 1293 licet
1232 1228 1359 1311 ipse
1393 1229 1726 1295 adhaereat
1772 1232 2133 1310 affirmanti,
2183 1234 2412 1316 requiri
2453 1238 2718 1300 auctori-

266 1334 446 1396 tatem
486 1331 772 1415 praelati,
822 1351 932 1394 ceu
964 1330 1388 1410 probabiliori
1405 1353 1428 1409 ,·
1476 1334 1683 1397 tamen
1731 1335 1967 1400 fatetur
1997 1336 2232 1401 multos
2270 1337 2435 1400 stare
2468 1357 2578 1420 pro
2614 1357 2717 1421 op-

262 1435 453 1517 posita
490 1435 555 1498 et
588 1434 748 1497 hanc
795 1434 1167 1497 sententiam
1215 1453 1251 1497 a
1283 1435 1565 1517 pluribus
1599 1437 1790 1500 etiam
1824 1436 2318 1502 adversariorum
2365 1441 2594 1503 censeri
2642 1444 2714 1505 ut

258 1538 655 1621 probabilem.
707 1538 743 1576 '⁸‘
790 1536 1220 1600 Praesumitur
1264 1537 1427 1600 enim
1466 1538 1633 1602 Deus
1667 1557 1858 1619 aeque
1892 1541 2209 1622 acceptare
2242 1559 2396 1623 opus
2433 1541 2709 1623 aequale,

255 1659 316 1704 re
347 1641 503 1704 enim
536 1660 651 1723 per
681 1659 744 1704 se
783 1639 1061 1722 spectata
1095 1638 1371 1720 aequalis
1403 1640 1497 1702 est
1528 1639 1643 1703 Dei
1674 1640 1898 1724 gloria,
1930 1641 2131 1705 maior
2164 1660 2305 1706 vero
2340 1643 2436 1706 est
2465 1644 2713 1707 utilitas

257 1743 546 1821 voventis,
595 1743 703 1824 qui
751 1741 975 1806 saltem
1019 1740 1254 1805 maiore
1300 1741 1620 1806 hilaritate
1661 1742 1870 1806 offert:
1912 1762 1983 1807 ex
2008 1743 2131 1807 alia
2180 1762 2323 1808 vero
2356 1747 2531 1827 parte
2565 1745 2714 1809 obli-

249 1847 419 1929 gatio
458 1846 599 1911 voti
630 1846 861 1909 manet.
902 1845 936 1881 *

336 1949 417 2012 Et
444 1967 552 2032 pro
593 1949 797 2031 prima
828 1948 991 2011 certe
1021 1947 1153 2011 stat
1183 1965 1233 2010 s.
1266 1946 1539 2010 Thomas
1571 1946 1634 2010 in
1667 1948 1728 2010 4.
1765 1947 1908 2011 dist.
1937 1948 2042 2012 38.
2069 1968 2127 2029 q.
2169 1950 2224 2011 1.
2262 1951 2378 2012 art.
2415 1950 2477 2013 4.
2513 1951 2596 2032 ql.
2628 1951 2708 2027 1.‚

244 2052 353 2132 qui
384 2052 627 2116 scribit:
671 2076 707 2110 «
739 2045 1334 2115 In'eommutatione
1366 2051 1460 2113 est
1492 2049 1747 2131 quidam
1778 2051 2154 2130 contractus,
2188 2052 2297 2133 qui
2343 2071 2467 2116 non
2506 2054 2713 2135 potest

239 2154 449 2238 perfici
486 2155 622 2219 sine
669 2173 971 2219 consensu
1018 2155 1345 2235 utriusque
1382 2155 1597 2237 partis.
1639 2155 1816 2220 Unde
1853 2175 1995 2220 cum
2041 2157 2226 2220 homo
2260 2176 2365 2238 per
2397 2159 2615 2222 votum
2647 2177 2712 2222 se

239 2258 365 2323 Deo
402 2258 667 2344 obliget,
702 2277 826 2323 non
849 2259 1058 2341 potest
1087 2258 1221 2323 fieri
1250 2258 1611 2322 immutatio
1644 2259 1797 2336 voti,
1831 2259 1952 2324 nisi
1975 2260 2350 2325 interveniat
2380 2279 2709 2326 consensus

233 2360 383 2439 eius,
434 2363 550 2444 qui
598 2361 799 2426 vicem
848 2361 963 2425 Dei
1000 2361 1164 2445 gerit
1208 2361 1273 2425 in
1305 2361 1506 2438 terrie,
1548 2360 1785 2426 seilicet
1829 2362 2112 2445 praelati,
2153 2363 2273 2427 nisi
2319 2362 2479 2428 forte
2516 2382 2712 2427 unum

234 2465 456 2528 votum
493 2463 865 2529 includatur
907 2464 973 2528 in
1022 2463 1143 2528 alio
1182 2488 1244 2527 ».
1279 2463 1361 2527 Et
1406 2463 1591 2528 huius
1640 2465 2017 2529 auctoritate
2064 2466 2301 2530 fatetur
2337 2484 2386 2529 s.
2422 2465 2606 2548 Alph.
2647 2485 2712 2530 se

228 2567 607 2650 permoveri,
634 2568 715 2631 ut
742 2586 887 2632 cum
916 2566 1108 2649 priori
1132 2567 1275 2631 stet.

311 2670 402 2734 At
434 2671 612 2735 enim
646 2671 956 2752 reponunt
986 2669 1340 2745 adversarii,
1369 2671 1811 2735 auctoritatem
1835 2690 1884 2735 s.
1911 2671 2186 2736 Thomae
2209 2672 2395 2736 nimis
2426 2673 2706 2755 probare,

218 2771 451 2855 quippe
502 2771 625 2854 qui
673 2772 884 2855 exigat
912 2771 1178 2853 praelati
1224 2770 1667 2836 auctoritatem
1712 2773 1902 2836 etiam
1951 2792 2059 2856 pro
2108 2775 2597 2839 commutatione
2643 2774 2708 2836 in

214 2873 467 2940 melius.
510 2874 605 2939 Et
638 2861 883 2938 inutilis
929 2874 1025 2938 est
1071 2873 1390 2938 subtilitas
1437 2872 1665 2937 Suarez
1696 2873 1772 2937 de
1822 2873 1953 2937 Vot.
1988 2874 2094 2938 lib.
2136 2875 2196 2939 6.
2231 2894 2362 2959 cap.
2408 2877 2510 2940 19.
2544 2896 2604 2940 n.
2643 2876 2705 2940 3.

219 2976 472 3055 aientis,
527 2996 583 3042 s.
623 2976 933 3040 Thomam
980 2975 1452 3060 intelligendum
1484 2974 1558 3039 de
1589 2977 2079 3040 commutatione
2111 2977 2182 3040 in
2212 2977 2504 3058 aequale,
2498 2999 2512 3012 ·
2559 2979 2706 3059 quia

210 3078 361 3144 tunc
393 3080 625 3145 solum
652 3097 799 3144 vera
832 3078 1061 3142 dieitur
1086 3078 1296 3143 adesse
1318 3078 1748 3142 commutatio.
1778 3078 1943 3142 Nam
1967 3098 2015 3142 s.
2044 3080 2343 3144 Doctorl.
2371 3099 2422 3144 c.
2449 3080 2706 3144 disserte

206 3181 524 3263 loquitur,
564 3181 822 3264 quando
863 3205 899 3239 ‹
931 3179 1309 3246 auctoritate
1354 3180 1687 3263 superioris
1720 3182 1926 3246 minus
1975 3184 2194 3246 votum
2241 3181 2605 3264 praecedens
2636 3183 2705 3245 in

198 3287 415 3351 maim
464 3304 755 3367 sequens
799 3284 998 3368 (quis)
1043 3284 1523 3349 commutaverit
1569 3309 1630 3348 ».
1680 3284 1897 3367 Neque
1944 3305 1992 3349 s.
2044 3288 2278 3350 Doctor
2333 3287 2706 3351 sententiam

199 3390 494 3454 mutavit
527 3389 602 3453 in
646 3386 937 3463 Summa3
972 3405 1118 3450 nam
1151 3405 1206 3450 a.
1248 3388 1347 3449 12.
1376 3405 1434 3467 q.
1462 3386 1566 3450 cit.
1593 3386 1668 3449 de
1717 3387 1889 3463 Voto,
1916 3388 2072 3451 nihil
2105 3388 2292 3450 habet
2325 3387 2397 3451 de
2436 3407 2708 3452 commu-

190 3492 447 3557 tatione
485 3490 643 3556 voti
676 3489 845 3554 faeta
877 3490 1125 3572 propria
1165 3488 1560 3563 auctoritate,
1593 3488 1714 3552 nisi
1745 3489 1911 3570 quod
1951 3509 2087 3554 eam
2126 3488 2430 3553 excludat.

285 3592 529 3658 Monet
565 3611 622 3656 s.
662 3591 846 3674 Alph.
880 3590 923 3654 1.
957 3609 1007 3655 c.
1043 3589 1208 3672 quod
1245 3589 1354 3672 qui
1384 3590 1541 3653 hanc
1589 3591 1963 3655 sententiam
2010 3592 2373 3672 sequuntur,
2406 3609 2529 3654 non
2562 3609 2706 3654 con-

186 3698 493 3761 sentiunt
546 3694 626 3758 in
677 3693 985 3774 qualitate
1032 3692 1301 3776 peccati:
1338 3692 1447 3756 alii
1493 3692 1674 3769 enim,
1716 3693 1880 3756 inter
1926 3711 2081 3775 quos
2130 3691 2419 3769 Sanche2‚
2460 3694 2708 3757 censent

186 3801 547 3882 peccatum
587 3815 729 3861 esse
759 3797 894 3861 leve
930 3798 1089 3861 hanc
1125 3798 1539 3862 mutationem
1571 3796 1703 3862 voti
1740 3796 1806 3861 in
1845 3797 2120 3878 aequale,
2155 3797 2404 3880 propria
2444 3798 2708 3863 auctori-

180 3902 342 3979 tate,
383 3901 560 3985 quia
606 3898 712 3964 est
740 3898 1075 3963 infidelitas
1122 3900 1186 3963 in
1221 3918 1287 3963 re
1325 3899 1602 3964 modica:
1638 3899 1747 3963 alii
1795 3900 2116 3982 peccatum
2149 3917 2280 3964 esse
2311 3918 2520 3985 grave,
2556 3901 2704 3984 quia

176 4006 411 4071 votum
448 4019 703 4085 reapse
734 4001 1028 4066 violatur.

268 4107 755 4172 Veruntamen
779 4104 1162 4169 admittendo
1188 4105 1380 4170 etiam
1411 4105 1743 4171 secundam
1770 4105 2140 4170 sententiam
2165 4125 2275 4171 ceu
2301 4106 2701 4190 probabilem,

173 4208 621 4277 suadendum
659 4209 774 4284 est,
815 4209 889 4272 ut
919 4208 1290 4273 adhibeatur
1319 4209 1648 4273 consilium
1680 4207 2056 4281 confessarii,
2090 4209 2165 4272 ut
2194 4209 2326 4273 scil.
2367 4208 2706 4273 hallucina-

173 4313 379 4378 tionis
435 4308 753 4395 periculo
803 4309 1106 4374 obvietur.
1155 4307 1291 4389 Qua
1337 4311 1401 4374 in
1446 4330 1512 4374 re
1557 4311 1744 4375 nimis
1792 4310 1952 4375 forte
2002 4310 2286 4375 ardenter
2331 4312 2531 4375 reiicit
2588 4312 2705 4376 hoc

166 4413 443 4495 Sum-ez,
489 4411 897 4480 contendens
943 4431 1067 4477 non
1112 4413 1393 4478 sufficere
1429 4413 1823 4497 prudentiam
1869 4415 1933 4478 et
1978 4413 2300 4478 scientiam
2348 4414 2705 4480 confessarii

166 4517 208 4581 l.
247 4539 304 4584 e.
345 4538 506 4602 cap.
558 4515 687 4579 19.
719 4534 778 4578 n.
813 4515 873 4578 6.
900 4514 1065 4580 Nam
1094 4517 1225 4599 ipse
1256 4516 1404 4580 ibid.
1438 4535 1497 4580 n.
1533 4518 1593 4580 4.
1627 4535 2008 4579 communem
2036 4517 2343 4582 rationem
2378 4518 2705 4583 adhibendi

159 4624 572 4705 praelatum
612 4616 861 4681 fatetur
890 4636 1041 4698 esse,
1075 4643 1111 4677 ‹
1143 4620 1290 4701 quia
1321 4618 1761 4682 difficillimum
1794 4619 1890 4682 est
1922 4619 2228 4704 attingere
2263 4622 2706 4703 aequalitatem
