3497 5147
327 361 474 437 [462]
1227 377 1497 419 summe..
1537 377 1746 418 sripnx
1757 378 1913 420 Dum
1933 347 1942 355 ’
2682 364 2795 419 349

418 476 568 540 Inde
601 477 791 541 etiam
824 476 1123 558 sequitur,
1157 475 1323 557 quod
1352 475 1538 540 liceat
1578 475 1650 539 de
1696 474 2003 558 stipendio
2042 477 2286 560 pacisci.
2321 476 2484 541 Nam
2516 476 2681 559 quod
2719 496 2790 540 ex

329 579 576 643 iustitia
608 578 866 642 debetur
901 579 965 641 et
1001 578 1206 660 quoad
1243 578 1663 659 quantitatem
1708 579 1844 663 lege
1891 579 1990 642 vel
2037 579 2478 644 consuetudine
2524 598 2647 643 non
2696 579 2791 642 est

330 681 833 757 determinatum,
866 680 1084 744 deduci
1114 681 1321 764 potest
1342 681 1406 744 in
1436 681 1710 763 pactum,
1747 682 1821 745 ut
1851 682 2056 763 quoad
2087 683 2204 747 hoc
2235 682 2696 747 determinetur.

419 783 596 864 Quod
644 783 698 847 si
743 782 1033 866 stipendii
1069 783 1389 865 quantitas
1437 783 1847 848 determinata
1902 785 1985 848 sit
2037 785 2172 870 lege
2219 787 2283 849 et
2327 785 2792 861 consuetudine,

335 916 371 950 ι
400 889 741 955 secundum
778 890 1232 954 ordinationem
1279 890 1596 956 Ecclesiae
1644 896 1706 956 ct
1746 892 2247 956 consuetudinem
2293 892 2702 972 approbatam
2726 919 2787 969 »‚

332 994 537 1076 inquit
567 1011 617 1056 S.
644 993 865 1056 Thom.
900 1012 1058 1075 sup.‚
1093 994 1244 1057 haec
1275 995 1573 1059 servanda
1606 999 1719 1060 est.

424 1095 488 1161 Si
520 1098 733 1160 autem
764 1095 1193 1178 paciscendum
1224 1096 1327 1174 sit,
1361 1098 1630 1162 cavenda
1664 1100 1760 1163 est
1789 1099 2004 1182 turpis.
2023 1099 2280 1176 exactio,
2322 1101 2396 1163 ut
2429 1098 2629 1163 omnis
2663 1117 2794 1181 spe-

332 1199 454 1262 cies
494 1195 796 1262 avaritiae
822 1196 925 1279 (ut
953 1197 1093 1261 infr.
1126 1218 1186 1262 n.
1228 1199 1409 1283 465.)
1442 1202 1506 1265 et
1538 1202 1837 1266 simoniae
1886 1202 2048 1266 absit
2080 1220 2150 1266 ac
2197 1221 2272 1265 ne
2303 1200 2589 1266 videatur
2629 1199 2794 1284 exigi

331 1320 446 1366 cen
488 1300 763 1384 pretium
807 1299 897 1364 rei
941 1318 1150 1364 sacrae
1195 1302 1424 1385 potiuS,
1465 1323 1653 1385 quam
1700 1305 1775 1367 ut
1820 1303 2214 1387 stipendium.
2256 1303 2355 1368 Sic
2403 1304 2582 1386 turpe
2631 1303 2794 1367 esset

332 1404 505 1487 prius
552 1401 795 1486 exigere
847 1403 1239 1467 numeratam
1290 1405 1613 1486 pecuniam
1664 1408 1776 1471 aut
1829 1407 2180 1471 cautionem
2227 1408 2291 1470 et
2336 1425 2511 1470 secus
2565 1423 2791 1488 negare

332 1505 708 1590 spiritualia.

420 1609 751 1673 Praeterea
804 1625 1025 1672 nomen
1069 1610 1364 1674 mercedis
1409 1631 1532 1676 non
1579 1611 1761 1676 debet
1806 1612 2000 1695 accipi
2043 1612 2144 1676 hic
2180 1630 2289 1694 pro
2336 1608 2612 1674 mercede
2658 1627 2797 1692 pro-

330 1711 693 1796 portionata
736 1710 1064 1790 ‚spirituali
1098 1714 1286 1792 operi,
1324 1714 1427 1777 sed
1462 1733 1572 1797 pro
1605 1715 1879 1779 mercede
1911 1715 2407 1779 commensurata
2454 1711 2794 1777 conditioni

326 1831 632 1897 personae
669 1814 1000 1896 operantiS,
1034 1833 1193 1896 quae
1242 1815 1319 1880 ob
1363 1816 1606 1880 labores
1639 1835 1784 1880 suos
1832 1816 2189 1899 spirituales
2229 1813 2684 1880 sustentatione
2731 1813 2799 1876 et

338 1915 646 1999 stipendio
691 1916 878 2001 digna
908 1919 1021 1981 est.
1056 1915 1433 2003 Schmalzgr.
1468 1919 1576 1982 lib.
1599 1921 1656 1982 5.
1691 1920 1791 1984 tit.
1813 1921 1873 1983 3.
1900 1940 2001 1984 nn.
2030 1919 2269 1983 89.-93.
2295 1917 2457 1982 Hinc
2483 1916 2794 1981 diversum

335 2018 715 2102 stipendium
759 2038 871 2103 pro
908 2018 1150 2084 diverso
1197 2021 1396 2105 gradu
1446 2022 1744 2086 tribuitur
1791 2022 2027 2086 clericis
2074 2022 2204 2086 sive
2251 2019 2684 2085 assistentibus
2728 2019 2794 2082 in

332 2123 546 2201 chorO,
582 2121 709 2186 sive
740 2122 1181 2187 deducentibus
1218 2122 1423 2200 funus,
1465 2124 1593 2188 sive
1617 2125 1902 2189 sollemni
1934 2124 2164 2189 Missae
2196 2122 2702 2188 deservientibus.

425 2219 608 2294 462.
642 2223 899 2304 Quando
931 2227 1142 2291 tamen
1179 2228 1290 2290 aut
1320 2228 1624 2308 parochus
1658 2228 1772 2292 aut
1802 2228 2201 2292 beneficiatus
2233 2226 2469 2309 quisvis
2509 2226 2573 2289 vi
2606 2222 2795 2288 officii

332 2327 435 2392 sui
466 2328 564 2392 est
595 2327 911 2412 obligatus
944 2327 1022 2391 ad
1053 2328 1461 2392 ministranda
1492 2329 1864 2412 spiritualia,
1898 2331 1998 2394 hic
2029 2349 2138 2413 pro
2171 2330 2248 2393 iis
2280 2327 2641 2392 ministeriis
2674 2345 2795 2391 non

331 2430 544 2512 potest
565 2430 735 2494 licite
757 2430 996 2514 exigere
1020 2430 1415 2514 stipendium.
1435 2430 1735 2511 Quocirca
1759 2451 1882 2497 non
1906 2433 2115 2515 potest
2137 2432 2442 2516 parochus
2467 2449 2577 2513 pro
2596 2430 2799 2511 expla-

334 2533 587 2598 natione
619 2533 927 2619 evangelji
956 2552 1064 2617 per
1101 2552 1333 2599 annum
1362 2537 1657 2600 consueta
1688 2535 1929 2621 exigere
1961 2533 2356 2618 stipendium,
2390 2531 2556 2616 quod
2588 2533 2798 2595 tamen

337 2636 451 2700 alii
486 2636 906 2701 concionatori
936 2638 1256 2701 tribuitur.

426 2738 616 2804 Ratio
642 2741 756 2817 est,
776 2738 925 2821 quia
947 2740 1012 2803 hi
1030 2740 1083 2804 si
1106 2741 1515 2806 sufficientem
1530 2742 1761 2806 habent
1786 2741 2301 2806 sustentationem
2328 2739 2594 2818 aliunde,
2615 2758 2672 2803 v.
2700 2758 2796 2822 gr.

332 2861 409 2906 ex
440 2840 694 2905 decimis
726 2843 841 2906 aut
871 2842 1009 2906 aliis
1043 2844 1442 2925 proventibus
1467 2843 1916 2919 ecclesiasticiS,
1942 2843 2198 2925 peccant
2220 2843 2436 2906 contra
2460 2841 2793 2916 iustitiam,

334 2945 394 3008 si
424 2944 597 3008 aliud
628 2944 1002 3027 stipendium
1027 2946 1279 3030 exigant
1303 2946 1401 3010 vel
1424 2945 1497 3009 de
1528 2965 1598 3010 eo
1622 2947 1878 3028 pactum
1908 2945 2140 3009 ineant.
2168 2945 2266 3008 Ita
2290 2944 2634 3008 communis
2659 2944 2798 3007 DD.

336 3063 485 3110 cum
521 3065 569 3110 s.
604 3046 846 3110 Thoma
878 3049 937 3110 2.
966 3050 1025 3111 2.
1062 3067 1120 3130 q.
1160 3049 1307 3111 100.
1336 3050 1452 3111 art.
1480 3048 1541 3111 3.
1569 3048 1647 3112 ad
1680 3048 1740 3111 3.
1775 3046 1951 3127 Quod
1989 3047 2202 3112 exinde
2233 3048 2427 3129 patet,
2463 3045 2628 3128 quod
2659 3045 2800 3108 uni-

336 3150 568 3213 versim
614 3151 830 3214 contra
876 3151 1187 3215 iustitiam
1225 3152 1320 3215 est
1364 3151 1602 3236 exigere
1649 3151 1990 3233 temporale
2035 3149 2411 3232 stipendium
2459 3167 2568 3232 pro
2620 3166 2798 3231 opere

336 3251 589 3317 aliunde
620 3272 692 3318 ex
720 3253 968 3317 iustitia
998 3253 1227 3333 debito,
1255 3273 1397 3318 cum
1429 3273 1500 3320 eo
1538 3274 1686 3319 casu
1720 3254 1880 3318 desit
1916 3254 2144 3318 titulus
2175 3252 2332 3317 illud
2365 3250 2664 3336 exigendi.
2693 3250 2798 3314 Ti-

335 3355 513 3419 tulus
539 3355 765 3438 quippe
787 3355 1116 3420 habebitur
1148 3357 1261 3420 aut
1293 3376 1364 3420 ex
1395 3357 1575 3440 pacto
1600 3356 1903 3441 gratuite,
1927 3358 2040 3420 aut
2064 3375 2135 3420 ex
2161 3373 2446 3419 oneroso:
2477 3355 2653 3436 atqui
2677 3374 2798 3419 non

334 3476 408 3522 ex
454 3459 641 3540 pacto
688 3459 996 3542 gratuitoz
1038 3460 1186 3541 quia
1216 3459 1369 3522 dans
1408 3477 1528 3523 non
1561 3459 1701 3522 vult
1746 3458 1994 3535 donare,
2029 3458 2134 3522 sed
2171 3457 2416 3520 tantum
2456 3456 2796 3519 mercedem

334 3559 513 3624 dare:
547 3578 671 3624 non
703 3580 774 3625 ex
806 3579 1082 3639 oneroso,
1123 3560 1270 3644 quia
1301 3561 1488 3625 huius
1520 3561 1688 3643 pacti
1720 3562 1946 3624 natura
1994 3559 2107 3635 est,
2142 3559 2216 3622 ut
2251 3556 2549 3638 utrinque
2596 3557 2803 3639 pariat

338 3662 807 3747 obligationem.
841 3664 1035 3729 Porro
1066 3664 1241 3729 nulla
1279 3682 1439 3728 nova
1487 3663 1789 3747 obligatio
1837 3662 2179 3744 imponitur
2211 3660 2284 3738 ei,
2337 3660 2443 3741 qui
2482 3659 2611 3723 iam
2658 3661 2808 3723 ante·

336 3784 409 3829 ex
442 3765 696 3830 iustitia
728 3766 1042 3851 obligatus
1081 3769 1176 3832 est
1205 3767 1402 3831 facere
1435 3765 1534 3831 vel
1562 3764 1974 3830 intermittere
2008 3762 2260 3844 aliquid.
2296 3762 2459 3847 Ergo
2495 3782 2637 3826 cum
2662 3762 2801 3844 quis

335 3867 675 3951 paciscitur
705 3888 847 3933 cum
885 3870 1080 3934 altero
1113 3869 1187 3934 de
1232 3887 1394 3933 novo
1427 3868 1732 3952 stipendio
1765 3885 1875 3951 pro
1910 3885 2000 3943 eo,
2042 3864 2206 3947 quod
2240 3863 2395 3928 alias
2449 3884 2520 3929 ex
2557 3864 2802 3929 iustitia

337 3969 538 4047 debet,
573 3970 869 4036 iniuriam
900 3973 955 4036 ei
980 3971 1149 4036 facit.
1188 3970 1478 4051 Quinimo
1512 3971 1658 4035 talis
1683 3970 1921 4035 exactio
1946 3969 2208 4052 speciem
2233 3987 2477 4050 quoque
2503 3968 2800 4033 simoniae

337 4072 526 4137 habet
559 4072 626 4136 et
661 4074 757 4138 est
802 4074 1066 4139 simonia
1112 4075 1335 4139 saltem
1371 4076 1772 4159 praesumpta
1808 4074 2067 4155 ideoque
2115 4072 2247 4135 iure
2285 4072 2557 4155 positivo
2591 4073 2688 4135 uti
2728 4074 2807 4136 si-

338 4175 551 4239 monia
581 4174 896 4241 interdum
926 4177 1305 4260 prohibetur.
1341 4176 1718 4261 Schmalzgr.
1766 4176 1874 4240 lib.
1912 4176 1971 4239 5.
2006 4175 2105 4239 tit.
2148 4173 2208 4237 3.
2242 4193 2301 4236 n.
2339 4173 2443 4236 95.

424 4276 657 4361 Excipe
703 4279 933 4357 tamen,
981 4279 1100 4343 nisi
1146 4279 1431 4364 legitima
1478 4279 1643 4343 adsit
1689 4277 2090 4353 consuetudo,
2141 4293 2299 4358 quae
2336 4276 2402 4338 1⁰
2434 4277 2530 4339 vel
2581 4295 2616 4339 a
2663 4275 2808 4340 fide-

338 4378 499 4445 libus
531 4379 711 4462 ipsis,
750 4381 1047 4465 temporis
1079 4380 1492 4446 diuturnitate
1525 4385 1589 4447 et
1619 4382 1816 4445 tacito
1853 4379 2287 4445 Praelatorum
2320 4397 2671 4456 consensus
2709 4398 2806 4442 ve-

338 4482 456 4547 luti
495 4482 775 4564 quadam
812 4484 914 4566 pia
945 4485 1082 4568 lege
1104 4484 1442 4561 statuitu13
1476 4487 1627 4548 tunc
1658 4485 1821 4548 enim
1851 4482 2104 4546 retineri
2128 4480 2325 4557 debet,
2359 4480 2542 4545 modo
2571 4481 2643 4544 ad
2673 4481 2804 4543 eius

339 4584 842 4651 observationem
882 4605 918 4650 a
943 4587 1230 4668 parochis
1264 4587 1324 4650 vi
1363 4606 1485 4651 non
1518 4587 1824 4670 cogantur
1865 4583 2117 4648 subditi.
