3497 5147
315 353 448 420 [552]
1090 367 1171 407 ΑΝ
1211 369 1288 408 111·
1324 367 1578 415 QUANDO
1613 368 1840 410 mcm‘r
1875 371 2111 412 romum
2650 356 2759 411 423

314 461 606 548 probabili
632 481 703 526 ac
732 462 986 545 proinde
1010 463 1347 528 secundum
1369 464 1669 529 iudicium
1699 467 1967 531 iurantis
1999 467 2479 532 consentaneum
2511 466 2762 543 rationi,

313 565 432 629 sive
475 564 532 627 id
583 582 620 627 a
666 564 842 647 parte
909 565 999 628 rei
1046 585 1261 630 verum
1324 566 1452 631 sive
1498 567 1730 632 falsum
1785 570 1903 633 sit:
1954 569 2102 651 quia
2149 569 2265 633 1100
2303 570 2397 632 661
2442 568 2767 632 moraliter

314 667 539 730 certum
574 685 704 730 esse
742 690 803 730 ›.

394 768 621 832 Idcirco
655 768 746 833 ait
776 788 824 833 6.
864 769 1051 852 Alph.
1087 770 1128 833 l.
1166 789 1217 833 c.
1259 789 1401 835 cum
1448 774 1785 848 communi,
1827 774 2110 838 sufficere
2146 774 2210 837 in
2244 774 2594 838 iuramento
2642 773 2774 836 sive

313 871 631 936 assertorio
678 872 808 935 sive
853 871 1254 954 promissorio
1302 873 1809 955 probabilitatem
1859 876 2144 940 veritatis
2193 877 2466 940 assertae
2515 876 2611 939 vel
2659 875 2772 937 im-

312 974 588 1058 pletionis
618 973 708 1037 rei
741 974 1114 1056 promissae;
1165 975 1331 1056 quod
1377 977 1586 1040 tamen
1622 978 1712 1041 ait
1742 977 2237 1063 intelligendum,
2274 977 2612 1043 dummodo
2645 995 2768 1041 non

313 1076 604 1140 habeatur
639 1074 803 1139 ratio
836 1075 1173 1158 probabilis
1203 1078 1268 1141 in
1308 1079 1684 1162 oppositum.
1727 1080 1827 1145 Sic
1875 1081 2038 1144 enim
2086 1081 2324 1145 deesset
2353 1079 2613 1144 moralis
2645 1098 2771 1143 cer·

312 1178 503 1243 titudo
536 1196 649 1241 nec
673 1176 846 1241 decet
868 1177 1071 1242 Deum
1092 1179 1369 1245 invocari
1398 1181 1462 1245 in
1489 1183 1713 1246 testem
1736 1182 1844 1258 rei,
1882 1202 2072 1264 quam
2097 1182 2503 1266 probabiliter
2526 1181 2766 1245 iudicas

310 1280 540 1345 falsam.
576 1279 819 1361 Itaque,
849 1281 921 1344 ut
954 1280 1046 1344 ait
1075 1279 1342 1346 Sanchez
1376 1284 1416 1347 1.
1444 1303 1494 1349 c.
1530 1304 1590 1347 n.
1629 1285 1754 1360 13„
1791 1283 1867 1347 ad
1892 1285 2217 1349 veritatem
2245 1281 2584 1348 iuramenti
2608 1281 2766 1346 satis

311 1384 414 1455 est,
463 1382 774 1447 iurantem
822 1382 1130 1447 audivisse
1175 1403 1305 1448 rem
1351 1385 1527 1449 illam
1576 1405 1612 1449 a
1658 1404 1919 1470 persona
1981 1386 2072 1449 ita
2119 1385 2237 1449 fide
2293 1385 2503 1469 digna,
2559 1386 2633 1448 ut
2680 1383 2766 1447 sit

310 1483 624 1548 moraliter
658 1485 861 1548 certus
900 1504 1029 1548 rem
1075 1485 1168 1548 ita
1215 1503 1365 1550 6666.
1407 1487 1493 1551 Α1
1539 1489 1604 1551 111
1649 1487 2048 1552 1111110161111116
2081 1487 2144 1550 111
2177 1505 2300 1551 11011
2335 1488 2488 1550 satis
2521 1486 2640 1549 erit
2688 1484 2766 1549 ad

310 1607 431 1650 rem
466 1589 769 1668 tanquam
817 1587 1050 1651 certam
1094 1587 1442 1663 iurandam,
1477 1589 1596 1653 nisi
1637 1589 2018 1673 adiungatur
2048 1607 2237 1653 causa
2266 1588 2438 1652 illius
2469 1587 2764 1651 notitiae:

310 1691 379 1751 111
407 1689 529 1751 scio
560 1686 691 1765 hoe,
727 1688 877 1768 quia
900 1687 1118 1751 audivi
1147 1709 1189 1751 a
1210 1710 1485 1769 persona
1516 1690 1640 1770 fide
1672 1689 1887 1772 (liqna.
1929 1691 2153 1773 Itaque
2184 1688 2621 1754 affirmandum
2653 1690 2768 1763 est,

310 1790 736 1856 certitudinem
768 1790 992 1855 saltem
1036 1792 1337 1856 moralem
1386 1792 1460 1856 ad
1494 1792 1828 1857 iurandum
1860 1792 2112 1874 requiri,
2151 1793 2245 1856 ita
2283 1794 2355 1855 ut
2385 1791 2598 1855 iurans
2630 1810 2774 1873 pru·

315 1891 518 1956 denter
549 1892 782 1957 iudicet
818 1912 949 1957 rem
980 1893 1072 1957 ita
1105 1893 1295 1958 fuisse
1327 1895 1426 1957 vel
1452 1913 1601 1972 esse,
1638 1896 1734 1959 vel
1767 1914 1830 1958 se
1864 1896 2118 1959 auctore
2147 1895 2448 1959 futuram.

400 1997 530 2061 Iam
568 2016 712 2062 vero
758 2000 956 2081 patet,
1008 1999 1407 2065 omissionem
1456 2000 1821 2085 diligentiae
1867 2020 1992 2082 qua
2042 2000 2409 2082 acquiratur
2463 1999 2779 2064 sufficiens

306 2099 527 2164 notitia
560 2099 640 2164 ad
669 2100 1023 2180 iurandum,
1074 2119 1274 2188 posse*
1302 2120 1432 2166 esse
1478 2121 1733 2186 gravem
1782 2103 1880 2166 vel
1926 2104 2128 2168 levem
2165 2102 2376 2185 prouti
2408 2101 2677 2166 diximus
2707 2101 2772 2163 in

309 2204 484 2266 tract.
518 2201 595 2266 de
630 2202 776 2266 Act.
811 2202 1033 2278 Hum„
1066 2203 1175 2267 nbi
1213 2203 1288 2266 dc
1319 2204 1721 2286 Iynorantia.
1757 2204 1922 2268 Hinc
1951 2205 2232 2288 gravitas
2264 2204 2364 2268 vel
2393 2203 2619 2268 levitas
2651 2203 2779 2267 cul-

305 2323 431 2387 pae,
465 2304 541 2369 de
573 2324 703 2387 qua
739 2306 814 2370 A.
847 2305 913 2369 in
949 2307 1261 2388 praesenti
1290 2308 1473 2370 resol.

385 2403 562 2477 552.
606 2406 786 2486 Quod
819 2409 1061 2490 spectat
1099 2408 1176 2472 ad
1207 2408 1740 2485 consuetudinem,
1778 2409 2029 2473 adverte
2061 2409 2231 2473 haec.

476 2512 545 2573 1⁰
600 2507 1001 2576 Consuetudo
1064 2510 1352 2576 consistit
1405 2511 1540 2576 heic
1595 2512 1661 2577 in
1729 2512 1954 2577 habitu
2012 2511 2347 2577 inducente
2401 2511 2775 2579 facilitatem

305 2613 540 2698 agendi.
575 2611 742 2678 Cum
765 2616 977 2678 autem
1006 2613 1261 2678 habitus
1293 2614 1439 2677 boni
1475 2615 1576 2679 vel
1597 2616 1751 2679 mali
1774 2616 2062 2680 dicantur
2092 2634 2202 2698 pro
2226 2615 2470 2680 ratione
2495 2617 2770 2691 actuum,

302 2716 376 2779 ad
406 2735 563 2797 quos
597 2715 936 2780 inclinant:
977 2716 1152 2799 patet
1175 2735 1298 2780 non
1331 2735 1509 2799 posse
1541 2717 1842 2781 maiorem
1879 2718 2255 2800 pravitatem
2288 2717 2542 2800 reperiri
2571 2717 2637 2780 in
2668 2717 2776 2779 ha-

302 2818 452 2895 bitu,
503 2838 703 2901 quam
748 2836 906 2900 qnae
953 2820 1050 2882 est
1092 2818 1158 2882 in
1207 2820 1372 2883 actu.
1412 2818 1648 2884 Idcirco
1695 2838 1838 2884 cum
1884 2820 2264 2884 consuetudo
2311 2819 2449 2884 11160
2497 2817 2774 2883 tollenda

298 2923 395 2997 sit,
430 2924 507 2986 ut
552 2923 855 2986 caveatur
884 2920 1162 3004 pravitas
1210 2923 1487 2996 actuum,
1513 2939 1635 2986 non
1675 2922 1887 3005 potest
1913 2921 2115 2985 maior
2151 2939 2281 2985 esse
2320 2920 2623 3005 obligatio
2655 2921 2775 2985 tol-

296 3025 509 3089 lendae
560 3024 1028 3089 consuetudinis
1075 3043 1264 3105 quam
1308 3024 1550 3088 vitandi
1596 3042 1700 3089 eos
1732 3026 1931 3088 actus.
1972 3022 2361 3106 Quapropter
2392 3023 2446 3088 si
2482 3023 2665 3105 culpa
2689 3023 2776 3088 sit

296 3128 465 3204 levis,
499 3127 665 3192 levis
697 3127 814 3191 erit
852 3126 1154 3211 obligatio
1194 3126 1503 3192 tollendae
1536 3126 2021 3192 consuetudinis.
2057 3125 2236 3205 Quod
2268 3125 2519 3208 quidem
2548 3125 2776 3190 intelli-

293 3230 464 3313 gitur
512 3228 937 3294 abstractione
983 3227 1151 3292 facta
1197 3248 1234 3292 a
1265 3229 1613 3293 rationibus
1645 3228 2025 3304 extrinseciS,
2059 3246 2216 3310 quas
2247 3227 2535 3292 inducere
2565 3228 2776 3309 potest

294 3353 348 3396 v.
389 3331 874 3417 gr.'periculum
919 3330 1166 3395 labendi
1210 3331 1276 3394 in
1322 3332 1540 3414 gravia
1574 3334 1688 3396 etc.

472 3436 547 3498 2⁰
580 3432 707 3513 Qui
737 3451 882 3517 ergo
917 3433 1105 3497 habet
1135 3433 1381 3496 iurandi
1413 3434 1940 3511 consuetudinem,
1976 3432 2126 3515 quin
2161 3433 2370 3495 tamen
2402 3432 2665 3496 mendax
2709 3433 2774 3494 et

291 3538 572 3603 iniustus
621 3536 724 3613 sit,
764 3537 839 3600 ut
883 3535 1136 3619 proinde
1184 3535 1389 3599 solum
1437 3535 1566 3599 sine
1596 3535 1965 3599 necessitate
2013 3534 2217 3598 soleat
2246 3534 2472 3609 iurare,
2506 3551 2628 3597 non
2677 3533 2774 3595 est

291 3640 353 3705 in
382 3641 571 3706 statu
603 3638 842 3721 peccati
870 3638 1177 3713 mortalis,
1212 3637 1462 3702 etiamsi
1493 3656 1616 3701 non
1650 3639 1908 3702 conetur
1946 3636 2207 3700 evellere
2237 3634 2413 3699 illam
2447 3636 2775 3699 consuetu-

293 3744 534 3821 dinem3
573 3742 726 3826 quia
759 3743 935 3806 actus
966 3744 1061 3805 est
1091 3741 1274 3824 culpa
1303 3741 1459 3805 levis
1492 3740 1579 3821 (n.
1619 3739 1819 3822 550.).
1857 3737 2092 3802 Contra
2123 3738 2233 3820 qui
2266 3737 2453 3802 habet
2483 3736 2771 3801 habitum

291 3847 543 3912 iurandi
596 3846 788 3910 simul
833 3846 895 3909 et
939 3843 1295 3918 mentiendi,
1330 3846 1543 3927 peccat
1590 3843 1885 3915 letaliter,
1939 3841 1991 3905 si
2037 3860 2158 3905 non
2207 3840 2461 3905 studeat
2513 3839 2772 3904 evellere

294 3948 839 4014 consuetudinem:
888 3947 1076 4011 toties
1118 3947 1329 4010 autem
1377 3946 1663 4010 censetur
1707 3964 1977 4028 peccare,
2027 3943 2275 4025 quoties
2313 3942 2584 4007 advertit
2622 3941 2772 4006 obli-

292 4053 626 4135 gationem
665 4051 746 4127 et,
782 4052 1132 4133 opportuna
1176 4050 1507 4113 exsistente
1547 4048 1886 4124 occasione,
1912 4065 2035 4111 non
2070 4046 2321 4110 adhibet
2351 4044 2622 4109 remedia
2644 4043 2774 4106 ido-

291 4173 433 4229 nea;
485 4152 726 4236 quippe
757 4151 865 4232 qui
897 4154 991 4215 est
1036 4151 1100 4214 in
1132 4146 1411 4233 proxima
1444 4151 1766 4215 occasione
1798 4147 2089 4233 peccandi
2121 4148 2185 4212 et
2231 4146 2391 4210 falsa
2421 4145 2775 4208 iuramenta

293 4257 578 4322 evadunt
628 4253 981 4317 voluntaria
1025 4253 1090 4316 in
1112 4254 1499 4318 -voluntaria
1536 4251 2002 4316 consuetudinis
2049 4246 2525 4332 perseverantia.

474 4360 552 4422 3⁰
584 4356 805 4420 Potest
837 4355 976 4437 quis
1023 4375 1087 4419 se
1119 4356 1379 4420 liberare
1430 4374 1466 4418 a
1516 4356 1691 4418 statu
1737 4351 1995 4435 peccati,
2055 4353 2108 4414 si
2155 4369 2298 4414 eum
2346 4348 2555 4413 doleat
2599 4347 2775 4428 isque

294 4459 617 4543 proponat
662 4458 801 4521 tum
840 4457 1147 4521 abstinere
1196 4458 1272 4520 ab
1318 4455 1681 4520 huiusmodi
1727 4452 2100 4518 iuramentis
2145 4453 2285 4514 tum
2333 4450 2590 4514 evellere
2637 4466 2778 4512 con-

296 4560 722 4627 suetudinem.
770 4558 853 4622 Et
896 4559 950 4623 61
980 4559 1130 4622 11660
1177 4558 1400 4632 adsint,
1450 4558 1661 4639 potest
1708 4554 1976 4630 absolvi;
2018 4554 2166 4635 quia
2212 4570 2334 4615 non
2369 4553 2466 4615 est
2501 4552 2653 4616 haec
2679 4569 2774 4614 oc-
