<?xml version="1.0" encoding="UTF-8"?>
<!DOCTYPE html PUBLIC "-//W3C//DTD XHTML 1.0 Transitional//EN"
    "http://www.w3.org/TR/xhtml1/DTD/xhtml1-transitional.dtd">
<html xmlns="http://www.w3.org/1999/xhtml" xml:lang="en" lang="en">
 <head>
  <title>
</title>
<meta http-equiv="Content-Type" content="text/html;charset=utf-8" />
  <meta name='ocr-system' content='tesseract 3.04.00' />
  <meta name='ocr-capabilities' content='ocr_page ocr_carea ocr_par ocr_line ocrx_word'/>
</head>
<body>
  <div class='ocr_page' id='page_1' title='image "./opustheologicum00ballgoog/opustheologicum00ballgoog_0372.png"; bbox 0 0 3497 5147; ppageno 0'>
   <div class='ocr_carea' id='block_1_1' title="bbox 348 360 2805 435">
    <p class='ocr_par' dir='ltr' id='par_1_1' title="bbox 348 360 2805 435">
     <span class='ocr_line' id='line_1_1' title="bbox 348 360 2805 435; baseline 0.004 -19"><span class='ocrx_word' id='word_1_1' title='bbox 348 360 492 435; x_wconf 79' lang='lat'>[480]</span> <span class='ocrx_word' id='word_1_2' title='bbox 1205 380 1457 421; x_wconf 74' lang='lat' dir='ltr'><strong>smomA</strong></span> <span class='ocrx_word' id='word_1_3' title='bbox 1494 381 1559 421; x_wconf 67' lang='lat' dir='ltr'><strong>ns</strong></span> <span class='ocrx_word' id='word_1_4' title='bbox 1598 380 1941 423; x_wconf 65' lang='lat' dir='ltr'><strong>anmmcns</strong></span> <span class='ocrx_word' id='word_1_5' title='bbox 2692 371 2805 426; x_wconf 83' lang='lat'><strong>365</strong></span> 
     </span>
    </p>
   </div>
   <div class='ocr_carea' id='block_1_2' title="bbox 305 473 2810 4559">
    <p class='ocr_par' dir='ltr' id='par_1_2' title="bbox 344 473 2801 667">
     <span class='ocr_line' id='line_1_2' title="bbox 345 473 2796 565; baseline 0.003 -27"><span class='ocrx_word' id='word_1_6' title='bbox 345 473 650 550; x_wconf 77' lang='lat' dir='ltr'><strong>consistit,</strong></span> <span class='ocrx_word' id='word_1_7' title='bbox 685 475 851 556; x_wconf 92' lang='lat' dir='ltr'><strong>quod</strong></span> <span class='ocrx_word' id='word_1_8' title='bbox 886 477 1209 559; x_wconf 76' lang='lat' dir='ltr'>spirituale</span> <span class='ocrx_word' id='word_1_9' title='bbox 1255 478 1465 541; x_wconf 84' lang='lat' dir='ltr'><strong>veniat</strong></span> <span class='ocrx_word' id='word_1_10' title='bbox 1510 478 1574 541; x_wconf 89' lang='lat' dir='ltr'><strong>in</strong></span> <span class='ocrx_word' id='word_1_11' title='bbox 1622 479 2121 544; x_wconf 80' lang='lat' dir='ltr'><strong>aestimationem</strong></span> <span class='ocrx_word' id='word_1_12' title='bbox 2168 500 2309 545; x_wconf 90' lang='lat' dir='ltr'><strong>cum</strong></span> <span class='ocrx_word' id='word_1_13' title='bbox 2348 501 2414 546; x_wconf 90' lang='lat' dir='ltr'><strong>re</strong></span> <span class='ocrx_word' id='word_1_14' title='bbox 2445 482 2796 565; x_wconf 91' lang='lat' dir='ltr'><strong>temporali.</strong></span> 
     </span>
     <span class='ocr_line' id='line_1_3' title="bbox 344 577 2801 667; baseline 0.003 -27"><span class='ocrx_word' id='word_1_15' title='bbox 344 577 540 658; x_wconf 84' lang='lat' dir='ltr'><strong>Atqui</strong></span> <span class='ocrx_word' id='word_1_16' title='bbox 563 578 680 641; x_wconf 91' lang='lat' dir='ltr'><strong>hoc</strong></span> <span class='ocrx_word' id='word_1_17' title='bbox 710 577 775 640; x_wconf 92' lang='lat' dir='ltr'><strong>in</strong></span> <span class='ocrx_word' id='word_1_18' title='bbox 800 597 949 642; x_wconf 89' lang='lat' dir='ltr'><strong>casu</strong></span> <span class='ocrx_word' id='word_1_19' title='bbox 971 597 1093 643; x_wconf 91' lang='lat' dir='ltr'><strong>non</strong></span> <span class='ocrx_word' id='word_1_20' title='bbox 1117 579 1210 656; x_wconf 91' lang='lat' dir='ltr'><strong>fit,</strong></span> <span class='ocrx_word' id='word_1_21' title='bbox 1236 599 1359 660; x_wconf 93' lang='lat' dir='ltr'><strong>quo</strong></span> <span class='ocrx_word' id='word_1_22' title='bbox 1384 599 1579 644; x_wconf 90' lang='lat' dir='ltr'><strong>unum</strong></span> <span class='ocrx_word' id='word_1_23' title='bbox 1610 581 1934 663; x_wconf 79' lang='lat' dir='ltr'><strong>spirituale</strong></span> <span class='ocrx_word' id='word_1_24' title='bbox 1964 582 2150 646; x_wconf 88' lang='lat' dir='ltr'><strong>datur</strong></span> <span class='ocrx_word' id='word_1_25' title='bbox 2172 602 2283 666; x_wconf 92' lang='lat' dir='ltr'><strong>pro</strong></span> <span class='ocrx_word' id='word_1_26' title='bbox 2309 584 2432 648; x_wconf 87' lang='lat' dir='ltr'><strong>alio</strong></span> <span class='ocrx_word' id='word_1_27' title='bbox 2465 584 2801 667; x_wconf 85' lang='lat' dir='ltr'><strong>spirituali.</strong></span> 
     </span>
    </p>

    <p class='ocr_par' dir='ltr' id='par_1_3' title="bbox 343 678 2802 869">
     <span class='ocr_line' id='line_1_4' title="bbox 433 678 2802 767; baseline 0.002 -24"><span class='ocrx_word' id='word_1_28' title='bbox 433 678 734 758; x_wconf 82' lang='lat' dir='ltr'><strong>Quocirca</strong></span> <span class='ocrx_word' id='word_1_29' title='bbox 766 682 1043 763; x_wconf 87' lang='lat' dir='ltr'><strong>spectato</strong></span> <span class='ocrx_word' id='word_1_30' title='bbox 1077 683 1209 746; x_wconf 91' lang='lat' dir='ltr'><strong>solo</strong></span> <span class='ocrx_word' id='word_1_31' title='bbox 1247 683 1520 746; x_wconf 90' lang='lat' dir='ltr'><strong>naturali</strong></span> <span class='ocrx_word' id='word_1_32' title='bbox 1556 701 1665 747; x_wconf 91' lang='lat' dir='ltr'><strong>seu</strong></span> <span class='ocrx_word' id='word_1_33' title='bbox 1697 683 1905 748; x_wconf 83' lang='lat' dir='ltr'><strong>divino</strong></span> <span class='ocrx_word' id='word_1_34' title='bbox 1952 684 2085 749; x_wconf 91' lang='lat' dir='ltr'><strong>iure</strong></span> <span class='ocrx_word' id='word_1_35' title='bbox 2131 686 2473 767; x_wconf 90' lang='lat' dir='ltr'><strong>permutari</strong></span> <span class='ocrx_word' id='word_1_36' title='bbox 2509 685 2802 750; x_wconf 88' lang='lat' dir='ltr'><strong>beneficia</strong></span> 
     </span>
     <span class='ocr_line' id='line_1_5' title="bbox 343 782 2797 869; baseline 0.001 -23"><span class='ocrx_word' id='word_1_37' title='bbox 343 801 589 864; x_wconf 88' lang='lat' dir='ltr'><strong>quoque</strong></span> <span class='ocrx_word' id='word_1_38' title='bbox 614 785 865 866; x_wconf 84' lang='lat' dir='ltr'><strong>possent</strong></span> <span class='ocrx_word' id='word_1_39' title='bbox 880 785 1127 867; x_wconf 89' lang='lat' dir='ltr'><strong>propria</strong></span> <span class='ocrx_word' id='word_1_40' title='bbox 1145 785 1538 849; x_wconf 90' lang='lat' dir='ltr'><strong>auctoritate.</strong></span> <span class='ocrx_word' id='word_1_41' title='bbox 1559 782 1938 869; x_wconf 87' lang='lat' dir='ltr'><strong>Schmalzgr.</strong></span> <span class='ocrx_word' id='word_1_42' title='bbox 1957 786 2065 850; x_wconf 90' lang='lat' dir='ltr'><strong>lib.</strong></span> <span class='ocrx_word' id='word_1_43' title='bbox 2087 788 2147 849; x_wconf 86' lang='lat'><strong>5.</strong></span> <span class='ocrx_word' id='word_1_44' title='bbox 2161 787 2262 850; x_wconf 90' lang='lat' dir='ltr'><strong>tit.</strong></span> <span class='ocrx_word' id='word_1_45' title='bbox 2281 789 2311 850; x_wconf 91' lang='lat'>1</span> <span class='ocrx_word' id='word_1_46' title='bbox 2323 834 2338 849; x_wconf 90' lang='lat'><strong>.</strong></span> <span class='ocrx_word' id='word_1_47' title='bbox 2358 807 2460 852; x_wconf 92' lang='lat' dir='ltr'><strong>nn.</strong></span> <span class='ocrx_word' id='word_1_48' title='bbox 2480 789 2626 851; x_wconf 81' lang='lat'><strong>122.</strong></span> <span class='ocrx_word' id='word_1_49' title='bbox 2651 789 2681 849; x_wconf 93' lang='lat'>1</span> <span class='ocrx_word' id='word_1_50' title='bbox 2693 787 2797 850; x_wconf 82' lang='lat'><strong>23.</strong></span> 
     </span>
    </p>

    <p class='ocr_par' dir='ltr' id='par_1_4' title="bbox 346 884 2809 1360">
     <span class='ocr_line' id='line_1_6' title="bbox 431 884 2806 966; baseline 0.002 -18"><span class='ocrx_word' id='word_1_51' title='bbox 431 884 625 949; x_wconf 87' lang='lat' dir='ltr'><strong>Addit</strong></span> <span class='ocrx_word' id='word_1_52' title='bbox 659 885 951 950; x_wconf 86' lang='lat' dir='ltr'><strong>Busemb.</strong></span> <span class='ocrx_word' id='word_1_53' title='bbox 989 913 1069 942; x_wconf 88' lang='lat'><strong><em>=</em></strong></span> <span class='ocrx_word' id='word_1_54' title='bbox 1110 887 1476 966; x_wconf 77' lang='lat' dir='ltr'><strong>quandoque</strong></span> <span class='ocrx_word' id='word_1_55' title='bbox 1520 886 1895 950; x_wconf 75' lang='lat' dir='ltr'><strong>intercedere</strong></span> <span class='ocrx_word' id='word_1_56' title='bbox 1938 889 2274 951; x_wconf 77' lang='lat' dir='ltr'><strong>simoniam</strong></span> <span class='ocrx_word' id='word_1_57' title='bbox 2317 890 2480 952; x_wconf 78' lang='lat' dir='ltr'><strong>iuris</strong></span> <span class='ocrx_word' id='word_1_58' title='bbox 2524 887 2806 953; x_wconf 76' lang='lat' dir='ltr'><strong>ecclesia-</strong></span> 
     </span>
     <span class='ocr_line' id='line_1_7' title="bbox 346 988 2809 1071; baseline 0.002 -22"><span class='ocrx_word' id='word_1_59' title='bbox 346 989 491 1050; x_wconf 76' lang='lat' dir='ltr'><strong>stici</strong></span> <span class='ocrx_word' id='word_1_60' title='bbox 528 1015 610 1044; x_wconf 89' lang='lat'><strong><em>=</em></strong></span> <span class='ocrx_word' id='word_1_61' title='bbox 644 988 727 1052; x_wconf 82' lang='lat' dir='ltr'><strong>Et</strong></span> <span class='ocrx_word' id='word_1_62' title='bbox 756 989 1005 1070; x_wconf 90' lang='lat' dir='ltr'><strong>quidem</strong></span> <span class='ocrx_word' id='word_1_63' title='bbox 1034 989 1287 1054; x_wconf 86' lang='lat' dir='ltr'><strong>fuerunt</strong></span> <span class='ocrx_word' id='word_1_64' title='bbox 1319 991 1452 1053; x_wconf 89' lang='lat' dir='ltr'><strong>DD.</strong></span> <span class='ocrx_word' id='word_1_65' title='bbox 1492 990 1796 1062; x_wconf 90' lang='lat' dir='ltr'><strong>nonnulli,</strong></span> <span class='ocrx_word' id='word_1_66' title='bbox 1844 990 1951 1071; x_wconf 90' lang='lat' dir='ltr'><strong>qui</strong></span> <span class='ocrx_word' id='word_1_67' title='bbox 1999 991 2402 1055; x_wconf 88' lang='lat' dir='ltr'><strong>simoniacam</strong></span> <span class='ocrx_word' id='word_1_68' title='bbox 2449 992 2809 1056; x_wconf 90' lang='lat' dir='ltr'><strong>habuerunt</strong></span> 
     </span>
     <span class='ocr_line' id='line_1_8' title="bbox 346 1090 2801 1177; baseline 0.001 -24"><span class='ocrx_word' id='word_1_69' title='bbox 346 1090 690 1171; x_wconf 79' lang='lat' dir='ltr'><strong>quamlibet</strong></span> <span class='ocrx_word' id='word_1_70' title='bbox 726 1110 933 1154; x_wconf 89' lang='lat' dir='ltr'><strong>rerum</strong></span> <span class='ocrx_word' id='word_1_71' title='bbox 964 1091 1388 1174; x_wconf 85' lang='lat' dir='ltr'><strong>spiritualium</strong></span> <span class='ocrx_word' id='word_1_72' title='bbox 1419 1093 1960 1174; x_wconf 86' lang='lat' dir='ltr'><strong>permutationem,</strong></span> <span class='ocrx_word' id='word_1_73' title='bbox 1996 1093 2395 1159; x_wconf 74' lang='lat' dir='ltr'><strong>obtendentes</strong></span> <span class='ocrx_word' id='word_1_74' title='bbox 2428 1113 2559 1177; x_wconf 88' lang='lat' dir='ltr'><strong>cap.</strong></span> <span class='ocrx_word' id='word_1_75' title='bbox 2594 1094 2700 1158; x_wconf 91' lang='lat' dir='ltr'><strong>fin.</strong></span> <span class='ocrx_word' id='word_1_76' title='bbox 2728 1093 2801 1155; x_wconf 84' lang='lat' dir='ltr'><strong>de</strong></span> 
     </span>
     <span class='ocr_line' id='line_1_9' title="bbox 348 1191 2808 1278; baseline 0.002 -24"><span class='ocrx_word' id='word_1_77' title='bbox 348 1191 591 1269; x_wconf 80' lang='lat' dir='ltr'><strong>Paetis,</strong></span> <span class='ocrx_word' id='word_1_78' title='bbox 631 1192 740 1256; x_wconf 89' lang='lat' dir='ltr'><strong>ubi</strong></span> <span class='ocrx_word' id='word_1_79' title='bbox 784 1195 1109 1275; x_wconf 87' lang='lat' dir='ltr'><strong>tamquam</strong></span> <span class='ocrx_word' id='word_1_80' title='bbox 1155 1193 1493 1258; x_wconf 88' lang='lat' dir='ltr'><strong>simoniaca</strong></span> <span class='ocrx_word' id='word_1_81' title='bbox 1537 1194 1816 1258; x_wconf 90' lang='lat' dir='ltr'><strong>reiicitur</strong></span> <span class='ocrx_word' id='word_1_82' title='bbox 1848 1195 2047 1260; x_wconf 89' lang='lat' dir='ltr'><strong>omnis</strong></span> <span class='ocrx_word' id='word_1_83' title='bbox 2087 1195 2293 1278; x_wconf 92' lang='lat' dir='ltr'><strong>pactio</strong></span> <span class='ocrx_word' id='word_1_84' title='bbox 2325 1196 2485 1260; x_wconf 87' lang='lat' dir='ltr'><strong>circa</strong></span> <span class='ocrx_word' id='word_1_85' title='bbox 2515 1214 2648 1259; x_wconf 91' lang='lat' dir='ltr'><strong>rem</strong></span> <span class='ocrx_word' id='word_1_86' title='bbox 2685 1195 2808 1278; x_wconf 88' lang='lat' dir='ltr'><strong>spi-</strong></span> 
     </span>
     <span class='ocr_line' id='line_1_10' title="bbox 346 1297 660 1360; baseline 0.003 -1"><span class='ocrx_word' id='word_1_87' title='bbox 346 1297 660 1360; x_wconf 89' lang='lat' dir='ltr'><strong>ritualem.</strong></span> 
     </span>
    </p>

    <p class='ocr_par' dir='ltr' id='par_1_5' title="bbox 341 1397 2808 1990">
     <span class='ocr_line' id='line_1_11' title="bbox 434 1397 2803 1481; baseline 0.001 -19"><span class='ocrx_word' id='word_1_88' title='bbox 434 1397 552 1463; x_wconf 86' lang='lat' dir='ltr'><strong>Sed</strong></span> <span class='ocrx_word' id='word_1_89' title='bbox 577 1398 928 1475; x_wconf 88' lang='lat' dir='ltr'><strong>tenendum,</strong></span> <span class='ocrx_word' id='word_1_90' title='bbox 954 1417 1084 1462; x_wconf 90' lang='lat' dir='ltr'><strong>rem</strong></span> <span class='ocrx_word' id='word_1_91' title='bbox 1115 1417 1255 1462; x_wconf 84' lang='lat' dir='ltr'><strong>vere</strong></span> <span class='ocrx_word' id='word_1_92' title='bbox 1279 1399 1688 1481; x_wconf 86' lang='lat' dir='ltr'><strong>spiritualem,</strong></span> <span class='ocrx_word' id='word_1_93' title='bbox 1721 1401 1895 1464; x_wconf 83' lang='lat' dir='ltr'><strong>extra</strong></span> <span class='ocrx_word' id='word_1_94' title='bbox 1924 1400 2253 1465; x_wconf 86' lang='lat' dir='ltr'><strong>materiam</strong></span> <span class='ocrx_word' id='word_1_95' title='bbox 2284 1399 2702 1466; x_wconf 87' lang='lat' dir='ltr'><strong>beneficialem</strong></span> <span class='ocrx_word' id='word_1_96' title='bbox 2739 1403 2803 1465; x_wconf 90' lang='lat' dir='ltr'><strong>et</strong></span> 
     </span>
     <span class='ocr_line' id='line_1_12' title="bbox 345 1502 2808 1584; baseline 0 -18"><span class='ocrx_word' id='word_1_97' title='bbox 345 1522 487 1566; x_wconf 91' lang='lat' dir='ltr'><strong>cum</strong></span> <span class='ocrx_word' id='word_1_98' title='bbox 532 1502 841 1566; x_wconf 88' lang='lat' dir='ltr'><strong>beneficiis</strong></span> <span class='ocrx_word' id='word_1_99' title='bbox 886 1520 1240 1578; x_wconf 84' lang='lat' dir='ltr'><strong>connexam,</strong></span> <span class='ocrx_word' id='word_1_100' title='bbox 1274 1522 1381 1584; x_wconf 91' lang='lat' dir='ltr'><strong>per</strong></span> <span class='ocrx_word' id='word_1_101' title='bbox 1411 1521 1476 1566; x_wconf 89' lang='lat' dir='ltr'><strong>se</strong></span> <span class='ocrx_word' id='word_1_102' title='bbox 1510 1502 1818 1567; x_wconf 89' lang='lat' dir='ltr'><strong>rationem</strong></span> <span class='ocrx_word' id='word_1_103' title='bbox 1849 1502 2034 1584; x_wconf 86' lang='lat' dir='ltr'><strong>pretii</strong></span> <span class='ocrx_word' id='word_1_104' title='bbox 2063 1503 2387 1567; x_wconf 88' lang='lat' dir='ltr'><strong>simoniaci</strong></span> <span class='ocrx_word' id='word_1_105' title='bbox 2419 1521 2541 1568; x_wconf 91' lang='lat' dir='ltr'><strong>non</strong></span> <span class='ocrx_word' id='word_1_106' title='bbox 2579 1502 2808 1567; x_wconf 87' lang='lat' dir='ltr'><strong>habere</strong></span> 
     </span>
     <span class='ocr_line' id='line_1_13' title="bbox 343 1604 2802 1688; baseline 0.001 -21"><span class='ocrx_word' id='word_1_107' title='bbox 343 1607 624 1687; x_wconf 88' lang='lat' dir='ltr'><strong>respectu</strong></span> <span class='ocrx_word' id='word_1_108' title='bbox 674 1604 929 1668; x_wconf 89' lang='lat' dir='ltr'><strong>alterius</strong></span> <span class='ocrx_word' id='word_1_109' title='bbox 974 1604 1065 1667; x_wconf 91' lang='lat' dir='ltr'><strong>rei</strong></span> <span class='ocrx_word' id='word_1_110' title='bbox 1109 1604 1475 1686; x_wconf 77' lang='lat' dir='ltr'><strong>spiritualia.</strong></span> <span class='ocrx_word' id='word_1_111' title='bbox 1510 1604 1612 1668; x_wconf 87' lang='lat' dir='ltr'><strong>Ita</strong></span> <span class='ocrx_word' id='word_1_112' title='bbox 1648 1604 1997 1668; x_wconf 84' lang='lat' dir='ltr'><strong>communis</strong></span> <span class='ocrx_word' id='word_1_113' title='bbox 2030 1605 2166 1668; x_wconf 90' lang='lat' dir='ltr'><strong>DD.</strong></span> <span class='ocrx_word' id='word_1_114' title='bbox 2215 1605 2299 1668; x_wconf 86' lang='lat' dir='ltr'><strong>Et</strong></span> <span class='ocrx_word' id='word_1_115' title='bbox 2345 1606 2619 1688; x_wconf 88' lang='lat' dir='ltr'><strong>allegato</strong></span> <span class='ocrx_word' id='word_1_116' title='bbox 2665 1625 2802 1684; x_wconf 81' lang='lat' dir='ltr'><strong>cap.</strong></span> 
     </span>
     <span class='ocr_line' id='line_1_14' title="bbox 343 1705 2805 1789; baseline 0.001 -21"><span class='ocrx_word' id='word_1_117' title='bbox 343 1706 522 1785; x_wconf 75' lang='lat' dir='ltr'><strong>final.</strong></span> <span class='ocrx_word' id='word_1_118' title='bbox 542 1706 1049 1789; x_wconf 85' lang='lat' dir='ltr'><strong>respondendum,</strong></span> <span class='ocrx_word' id='word_1_119' title='bbox 1069 1706 1155 1769; x_wconf 92' lang='lat' dir='ltr'><strong>ibi</strong></span> <span class='ocrx_word' id='word_1_120' title='bbox 1178 1706 1448 1789; x_wconf 85' lang='lat' dir='ltr'><strong>intelligi</strong></span> <span class='ocrx_word' id='word_1_121' title='bbox 1470 1705 1835 1770; x_wconf 88' lang='lat' dir='ltr'><strong>interdictas</strong></span> <span class='ocrx_word' id='word_1_122' title='bbox 1859 1706 2173 1789; x_wconf 85' lang='lat' dir='ltr'><strong>pactiones</strong></span> <span class='ocrx_word' id='word_1_123' title='bbox 2197 1707 2575 1786; x_wconf 78' lang='lat' dir='ltr'><strong>inhonestae,</strong></span> <span class='ocrx_word' id='word_1_124' title='bbox 2604 1709 2805 1771; x_wconf 90' lang='lat' dir='ltr'><strong>cuius-</strong></span> 
     </span>
     <span class='ocr_line' id='line_1_15' title="bbox 341 1808 2804 1891; baseline 0 -19"><span class='ocrx_word' id='word_1_125' title='bbox 341 1809 516 1872; x_wconf 88' lang='lat' dir='ltr'><strong>modi</strong></span> <span class='ocrx_word' id='word_1_126' title='bbox 544 1829 666 1874; x_wconf 92' lang='lat' dir='ltr'><strong>non</strong></span> <span class='ocrx_word' id='word_1_127' title='bbox 699 1811 811 1884; x_wconf 87' lang='lat' dir='ltr'><strong>est,</strong></span> <span class='ocrx_word' id='word_1_128' title='bbox 846 1828 968 1891; x_wconf 90' lang='lat' dir='ltr'><strong>qua</strong></span> <span class='ocrx_word' id='word_1_129' title='bbox 1000 1808 1346 1890; x_wconf 89' lang='lat' dir='ltr'><strong>spiritualis</strong></span> <span class='ocrx_word' id='word_1_130' title='bbox 1377 1809 1665 1872; x_wconf 89' lang='lat' dir='ltr'><strong>mutatur</strong></span> <span class='ocrx_word' id='word_1_131' title='bbox 1711 1827 1854 1872; x_wconf 91' lang='lat' dir='ltr'><strong>cum</strong></span> <span class='ocrx_word' id='word_1_132' title='bbox 1901 1808 2213 1891; x_wconf 85' lang='lat' dir='ltr'><strong>spirituali</strong></span> <span class='ocrx_word' id='word_1_133' title='bbox 2246 1813 2430 1873; x_wconf 70' lang='lat' dir='ltr'><strong>extra</strong></span> <span class='ocrx_word' id='word_1_134' title='bbox 2472 1810 2804 1873; x_wconf 80' lang='lat' dir='ltr'><strong>materiam</strong></span> 
     </span>
     <span class='ocr_line' id='line_1_16' title="bbox 352 1910 786 1990; baseline 0.002 -16"><span class='ocrx_word' id='word_1_135' title='bbox 352 1910 786 1990; x_wconf 71' lang='lat' dir='ltr'><strong>beneficialem.</strong></span> 
     </span>
    </p>

    <p class='ocr_par' dir='ltr' id='par_1_6' title="bbox 323 2011 2806 2917">
     <span class='ocr_line' id='line_1_17' title="bbox 438 2011 2805 2097; baseline 0 -19"><span class='ocrx_word' id='word_1_136' title='bbox 438 2013 698 2078; x_wconf 91' lang='lat' dir='ltr'><strong>Proinde</strong></span> <span class='ocrx_word' id='word_1_137' title='bbox 744 2014 974 2095; x_wconf 90' lang='lat' dir='ltr'><strong>absque</strong></span> <span class='ocrx_word' id='word_1_138' title='bbox 1020 2012 1286 2077; x_wconf 90' lang='lat' dir='ltr'><strong>simonia</strong></span> <span class='ocrx_word' id='word_1_139' title='bbox 1332 2011 1431 2075; x_wconf 87' lang='lat' dir='ltr'><strong>vel</strong></span> <span class='ocrx_word' id='word_1_140' title='bbox 1475 2012 1776 2076; x_wconf 86' lang='lat' dir='ltr'><strong>simoniae</strong></span> <span class='ocrx_word' id='word_1_141' title='bbox 1812 2013 2290 2078; x_wconf 88' lang='lat' dir='ltr'><strong>committendae</strong></span> <span class='ocrx_word' id='word_1_142' title='bbox 2327 2014 2599 2097; x_wconf 89' lang='lat' dir='ltr'><strong>periculo</strong></span> <span class='ocrx_word' id='word_1_143' title='bbox 2631 2032 2805 2078; x_wconf 92' lang='lat' dir='ltr'><strong>com-</strong></span> 
     </span>
     <span class='ocr_line' id='line_1_18' title="bbox 343 2115 2806 2200; baseline 0 -20"><span class='ocrx_word' id='word_1_144' title='bbox 343 2117 579 2180; x_wconf 89' lang='lat' dir='ltr'><strong>mutari</strong></span> <span class='ocrx_word' id='word_1_145' title='bbox 610 2117 856 2200; x_wconf 91' lang='lat' dir='ltr'><strong>propria</strong></span> <span class='ocrx_word' id='word_1_146' title='bbox 894 2116 1269 2180; x_wconf 89' lang='lat' dir='ltr'><strong>auctoritate</strong></span> <span class='ocrx_word' id='word_1_147' title='bbox 1307 2116 1557 2197; x_wconf 89' lang='lat' dir='ltr'><strong>possent</strong></span> <span class='ocrx_word' id='word_1_148' title='bbox 1593 2115 1892 2196; x_wconf 89' lang='lat' dir='ltr'><strong>reliquiae</strong></span> <span class='ocrx_word' id='word_1_149' title='bbox 1938 2134 2048 2198; x_wconf 93' lang='lat' dir='ltr'><strong>pro</strong></span> <span class='ocrx_word' id='word_1_150' title='bbox 2080 2117 2380 2199; x_wconf 62' lang='lat' dir='ltr'><strong>reliqum,</strong></span> <span class='ocrx_word' id='word_1_151' title='bbox 2415 2117 2651 2182; x_wconf 85' lang='lat' dir='ltr'><strong>functio</strong></span> <span class='ocrx_word' id='word_1_152' title='bbox 2683 2117 2806 2200; x_wconf 87' lang='lat' dir='ltr'><strong>spi-</strong></span> 
     </span>
     <span class='ocr_line' id='line_1_19' title="bbox 334 2216 2799 2302; baseline -0 -19"><span class='ocrx_word' id='word_1_153' title='bbox 334 2219 592 2284; x_wconf 88' lang='lat' dir='ltr'><strong>ritualis</strong></span> <span class='ocrx_word' id='word_1_154' title='bbox 639 2238 748 2302; x_wconf 91' lang='lat' dir='ltr'><strong>pro</strong></span> <span class='ocrx_word' id='word_1_155' title='bbox 795 2219 920 2283; x_wconf 89' lang='lat' dir='ltr'><strong>alia</strong></span> <span class='ocrx_word' id='word_1_156' title='bbox 964 2219 1280 2283; x_wconf 89' lang='lat' dir='ltr'><strong>functione</strong></span> <span class='ocrx_word' id='word_1_157' title='bbox 1312 2216 1644 2300; x_wconf 87' lang='lat' dir='ltr'><strong>spirituali,</strong></span> <span class='ocrx_word' id='word_1_158' title='bbox 1686 2236 1838 2281; x_wconf 84' lang='lat' dir='ltr'><strong>vasa</strong></span> <span class='ocrx_word' id='word_1_159' title='bbox 1886 2219 1949 2280; x_wconf 91' lang='lat' dir='ltr'><strong>et</strong></span> <span class='ocrx_word' id='word_1_160' title='bbox 1995 2219 2197 2284; x_wconf 84' lang='lat' dir='ltr'><strong>vestes</strong></span> <span class='ocrx_word' id='word_1_161' title='bbox 2242 2238 2452 2284; x_wconf 88' lang='lat' dir='ltr'><strong>sacrae</strong></span> <span class='ocrx_word' id='word_1_162' title='bbox 2500 2237 2611 2302; x_wconf 89' lang='lat' dir='ltr'><strong>pro</strong></span> <span class='ocrx_word' id='word_1_163' title='bbox 2659 2220 2799 2283; x_wconf 88' lang='lat' dir='ltr'><strong>aliis</strong></span> 
     </span>
     <span class='ocr_line' id='line_1_20' title="bbox 338 2320 2802 2401; baseline -0 -16"><span class='ocrx_word' id='word_1_164' title='bbox 338 2321 704 2386; x_wconf 88' lang='lat' dir='ltr'><strong>huiusmodi</strong></span> <span class='ocrx_word' id='word_1_165' title='bbox 718 2321 885 2385; x_wconf 87' lang='lat' dir='ltr'><strong>vasis</strong></span> <span class='ocrx_word' id='word_1_166' title='bbox 908 2321 973 2384; x_wconf 90' lang='lat' dir='ltr'><strong>et</strong></span> <span class='ocrx_word' id='word_1_167' title='bbox 994 2320 1289 2396; x_wconf 87' lang='lat' dir='ltr'><strong>vestibus,</strong></span> <span class='ocrx_word' id='word_1_168' title='bbox 1308 2337 1466 2401; x_wconf 91' lang='lat' dir='ltr'><strong>quae</strong></span> <span class='ocrx_word' id='word_1_169' title='bbox 1483 2320 1689 2400; x_wconf 89' lang='lat' dir='ltr'><strong>quoad</strong></span> <span class='ocrx_word' id='word_1_170' title='bbox 1702 2320 2033 2385; x_wconf 89' lang='lat' dir='ltr'><strong>materiam</strong></span> <span class='ocrx_word' id='word_1_171' title='bbox 2056 2320 2182 2384; x_wconf 89' lang='lat' dir='ltr'><strong>sint</strong></span> <span class='ocrx_word' id='word_1_172' title='bbox 2205 2321 2479 2385; x_wconf 89' lang='lat' dir='ltr'><strong>eiusdem</strong></span> <span class='ocrx_word' id='word_1_173' title='bbox 2502 2321 2802 2386; x_wconf 67' lang='lat' dir='ltr'><strong>valoris*</strong></span> 
     </span>
     <span class='ocr_line' id='line_1_21' title="bbox 336 2420 2802 2501; baseline 0.002 -16"><span class='ocrx_word' id='word_1_174' title='bbox 336 2420 503 2501; x_wconf 86' lang='lat' dir='ltr'><strong>Quid</strong></span> <span class='ocrx_word' id='word_1_175' title='bbox 538 2422 591 2486; x_wconf 91' lang='lat' dir='ltr'><strong>si</strong></span> <span class='ocrx_word' id='word_1_176' title='bbox 621 2440 718 2485; x_wconf 90' lang='lat' dir='ltr'><strong>res</strong></span> <span class='ocrx_word' id='word_1_177' title='bbox 751 2423 955 2485; x_wconf 89' lang='lat' dir='ltr'><strong>essent</strong></span> <span class='ocrx_word' id='word_1_178' title='bbox 987 2421 1216 2486; x_wconf 88' lang='lat' dir='ltr'><strong>ordinis</strong></span> <span class='ocrx_word' id='word_1_179' title='bbox 1247 2421 1491 2498; x_wconf 86' lang='lat' dir='ltr'><strong>diversi,</strong></span> <span class='ocrx_word' id='word_1_180' title='bbox 1526 2423 1600 2485; x_wconf 92' lang='lat' dir='ltr'><strong>ut</strong></span> <span class='ocrx_word' id='word_1_181' title='bbox 1630 2422 1682 2485; x_wconf 87' lang='lat' dir='ltr'><strong>si</strong></span> <span class='ocrx_word' id='word_1_182' title='bbox 1721 2423 2132 2487; x_wconf 87' lang='lat' dir='ltr'><strong>commutatio</strong></span> <span class='ocrx_word' id='word_1_183' title='bbox 2178 2423 2354 2488; x_wconf 89' lang='lat' dir='ltr'><strong>fieret</strong></span> <span class='ocrx_word' id='word_1_184' title='bbox 2391 2424 2802 2490; x_wconf 87' lang='lat' dir='ltr'><strong>absolutionis</strong></span> 
     </span>
     <span class='ocr_line' id='line_1_22' title="bbox 335 2522 2802 2605; baseline 0.001 -16"><span class='ocrx_word' id='word_1_185' title='bbox 335 2524 809 2589; x_wconf 88' lang='lat' dir='ltr'><strong>sacramentalis</strong></span> <span class='ocrx_word' id='word_1_186' title='bbox 841 2542 983 2588; x_wconf 89' lang='lat' dir='ltr'><strong>cum</strong></span> <span class='ocrx_word' id='word_1_187' title='bbox 1012 2523 1277 2605; x_wconf 89' lang='lat' dir='ltr'><strong>reliquia</strong></span> <span class='ocrx_word' id='word_1_188' title='bbox 1308 2525 1420 2589; x_wconf 89' lang='lat' dir='ltr'><strong>aut</strong></span> <span class='ocrx_word' id='word_1_189' title='bbox 1452 2525 1620 2589; x_wconf 85' lang='lat' dir='ltr'><strong>veste</strong></span> <span class='ocrx_word' id='word_1_190' title='bbox 1652 2528 1874 2589; x_wconf 74' lang='lat' dir='ltr'><strong>sacra?</strong></span> <span class='ocrx_word' id='word_1_191' title='bbox 1905 2522 2065 2590; x_wconf 86' lang='lat' dir='ltr'><strong>Cum</strong></span> <span class='ocrx_word' id='word_1_192' title='bbox 2094 2526 2159 2590; x_wconf 92' lang='lat' dir='ltr'><strong>in</strong></span> <span class='ocrx_word' id='word_1_193' title='bbox 2190 2525 2404 2591; x_wconf 89' lang='lat' dir='ltr'><strong>eodem</strong></span> <span class='ocrx_word' id='word_1_194' title='bbox 2436 2526 2647 2592; x_wconf 90' lang='lat' dir='ltr'><strong>ordine</strong></span> <span class='ocrx_word' id='word_1_195' title='bbox 2677 2545 2802 2592; x_wconf 92' lang='lat' dir='ltr'><strong>non</strong></span> 
     </span>
     <span class='ocr_line' id='line_1_23' title="bbox 329 2626 2803 2711; baseline 0.001 -19"><span class='ocrx_word' id='word_1_196' title='bbox 329 2629 463 2693; x_wconf 88' lang='lat' dir='ltr'><strong>sint</strong></span> <span class='ocrx_word' id='word_1_197' title='bbox 511 2627 789 2692; x_wconf 90' lang='lat' dir='ltr'><strong>eiusdem</strong></span> <span class='ocrx_word' id='word_1_198' title='bbox 834 2627 1064 2692; x_wconf 87' lang='lat' dir='ltr'><strong>valoris</strong></span> <span class='ocrx_word' id='word_1_199' title='bbox 1101 2630 1166 2691; x_wconf 92' lang='lat' dir='ltr'><strong>et</strong></span> <span class='ocrx_word' id='word_1_200' title='bbox 1202 2626 1549 2711; x_wconf 77' lang='lat' dir='ltr'><strong>dignitatiS,</strong></span> <span class='ocrx_word' id='word_1_201' title='bbox 1597 2646 1798 2692; x_wconf 91' lang='lat' dir='ltr'><strong>nonne</strong></span> <span class='ocrx_word' id='word_1_202' title='bbox 1844 2628 2073 2692; x_wconf 90' lang='lat' dir='ltr'><strong>iniuria</strong></span> <span class='ocrx_word' id='word_1_203' title='bbox 2119 2628 2295 2694; x_wconf 88' lang='lat' dir='ltr'><strong>fieret</strong></span> <span class='ocrx_word' id='word_1_204' title='bbox 2339 2630 2755 2695; x_wconf 82' lang='lat' dir='ltr'><strong>excellentiori</strong></span> <span class='ocrx_word' id='word_1_205' title='bbox 2773 2634 2803 2694; x_wconf 71' lang='grc' dir='ltr'><em>Ρ</em></span> 
     </span>
     <span class='ocr_line' id='line_1_24' title="bbox 332 2730 2801 2816; baseline 0.001 -21"><span class='ocrx_word' id='word_1_206' title='bbox 332 2732 579 2797; x_wconf 89' lang='lat' dir='ltr'><strong>Verum</strong></span> <span class='ocrx_word' id='word_1_207' title='bbox 623 2732 837 2796; x_wconf 91' lang='lat' dir='ltr'><strong>manet</strong></span> <span class='ocrx_word' id='word_1_208' title='bbox 880 2750 1118 2814; x_wconf 88' lang='lat' dir='ltr'><strong>semper</strong></span> <span class='ocrx_word' id='word_1_209' title='bbox 1163 2730 1375 2795; x_wconf 90' lang='lat' dir='ltr'><strong>eadem</strong></span> <span class='ocrx_word' id='word_1_210' title='bbox 1421 2731 1618 2795; x_wconf 88' lang='lat' dir='ltr'><strong>ratio:</strong></span> <span class='ocrx_word' id='word_1_211' title='bbox 1667 2749 1790 2796; x_wconf 92' lang='lat' dir='ltr'><strong>non</strong></span> <span class='ocrx_word' id='word_1_212' title='bbox 1836 2733 2206 2797; x_wconf 86' lang='lat' dir='ltr'><strong>intercedere</strong></span> <span class='ocrx_word' id='word_1_213' title='bbox 2253 2734 2617 2810; x_wconf 81' lang='lat' dir='ltr'><strong>simoniam3</strong></span> <span class='ocrx_word' id='word_1_214' title='bbox 2653 2735 2801 2816; x_wconf 87' lang='lat' dir='ltr'><strong>quia</strong></span> 
     </span>
     <span class='ocr_line' id='line_1_25' title="bbox 323 2832 2357 2917; baseline 0.001 -20"><span class='ocrx_word' id='word_1_215' title='bbox 323 2853 450 2899; x_wconf 93' lang='lat' dir='ltr'><strong>non</strong></span> <span class='ocrx_word' id='word_1_216' title='bbox 503 2834 936 2898; x_wconf 89' lang='lat' dir='ltr'><strong>commutatur</strong></span> <span class='ocrx_word' id='word_1_217' title='bbox 981 2852 1078 2897; x_wconf 89' lang='lat' dir='ltr'><strong>res</strong></span> <span class='ocrx_word' id='word_1_218' title='bbox 1125 2832 1470 2915; x_wconf 84' lang='lat' dir='ltr'><strong>spiritualis</strong></span> <span class='ocrx_word' id='word_1_219' title='bbox 1517 2852 1657 2898; x_wconf 89' lang='lat' dir='ltr'><strong>cnm</strong></span> <span class='ocrx_word' id='word_1_220' title='bbox 1706 2834 1905 2916; x_wconf 88' lang='lat' dir='ltr'><strong>pretio</strong></span> <span class='ocrx_word' id='word_1_221' title='bbox 1953 2835 2278 2917; x_wconf 90' lang='lat' dir='ltr'><strong>corporali.</strong></span> <span class='ocrx_word' id='word_1_222' title='bbox 2322 2836 2357 2874; x_wconf 86' lang='grc'>*</span> 
     </span>
    </p>

    <p class='ocr_par' dir='ltr' id='par_1_7' title="bbox 320 2932 2803 3226">
     <span class='ocr_line' id='line_1_26' title="bbox 417 2932 2801 3018; baseline -0.002 -11"><span class='ocrx_word' id='word_1_223' title='bbox 417 2932 610 3007; x_wconf 78' lang='grc'><strong>479.</strong></span> <span class='ocrx_word' id='word_1_224' title='bbox 644 2936 890 3001; x_wconf 90' lang='lat' dir='ltr'><strong>Dicitur</strong></span> <span class='ocrx_word' id='word_1_225' title='bbox 934 2937 1178 3018; x_wconf 89' lang='lat' dir='ltr'><strong>praeter</strong></span> <span class='ocrx_word' id='word_1_226' title='bbox 1221 2935 1551 3000; x_wconf 89' lang='lat' dir='ltr'><strong>materiam</strong></span> <span class='ocrx_word' id='word_1_227' title='bbox 1582 2935 2016 3001; x_wconf 89' lang='lat' dir='ltr'><strong>beneficialem.</strong></span> <span class='ocrx_word' id='word_1_228' title='bbox 2049 2936 2214 3000; x_wconf 86' lang='lat' dir='ltr'><strong>Nam</strong></span> <span class='ocrx_word' id='word_1_229' title='bbox 2252 2938 2660 3004; x_wconf 91' lang='lat' dir='ltr'><strong>simoniacum</strong></span> <span class='ocrx_word' id='word_1_230' title='bbox 2706 2941 2801 3003; x_wconf 92' lang='lat' dir='ltr'><strong>est</strong></span> 
     </span>
     <span class='ocr_line' id='line_1_27' title="bbox 320 3038 2803 3122; baseline 0.001 -18"><span class='ocrx_word' id='word_1_231' title='bbox 320 3040 632 3105; x_wconf 87' lang='lat' dir='ltr'><strong>beneficia</strong></span> <span class='ocrx_word' id='word_1_232' title='bbox 686 3041 1038 3122; x_wconf 86' lang='lat' dir='ltr'><strong>permutare</strong></span> <span class='ocrx_word' id='word_1_233' title='bbox 1099 3038 1349 3120; x_wconf 91' lang='lat' dir='ltr'><strong>propria</strong></span> <span class='ocrx_word' id='word_1_234' title='bbox 1405 3038 1802 3102; x_wconf 89' lang='lat' dir='ltr'><strong>auctoritate.</strong></span> <span class='ocrx_word' id='word_1_235' title='bbox 1866 3039 2085 3103; x_wconf 89' lang='lat' dir='ltr'><strong>Aberit</strong></span> <span class='ocrx_word' id='word_1_236' title='bbox 2141 3041 2353 3104; x_wconf 90' lang='lat' dir='ltr'><strong>autem</strong></span> <span class='ocrx_word' id='word_1_237' title='bbox 2415 3041 2698 3117; x_wconf 88' lang='lat' dir='ltr'><strong>simonia,</strong></span> <span class='ocrx_word' id='word_1_238' title='bbox 2749 3042 2803 3105; x_wconf 90' lang='lat' dir='ltr'><strong>si</strong></span> 
     </span>
     <span class='ocr_line' id='line_1_28' title="bbox 320 3139 2503 3226; baseline 0 -18"><span class='ocrx_word' id='word_1_239' title='bbox 320 3143 721 3208; x_wconf 87' lang='lat' dir='ltr'><strong>auctoritate</strong></span> <span class='ocrx_word' id='word_1_240' title='bbox 764 3141 1033 3226; x_wconf 82' lang='lat' dir='ltr'><strong>legitimi</strong></span> <span class='ocrx_word' id='word_1_241' title='bbox 1078 3139 1410 3223; x_wconf 88' lang='lat' dir='ltr'><strong>superioris</strong></span> <span class='ocrx_word' id='word_1_242' title='bbox 1455 3140 1899 3205; x_wconf 86' lang='lat' dir='ltr'><strong>interveniente</strong></span> <span class='ocrx_word' id='word_1_243' title='bbox 1943 3140 2057 3206; x_wconf 90' lang='lat' dir='ltr'><strong>fiat</strong></span> <span class='ocrx_word' id='word_1_244' title='bbox 2103 3143 2503 3225; x_wconf 88' lang='lat' dir='ltr'><strong>permutatio.</strong></span> 
     </span>
    </p>

    <p class='ocr_par' dir='ltr' id='par_1_8' title="bbox 314 3242 2810 3631">
     <span class='ocr_line' id='line_1_29' title="bbox 410 3242 2799 3329; baseline -0 -19"><span class='ocrx_word' id='word_1_245' title='bbox 410 3247 500 3310; x_wconf 85' lang='lat' dir='ltr'><strong>Et</strong></span> <span class='ocrx_word' id='word_1_246' title='bbox 544 3244 793 3326; x_wconf 88' lang='lat' dir='ltr'><strong>quidem</strong></span> <span class='ocrx_word' id='word_1_247' title='bbox 825 3242 1266 3307; x_wconf 89' lang='lat' dir='ltr'><strong>auctoritatem</strong></span> <span class='ocrx_word' id='word_1_248' title='bbox 1297 3242 1732 3307; x_wconf 87' lang='lat' dir='ltr'><strong>beneficiorum</strong></span> <span class='ocrx_word' id='word_1_249' title='bbox 1764 3244 2210 3325; x_wconf 87' lang='lat' dir='ltr'><strong>permutationi</strong></span> <span class='ocrx_word' id='word_1_250' title='bbox 2246 3247 2561 3328; x_wconf 89' lang='lat' dir='ltr'><strong>praestare</strong></span> <span class='ocrx_word' id='word_1_251' title='bbox 2591 3247 2799 3329; x_wconf 89' lang='lat' dir='ltr'><strong>potest</strong></span> 
     </span>
     <span class='ocr_line' id='line_1_30' title="bbox 319 3344 2808 3431; baseline -0.001 -17"><span class='ocrx_word' id='word_1_252' title='bbox 319 3351 390 3413; x_wconf 85' lang='lat'><strong>1⁰</strong></span> <span class='ocrx_word' id='word_1_253' title='bbox 424 3349 739 3413; x_wconf 87' lang='lat' dir='ltr'><strong>Summus</strong></span> <span class='ocrx_word' id='word_1_254' title='bbox 769 3344 1089 3419; x_wconf 76' lang='lat' dir='ltr'><strong>Pontifex3</strong></span> <span class='ocrx_word' id='word_1_255' title='bbox 1126 3363 1271 3408; x_wconf 92' lang='lat' dir='ltr'><strong>nam</strong></span> <span class='ocrx_word' id='word_1_256' title='bbox 1317 3345 1418 3408; x_wconf 88' lang='lat' dir='ltr'><strong>hic</strong></span> <span class='ocrx_word' id='word_1_257' title='bbox 1448 3348 1912 3410; x_wconf 88' lang='lat' dir='ltr'><strong>concurrentem</strong></span> <span class='ocrx_word' id='word_1_258' title='bbox 1958 3366 2099 3410; x_wconf 90' lang='lat' dir='ltr'><strong>cum</strong></span> <span class='ocrx_word' id='word_1_259' title='bbox 2149 3347 2434 3412; x_wconf 89' lang='lat' dir='ltr'><strong>omnibus</strong></span> <span class='ocrx_word' id='word_1_260' title='bbox 2481 3348 2808 3431; x_wconf 84' lang='lat' dir='ltr'><strong>Episcopis</strong></span> 
     </span>
     <span class='ocr_line' id='line_1_31' title="bbox 316 3446 2810 3531; baseline -0.001 -13"><span class='ocrx_word' id='word_1_261' title='bbox 316 3456 384 3518; x_wconf 85' lang='lat' dir='ltr'><strong>et</strong></span> <span class='ocrx_word' id='word_1_262' title='bbox 410 3449 771 3516; x_wconf 89' lang='lat' dir='ltr'><strong>Ordinariis</strong></span> <span class='ocrx_word' id='word_1_263' title='bbox 793 3446 1281 3511; x_wconf 89' lang='lat' dir='ltr'><strong>iurisdictionem</strong></span> <span class='ocrx_word' id='word_1_264' title='bbox 1303 3446 1507 3509; x_wconf 87' lang='lat' dir='ltr'><strong>habet.</strong></span> <span class='ocrx_word' id='word_1_265' title='bbox 1536 3447 1670 3511; x_wconf 90' lang='lat' dir='ltr'><strong>Imo</strong></span> <span class='ocrx_word' id='word_1_266' title='bbox 1703 3448 1874 3512; x_wconf 89' lang='lat' dir='ltr'><strong>solus</strong></span> <span class='ocrx_word' id='word_1_267' title='bbox 1897 3447 2180 3513; x_wconf 86' lang='lat' dir='ltr'><strong>Pontifex</strong></span> <span class='ocrx_word' id='word_1_268' title='bbox 2210 3448 2274 3511; x_wconf 92' lang='lat' dir='ltr'><strong>id</strong></span> <span class='ocrx_word' id='word_1_269' title='bbox 2305 3449 2530 3530; x_wconf 90' lang='lat' dir='ltr'><strong>potest,</strong></span> <span class='ocrx_word' id='word_1_270' title='bbox 2557 3450 2810 3531; x_wconf 88' lang='lat' dir='ltr'><strong>quando</strong></span> 
     </span>
     <span class='ocr_line' id='line_1_32' title="bbox 314 3548 2123 3631; baseline -0.003 -11"><span class='ocrx_word' id='word_1_271' title='bbox 314 3553 638 3619; x_wconf 88' lang='lat' dir='ltr'><strong>beneficia</strong></span> <span class='ocrx_word' id='word_1_272' title='bbox 672 3552 1013 3631; x_wconf 88' lang='lat' dir='ltr'><strong>utcumque</strong></span> <span class='ocrx_word' id='word_1_273' title='bbox 1043 3549 1169 3613; x_wconf 90' lang='lat' dir='ltr'><strong>sint</strong></span> <span class='ocrx_word' id='word_1_274' title='bbox 1200 3548 1331 3613; x_wconf 84' lang='lat' dir='ltr'><strong>sedi</strong></span> <span class='ocrx_word' id='word_1_275' title='bbox 1364 3548 1761 3630; x_wconf 90' lang='lat' dir='ltr'><strong>Apostolicae</strong></span> <span class='ocrx_word' id='word_1_276' title='bbox 1789 3552 2123 3614; x_wconf 81' lang='lat' dir='ltr'><strong>reservata.</strong></span> 
     </span>
    </p>

    <p class='ocr_par' dir='ltr' id='par_1_9' title="bbox 306 3650 2804 4150">
     <span class='ocr_line' id='line_1_33' title="bbox 513 3650 2797 3736; baseline -0 -17"><span class='ocrx_word' id='word_1_277' title='bbox 513 3655 590 3720; x_wconf 80' lang='lat'><strong>2⁰</strong></span> <span class='ocrx_word' id='word_1_278' title='bbox 622 3653 962 3736; x_wconf 85' lang='lat' dir='ltr'><strong>Episcopus</strong></span> <span class='ocrx_word' id='word_1_279' title='bbox 975 3652 1280 3731; x_wconf 71' lang='lat' dir='ltr'><strong>proprius</strong></span> <span class='ocrx_word' id='word_1_280' title='bbox 1311 3650 1449 3726; x_wconf 81' lang='lat' dir='ltr'><strong>loci,</strong></span> <span class='ocrx_word' id='word_1_281' title='bbox 1471 3651 1538 3714; x_wconf 90' lang='lat' dir='ltr'><strong>in</strong></span> <span class='ocrx_word' id='word_1_282' title='bbox 1570 3668 1693 3731; x_wconf 91' lang='lat' dir='ltr'><strong>quo</strong></span> <span class='ocrx_word' id='word_1_283' title='bbox 1726 3651 2090 3715; x_wconf 87' lang='lat' dir='ltr'><strong>beneficium</strong></span> <span class='ocrx_word' id='word_1_284' title='bbox 2119 3653 2314 3716; x_wconf 91' lang='lat' dir='ltr'><strong>situm</strong></span> <span class='ocrx_word' id='word_1_285' title='bbox 2337 3654 2451 3717; x_wconf 90' lang='lat' dir='ltr'><strong>est.</strong></span> <span class='ocrx_word' id='word_1_286' title='bbox 2478 3652 2562 3717; x_wconf 86' lang='lat' dir='ltr'><strong>Et</strong></span> <span class='ocrx_word' id='word_1_287' title='bbox 2591 3653 2644 3717; x_wconf 89' lang='lat' dir='ltr'><strong>si</strong></span> <span class='ocrx_word' id='word_1_288' title='bbox 2675 3653 2797 3719; x_wconf 91' lang='lat' dir='ltr'><strong>duo</strong></span> 
     </span>
     <span class='ocr_line' id='line_1_34' title="bbox 312 3752 2800 3839; baseline -0.001 -15"><span class='ocrx_word' id='word_1_289' title='bbox 312 3757 633 3824; x_wconf 88' lang='lat' dir='ltr'><strong>beneficia</strong></span> <span class='ocrx_word' id='word_1_290' title='bbox 680 3754 1087 3839; x_wconf 89' lang='lat' dir='ltr'><strong>permutanda</strong></span> <span class='ocrx_word' id='word_1_291' title='bbox 1122 3754 1248 3818; x_wconf 90' lang='lat' dir='ltr'><strong>sint</strong></span> <span class='ocrx_word' id='word_1_292' title='bbox 1278 3752 1520 3819; x_wconf 90' lang='lat' dir='ltr'><strong>duobus</strong></span> <span class='ocrx_word' id='word_1_293' title='bbox 1552 3753 1852 3835; x_wconf 89' lang='lat' dir='ltr'><strong>episcopis</strong></span> <span class='ocrx_word' id='word_1_294' title='bbox 1885 3754 2182 3831; x_wconf 87' lang='lat' dir='ltr'><strong>subiecta,</strong></span> <span class='ocrx_word' id='word_1_295' title='bbox 2216 3772 2574 3820; x_wconf 91' lang='lat' dir='ltr'><strong>concurrere</strong></span> <span class='ocrx_word' id='word_1_296' title='bbox 2619 3755 2800 3821; x_wconf 91' lang='lat' dir='ltr'><strong>debet</strong></span> 
     </span>
     <span class='ocr_line' id='line_1_35' title="bbox 311 3856 2804 3942; baseline -0.002 -14"><span class='ocrx_word' id='word_1_297' title='bbox 311 3864 669 3942; x_wconf 86' lang='lat' dir='ltr'><strong>utriusque</strong></span> <span class='ocrx_word' id='word_1_298' title='bbox 701 3858 1063 3923; x_wconf 88' lang='lat' dir='ltr'><strong>auctoritas.</strong></span> <span class='ocrx_word' id='word_1_299' title='bbox 1096 3856 1360 3921; x_wconf 90' lang='lat' dir='ltr'><strong>Nomine</strong></span> <span class='ocrx_word' id='word_1_300' title='bbox 1408 3857 1619 3921; x_wconf 89' lang='lat' dir='ltr'><strong>autem</strong></span> <span class='ocrx_word' id='word_1_301' title='bbox 1665 3856 2110 3939; x_wconf 86' lang='lat' dir='ltr'><strong>Episcoporum</strong></span> <span class='ocrx_word' id='word_1_302' title='bbox 2157 3857 2292 3921; x_wconf 87' lang='lat' dir='ltr'><strong>heic</strong></span> <span class='ocrx_word' id='word_1_303' title='bbox 2321 3858 2580 3923; x_wconf 80' lang='lat' dir='ltr'><strong>veniunt</strong></span> <span class='ocrx_word' id='word_1_304' title='bbox 2611 3860 2804 3923; x_wconf 90' lang='lat' dir='ltr'><strong>etiam</strong></span> 
     </span>
     <span class='ocr_line' id='line_1_36' title="bbox 310 3960 2801 4044; baseline -0.001 -14"><span class='ocrx_word' id='word_1_305' title='bbox 310 3964 639 4036; x_wconf 86' lang='lat' dir='ltr'><strong>Praelati,</strong></span> <span class='ocrx_word' id='word_1_306' title='bbox 672 3962 780 4044; x_wconf 89' lang='lat' dir='ltr'><strong>qui</strong></span> <span class='ocrx_word' id='word_1_307' title='bbox 809 3961 1175 4025; x_wconf 87' lang='lat' dir='ltr'><strong>distinctum</strong></span> <span class='ocrx_word' id='word_1_308' title='bbox 1203 3961 1435 4024; x_wconf 90' lang='lat' dir='ltr'><strong>habent</strong></span> <span class='ocrx_word' id='word_1_309' title='bbox 1468 3960 1857 4025; x_wconf 90' lang='lat' dir='ltr'><strong>territorium</strong></span> <span class='ocrx_word' id='word_1_310' title='bbox 1897 3961 1976 4024; x_wconf 89' lang='lat' dir='ltr'><strong>ab</strong></span> <span class='ocrx_word' id='word_1_311' title='bbox 2021 3960 2330 4026; x_wconf 86' lang='lat' dir='ltr'><strong>Ordinarii</strong></span> <span class='ocrx_word' id='word_1_312' title='bbox 2375 3962 2801 4028; x_wconf 84' lang='lat' dir='ltr'><strong>iurisdictione</strong></span> 
     </span>
     <span class='ocr_line' id='line_1_37' title="bbox 306 4062 2264 4150; baseline -0.003 -17"><span class='ocrx_word' id='word_1_313' title='bbox 306 4068 715 4150; x_wconf 82' lang='lat' dir='ltr'><strong>exemptum.</strong></span> <span class='ocrx_word' id='word_1_314' title='bbox 749 4063 892 4127; x_wconf 88' lang='lat' dir='ltr'><strong>Vid.</strong></span> <span class='ocrx_word' id='word_1_315' title='bbox 926 4062 1303 4146; x_wconf 85' lang='lat' dir='ltr'><strong>Schmalzgr.</strong></span> <span class='ocrx_word' id='word_1_316' title='bbox 1339 4063 1446 4127; x_wconf 88' lang='lat' dir='ltr'><strong>lib.</strong></span> <span class='ocrx_word' id='word_1_317' title='bbox 1483 4063 1544 4126; x_wconf 86' lang='lat'><strong>3.</strong></span> <span class='ocrx_word' id='word_1_318' title='bbox 1581 4063 1682 4127; x_wconf 90' lang='lat' dir='ltr'><strong>tit.</strong></span> <span class='ocrx_word' id='word_1_319' title='bbox 1728 4065 1831 4127; x_wconf 82' lang='lat'><strong>19.</strong></span> <span class='ocrx_word' id='word_1_320' title='bbox 1867 4083 1927 4127; x_wconf 91' lang='lat' dir='ltr'><strong>n.</strong></span> <span class='ocrx_word' id='word_1_321' title='bbox 1957 4064 2061 4127; x_wconf 85' lang='lat'><strong>65.</strong></span> <span class='ocrx_word' id='word_1_322' title='bbox 2096 4083 2264 4147; x_wconf 91' lang='lat' dir='ltr'><strong>seqq.</strong></span> 
     </span>
    </p>

    <p class='ocr_par' dir='ltr' id='par_1_10' title="bbox 305 4164 2807 4352">
     <span class='ocr_line' id='line_1_38' title="bbox 400 4164 2807 4252; baseline 0.002 -22"><span class='ocrx_word' id='word_1_323' title='bbox 400 4164 612 4241; x_wconf 73' lang='grc'><strong>480.</strong></span> <span class='ocrx_word' id='word_1_324' title='bbox 643 4167 811 4230; x_wconf 91' lang='lat' dir='ltr'><strong>Dicit</strong></span> <span class='ocrx_word' id='word_1_325' title='bbox 840 4165 1131 4229; x_wconf 88' lang='lat' dir='ltr'><strong>Busemb.</strong></span> <span class='ocrx_word' id='word_1_326' title='bbox 1157 4183 1279 4230; x_wconf 88' lang='lat' dir='ltr'><strong>non</strong></span> <span class='ocrx_word' id='word_1_327' title='bbox 1304 4183 1434 4229; x_wconf 89' lang='lat' dir='ltr'><strong>esse</strong></span> <span class='ocrx_word' id='word_1_328' title='bbox 1458 4166 1788 4230; x_wconf 88' lang='lat' dir='ltr'><strong>simoniam</strong></span> <span class='ocrx_word' id='word_1_329' title='bbox 1817 4167 2136 4250; x_wconf 91' lang='lat' dir='ltr'><strong>quidpiam</strong></span> <span class='ocrx_word' id='word_1_330' title='bbox 2159 4167 2305 4231; x_wconf 90' lang='lat' dir='ltr'><strong>dare</strong></span> <span class='ocrx_word' id='word_1_331' title='bbox 2329 4169 2672 4250; x_wconf 90' lang='lat' dir='ltr'><strong>temporale</strong></span> <span class='ocrx_word' id='word_1_332' title='bbox 2699 4188 2807 4252; x_wconf 91' lang='lat' dir='ltr'><strong>per</strong></span> 
     </span>
     <span class='ocr_line' id='line_1_39' title="bbox 305 4268 1099 4352; baseline -0.011 -13"><span class='ocrx_word' id='word_1_333' title='bbox 305 4274 601 4339; x_wconf 86' lang='lat' dir='ltr'><strong>modum</strong></span> <span class='ocrx_word' id='word_1_334' title='bbox 634 4268 779 4334; x_wconf 92' lang='lat' dir='ltr'><strong>doni</strong></span> <span class='ocrx_word' id='word_1_335' title='bbox 811 4268 1099 4352; x_wconf 86' lang='lat' dir='ltr'><strong>gratuiti.</strong></span> 
     </span>
    </p>

    <p class='ocr_par' dir='ltr' id='par_1_11' title="bbox 310 4369 2808 4559">
     <span class='ocr_line' id='line_1_40' title="bbox 402 4369 2808 4455; baseline -0.001 -15"><span class='ocrx_word' id='word_1_336' title='bbox 402 4376 629 4440; x_wconf 86' lang='lat' dir='ltr'><strong>Porro</strong></span> <span class='ocrx_word' id='word_1_337' title='bbox 669 4370 746 4435; x_wconf 87' lang='lat' dir='ltr'><strong>ad</strong></span> <span class='ocrx_word' id='word_1_338' title='bbox 783 4369 1291 4455; x_wconf 88' lang='lat' dir='ltr'><strong>cognoscendum,</strong></span> <span class='ocrx_word' id='word_1_339' title='bbox 1327 4388 1405 4433; x_wconf 89' lang='lat' dir='ltr'><strong>an</strong></span> <span class='ocrx_word' id='word_1_340' title='bbox 1435 4389 1662 4436; x_wconf 91' lang='lat' dir='ltr'><strong>munus</strong></span> <span class='ocrx_word' id='word_1_341' title='bbox 1696 4370 1949 4453; x_wconf 88' lang='lat' dir='ltr'><strong>aliquod</strong></span> <span class='ocrx_word' id='word_1_342' title='bbox 1980 4372 2321 4455; x_wconf 82' lang='lat' dir='ltr'><strong>temporale</strong></span> <span class='ocrx_word' id='word_1_343' title='bbox 2351 4372 2580 4437; x_wconf 88' lang='lat' dir='ltr'><strong>habeat</strong></span> <span class='ocrx_word' id='word_1_344' title='bbox 2619 4375 2808 4439; x_wconf 89' lang='lat' dir='ltr'><strong>ratio-</strong></span> 
     </span>
     <span class='ocr_line' id='line_1_41' title="bbox 310 4472 2808 4559; baseline 0.001 -22"><span class='ocrx_word' id='word_1_345' title='bbox 310 4498 464 4543; x_wconf 81' lang='lat' dir='ltr'><strong>nem</strong></span> <span class='ocrx_word' id='word_1_346' title='bbox 500 4473 704 4559; x_wconf 88' lang='lat' dir='ltr'><strong>pretii</strong></span> <span class='ocrx_word' id='word_1_347' title='bbox 727 4472 1068 4547; x_wconf 87' lang='lat' dir='ltr'><strong>simoniaci,</strong></span> <span class='ocrx_word' id='word_1_348' title='bbox 1102 4491 1178 4536; x_wconf 93' lang='lat' dir='ltr'><strong>an</strong></span> <span class='ocrx_word' id='word_1_349' title='bbox 1211 4490 1353 4547; x_wconf 92' lang='lat' dir='ltr'><strong>non,</strong></span> <span class='ocrx_word' id='word_1_350' title='bbox 1388 4475 1711 4553; x_wconf 87' lang='lat' dir='ltr'><strong>sequentes</strong></span> <span class='ocrx_word' id='word_1_351' title='bbox 1759 4474 2262 4538; x_wconf 88' lang='lat' dir='ltr'><strong>circumstantiae</strong></span> <span class='ocrx_word' id='word_1_352' title='bbox 2307 4475 2681 4539; x_wconf 90' lang='lat' dir='ltr'><strong>considerari</strong></span> <span class='ocrx_word' id='word_1_353' title='bbox 2711 4477 2808 4540; x_wconf 89' lang='lat' dir='ltr'><strong>de—</strong></span> 
     </span>
    </p>
   </div>
   <div class='ocr_carea' id='block_1_3' title="bbox 316 4573 1892 4657">
    <p class='ocr_par' dir='ltr' id='par_1_12' title="bbox 316 4573 1892 4657">
     <span class='ocr_line' id='line_1_42' title="bbox 316 4573 1892 4657; baseline -0.005 -10"><span class='ocrx_word' id='word_1_354' title='bbox 316 4582 497 4646; x_wconf 91' lang='lat' dir='ltr'><strong>bent.</strong></span> <span class='ocrx_word' id='word_1_355' title='bbox 546 4574 936 4657; x_wconf 87' lang='lat' dir='ltr'><strong>Schmalzgr.</strong></span> <span class='ocrx_word' id='word_1_356' title='bbox 970 4574 1076 4637; x_wconf 89' lang='lat' dir='ltr'><strong>lib.</strong></span> <span class='ocrx_word' id='word_1_357' title='bbox 1116 4575 1173 4636; x_wconf 91' lang='lat'><strong>1.</strong></span> <span class='ocrx_word' id='word_1_358' title='bbox 1207 4573 1308 4637; x_wconf 89' lang='lat' dir='ltr'><strong>tit.</strong></span> <span class='ocrx_word' id='word_1_359' title='bbox 1350 4575 1410 4636; x_wconf 86' lang='lat'><strong>3.</strong></span> <span class='ocrx_word' id='word_1_360' title='bbox 1445 4595 1502 4637; x_wconf 91' lang='lat' dir='ltr'><strong>n.</strong></span> <span class='ocrx_word' id='word_1_361' title='bbox 1543 4576 1690 4638; x_wconf 83' lang='lat'><strong>149.</strong></span> <span class='ocrx_word' id='word_1_362' title='bbox 1725 4594 1892 4656; x_wconf 90' lang='lat' dir='ltr'><strong>seqq.</strong></span> 
     </span>
    </p>
   </div>
  </div>
 </body>
</html>
