3497 5147
344 336 497 412 1422]
826 350 1064 390 mcum
1100 348 1537 392 saomnmmu.
1577 348 1867 390 vrona‘no
1908 351 2316 394 muum‘m‘rrs
2705 342 2815 398 318

531 451 604 514 9⁰
649 447 1052 513 Interficienti
1098 466 1170 511 ex
1217 447 1425 511 animo
1473 445 1810 511 deliberato
1851 450 1913 512 et
1959 449 2410 530 praemeditato
2450 453 2815 535 aequiparat

344 553 718 618 Benedictus
742 550 912 614 XIV.
948 550 1020 613 In
1044 547 1310 614 Constit.
1338 547 1788 612 Detestabilem
1817 548 2018 626 illum,
2053 551 2162 632 qui
2194 551 2461 616 alterum
2496 554 2718 620 occidit
2747 556 2810 621 in

342 655 551 720 duello
602 654 715 719 aut
759 654 849 717 ita
897 652 1174 738 graviter
1219 652 1526 729 vulnerat,
1577 654 1649 715 ut
1699 653 2025 735 propterea
2061 653 2223 717 mori
2260 657 2602 735 censeatur,
2635 657 2811 722 iuxta

342 758 498 822 iuris
529 757 803 842 regulas.
838 755 979 820 Vid.
1013 754 1184 831 Voit,
1220 755 1371 818 tom.
1407 757 1468 817 2.
1507 773 1566 818 n.
1607 755 1801 818 1429.

429 859 702 925 Adverte
747 860 977 932 tamen,
1025 857 1138 921 hos
1183 875 1306 921 non
1353 875 1531 938 posse
1578 856 1882 921 violenter
1917 858 2193 922 extrahi:
2245 859 2349 924 sed
2396 861 2811 926 extrahuntur

336 982 581 1046 semper
616 960 868 1045 praevio
900 960 1144 1023 decreto
1190 958 1478 1041 Episcopi
1517 959 1581 1022 et
1624 977 1768 1023 cum
1810 960 2165 1025 assistentia
2203 980 2499 1045 personae
2531 964 2810 1028 ecclesia-

340 1065 532 1129 sticae
558 1064 636 1128 ab
670 1063 883 1128 eodem
905 1061 1209 1145 Episcopo
1242 1060 1597 1144 deputatae,
1632 1062 1696 1124 et
1726 1061 2203 1144 legeiudicibus
2234 1063 2487 1141 indicta,
2529 1066 2603 1129 ut
2630 1085 2807 1130 reum

336 1169 666 1232 restituere
703 1165 983 1242 debeant,
1034 1166 1086 1228 si
1123 1165 1461 1246 utcumque
1493 1164 1844 1248 detegatur,
1880 1165 2109 1229 crimen
2143 1185 2264 1230 non
2298 1186 2427 1231 esse
2460 1171 2802 1252 exceptum,

339 1291 399 1335 v.
432 1291 548 1354 gr.,
575 1271 632 1334 si
654 1269 1019 1333 vulneratus
1050 1267 1113 1330 in
1139 1266 1343 1332 duello
1363 1267 1739 1331 diuturniori
1763 1269 2039 1350 tempore
2057 1267 2251 1343 vivat,
2279 1289 2467 1350 quam
2500 1289 2536 1334 a
2560 1271 2805 1355 legibus

336 1391 448 1455 pro
495 1369 863 1455 imputando
910 1368 1241 1432 homicidio
1290 1369 1706 1433 constitutum
1752 1368 1856 1444 sit,
1916 1371 1991 1432 ut
2036 1372 2216 1433 cavet
2268 1371 2330 1434 in
2388 1372 2493 1436 cit.
2535 1370 2800 1438 Constit.

339 1473 712 1538 Benedictus
749 1471 919 1535 XIV.

425 1574 544 1654 Qui
591 1575 821 1638 iniuste
869 1574 945 1637 ab
994 1574 1167 1657 asylo
1217 1574 1570 1648 extrahunt,
1620 1592 1691 1636 ex
1738 1573 1873 1636 iure
1908 1572 2169 1653 antiquo
2202 1573 2487 1639 Romano
2520 1576 2608 1638 rei
2656 1578 2805 1641 sunt

335 1679 577 1743 mortis.
615 1678 704 1740 Ex
734 1677 868 1741 iure
906 1676 1198 1740 canonico
1232 1678 1474 1758 praeter
1507 1675 1662 1737 alias
1697 1692 1926 1756 poenas
1959 1674 2287 1738 incurrunt
2317 1679 2804 1744 excommunica·

335 1781 591 1858 tionem,
629 1798 788 1862 quae
818 1780 952 1842 iure
982 1797 1143 1843 novo
1177 1775 1659 1842 Constitutionis
1694 1774 2096 1854 Apostolicae
2129 1774 2311 1840 Sedis
2351 1778 2428 1841 ad
2461 1798 2564 1844 663
2596 1781 2802 1847 36111111

333 1883 601 1965 spectat,
634 1882 738 1963 qui
783 1880 1249 1944 immunitatem
1291 1879 1451 1962 asyli
1481 1877 1880 1941 ecclesiastici
1929 1877 2164 1940 violare
2222 1878 2436 1944 iubent
2483 1885 2594 1946 aut
2642 1902 2801 1949 ausu

332 1983 668 2048 temerario
700 1983 956 2047 violant.
984 1982 1072 2044 Ea
1104 1983 1199 2045 est
1230 1979 1785 2045 excommunicatio
1816 1980 1983 2043 latae
2015 1981 2355 2045 sententiae
2387 1982 2462 2046 R.
2504 1984 2573 2048 P.
2612 2005 2802 2050 reser-

325 2088 503 2152 vata.
544 2086 657 2150 Rei
703 2087 1020 2170 praeterea
1066 2087 1213 2148 sunt
1258 2081 1587 2165 sacrilegii,
1636 2084 1712 2146 ut
1757 2083 1884 2146 iam
1924 2081 2191 2146 diximus
2239 2083 2343 2164 (cf.
2395 2087 2454 2148 2.
2493 2089 2552 2151 2.
2588 2107 2645 2169 q.
2689 2091 2794 2154 99.

326 2214 387 2260 a.
417 2196 477 2257 2.
507 2194 584 2258 ad
617 2195 710 2276 3.)
742 2194 930 2274 atque
962 2191 1309 2255 iniustitiae
1340 2193 1556 2254 contra
1587 2189 1674 2252 sic
1693 2190 2060 2265 extractum,
2099 2189 2208 2272 qui
2232 2192 2464 2276 exlege
2487 2193 2797 2259 Ecclesiae

319 2298 429 2362 ius
460 2297 650 2361 habet
682 2296 859 2380 asyli.
894 2293 1119 2358 Suarez
1153 2294 1196 2357 l.
1230 2314 1281 2358 c.
1322 2313 1372 2357 6.
1420 2294 1521 2355 13.
1556 2313 1614 2355 11.
1653 2294 1711 2356 9.
1750 2311 1916 2373 seqq.

415 2395 599 2469 422.
628 2397 845 2478 Quoad
877 2398 965 2461 rei
998 2395 1490 2461 extraditionem.

510 2499 578 2563 10
610 2499 903 2585 Cognitio
936 2517 1177 2575 causae,
1220 2518 1298 2562 an
1330 2518 1471 2562 reus
1518 2497 1792 2584 gaudeat
1828 2496 2022 2582 asylo,
2058 2498 2326 2581 pertinet
2359 2500 2437 2563 ad
2468 2501 2672 2566 forum
2705 2522 2795 2567 66-

314 2605 769 2669 616316311611111.

507 2707 577 2770 20
606 2708 796 2785 Reus,
838 2707 891 2770 si
925 2705 1086 2770 tradi
1125 2705 1322 2779 debet,
1365 2704 1637 2768 traditur
1673 2704 1865 2767 etiam
1904 2703 2139 2766 invitus
2174 2723 2245 2766 ac
2275 2705 2563 2769 renitens.

506 2808 577 2871 3⁰
608 2806 802 2872 Iudex
839 2827 959 2871 non
992 2809 1200 2890 potest
1230 2806 1546 2870 extrahere
1578 2806 1709 2868 sine
1731 2804 1982 2868 116611116
2015 2805 2329 2888 Episcopi:
2364 2826 2489 2889 qua
2523 2813 2788 2890 ostensa,

313 2913 532 2976 rector
560 2910 854 2974 ecclesiae
891 2929 1011 2974 non
1059 2908 1309 2990 quidem
1356 2908 1485 2989 ipse
1534 2906 1759 2981 tradet,
1793 2907 1895 2971 sed
1937 2927 2059 2972 11611
2090 2908 2386 2990 impediet
2416 2911 2792 2995 modumque

312 3012 664 3097 indagandi
710 3031 885 3076 reum
932 3014 996 3075 et
1041 3010 1398 3075 extrahendi
1433 3009 1620 3073 iudici
1659 3010 1922 3073 seculari
1959 3009 2287 3091 relinquet,
2326 3016 2668 3093 praesente,
2717 3018 2794 3082 ut

309 3116 613 3190 diximuS,
647 3114 1061 3178 ecclesiastica
1093 3132 1354 3197 persona
1393 3113 1470 3175 ab
1501 3112 1806 3194 Episcopo
1839 3112 2159 3193 deputata.

501 3218 575 3281 4⁰
608 3217 680 3280 In
712 3235 860 3281 casu
899 3216 1296 3281 extractionis
1332 3215 1600 3278 iniustae
1637 3232 1779 3277 reus
1815 3216 1958 3277 ante
1992 3215 2199 3278 omnia
2232 3216 2522 3281 ecclesiae
2560 3220 2654 3282 est
2701 3238 2791 3283 re-

305 3318 700 3399 stituendae,
735 3338 894 3401 quae
930 3320 1099 3382 laesa
1130 3318 1226 3382 est
1262 3319 1448 3399 atque
1497 3316 1647 3380 adeo
1703 3316 1803 3379 ius
1856 3316 2206 3397 acquisivit,
2241 3320 2315 3381 ut
2346 3318 2462 3382 sibi
2497 3320 2786 3387 satisfiat.

305 3424 397 3489 Et
429 3425 689 3506 insuper
720 3424 899 3485 actus
944 3420 1262 3484 iudiciales
1311 3420 1452 3483 ante
1498 3418 1964 3482 restitutionem
2003 3419 2272 3501 suscepti
2321 3420 2381 3483 in
2424 3440 2596 3485 reum
2630 3423 2789 3488 nulli

301 3526 467 3591 sunt
499 3526 639 3608 ipso
668 3525 805 3588 iure
835 3525 898 3587 et
934 3522 1114 3587 iudex
1144 3524 1374 3586 iniuste
1407 3522 1732 3585 extrahens
1773 3521 1852 3583 ad
1885 3522 2093 3585 omnia
2126 3521 2352 3585 damna
2391 3525 2655 3587 tenetur.

400 3626 631 3707 Quoad
674 3645 850 3690 reum
887 3626 1112 3708 ipsum.

500 3731 570 3793 1⁰
602 3730 826 3793 Peccat
855 3728 1130 3813 graviter
1165 3725 1446 3810 quisqiiis
1476 3745 1653 3789 reum
1691 3724 1971 3808 impedit,
2006 3745 2081 3789 ne
2114 3726 2435 3811 confugiat
2467 3729 2544 3792 ad
2575 3730 2784 3797 locum

297 3835 681 3900 immunem.

498 3933 569 3997 2ο
600 3934 763 3997 Item
794 3933 901 4015 qui
940 3933 1016 3996 ab
1055 3932 1168 3995 hoc
1200 3932 1476 4015 expellit;
1513 3932 1659 4013 quia
1691 3930 1802 4012 qui
1835 3930 1946 3994 dat
1976 3930 2440 3997 immunitatem
2491 3934 2646 4012 1666,
2681 3938 2783 4004 1113

294 4057 416 4104 reo
453 4036 533 4101 ad
573 4035 1054 4119 confugiendum
1101 4035 1342 4098 tribuit.

495 4140 568 4202 3⁰
599 4138 840 4221 Expelli
873 4138 970 4200 hic
1001 4136 1248 4220 poterit,
1288 4138 1341 4201 si
1373 4136 1720 4200 indecenter
1742 4156 1807 4201 se
1831 4139 2029 4220 gerat,
2057 4136 2446 4220 disciplinam
2477 4160 2536 4203 v.
2563 4161 2626 4225 g.
2654 4161 2783 4207 mo-

289 4242 573 4310 nasterii
607 4242 721 4304 aut
758 4240 1031 4321 quietem
1068 4239 1355 4302 ecclesiae
1394 4240 1605 4303 turbet
1635 4258 1742 4302 1166
1781 4238 2060 4303 monitus
2098 4240 2476 4305 emendetur.

490 4345 565 4409 4⁰
595 4344 725 4408 1166
762 4341 1063 4426 confugas
1094 4342 1436 4425 praebenda
1471 4345 1618 4406 sunt
1650 4342 1946 4405 alimenta
1979 4360 2050 4405 ex
2081 4341 2259 4406 bonis
2290 4342 2411 4407 loci
2441 4344 2776 4427 immunis;

289 4451 453 4516 licet
486 4447 685 4531 repeti
718 4443 961 4527 possint
990 4445 1192 4508 factae
1225 4464 1539 4527 expensae.

489 4547 561 4613 5⁰
589 4544 1015 4611 Permitteuda
1047 4549 1141 4609 est
1163 4547 1344 4629 fuga:
1378 4547 1503 4610 imo
1536 4546 1681 4609 licet
1712 4544 1929 4627 fugam
1961 4564 2064 4608 reo
2099 4545 2375 4624 suadere,
2409 4548 2776 4629 praesertim

288 4656 355 4720 is
395 4654 603 4716 rector
632 4648 932 4714 ecclesiae
964 4666 1241 4711 securam
1274 4647 1488 4731 fugam
1522 4647 1815 4729 praestet.
