3497 5147
348 352 494 428 [860]
1376 369 1461 407 nn
1498 367 1770 411 summm
2702 354 2810 409 637

440 462 612 543 Quae
648 464 834 539 rati0‚
874 463 1079 544 inquit
1108 463 1286 548 Lngo
1324 463 1479 546 disp.
1523 465 1625 527 10.
1666 485 1724 527 n.
1763 465 1889 540 50„
1924 463 2193 528 difficilis
2233 463 2505 540 videtur3
2540 484 2685 528 nam
2721 484 2810 528 se·

349 566 661 648 queretur,
695 566 760 630 te
804 583 984 647 posse
1016 584 1087 630 ex
1133 566 1440 630 altissima
1487 566 1646 630 turri
1682 565 2082 648 praecipitem
2114 566 2278 644 dare,
2319 567 2374 631 si
2405 568 2706 651 tyrannus
2743 565 2807 629 id

351 669 639 753 exigeret,
689 687 865 733 secus
912 669 1062 733 diris
1109 671 1172 734 te
1218 669 1536 752 suppliciis
1583 668 1968 733 afflicturus:
2016 689 2138 735 non
2183 669 2528 735 intenderes
2574 670 2811 735 scilicet

350 772 635 847 mortem,
670 771 776 835 sed
812 770 1032 854 fugam
1069 771 1147 834 ab
1177 771 1303 835 illis
1335 772 1485 835 diris
1517 771 1865 836 tormentis.
2455 856 2458 857 ἦ

440 873 528 938 At
572 873 899 938 discrimen
943 872 1287 937 intercedit.
1336 873 1498 937 Nam
1545 873 1609 936 in
1655 892 1804 937 casu
1851 875 1966 938 hoc
2010 876 2323 956 postremo
2377 873 2811 958 praecipitatio

351 995 473 1041 non
504 978 600 1041 est
629 975 780 1060 fuga
811 975 1053 1051 mortiS,
1087 975 1192 1039 sed
1238 976 1510 1058 pretium
1547 994 1657 1039 seu
1703 977 2083 1058 permutatio
2133 975 2211 1040 ad
2258 976 2576 1040 emendam
2611 995 2808 1040 exem-

351 1080 627 1163 ptionem
660 1097 696 1141 a
726 1078 1054 1142 tormentis
1084 1096 1195 1141 nec
1225 1077 1658 1161 praecipitatio
1696 1097 1803 1160 per
1835 1096 1899 1141 se
1932 1078 2217 1143 ordinata
2249 1079 2344 1142 est
2377 1079 2449 1142 ad
2487 1078 2808 1142 emendam

352 1182 512 1247 hanc
545 1181 1027 1258 immunitatem,
1066 1180 1172 1245 sed
1218 1180 1423 1245 solum
1469 1199 1541 1244 ex
1585 1180 1929 1245 intentione
1976 1181 2314 1246 extrinseca
2362 1181 2553 1258 illius,
2592 1182 2700 1263 qui
2746 1199 2812 1244 se

351 1283 627 1367 proiicit:
661 1301 856 1364 neque
888 1302 925 1346 a
957 1284 1222 1366 tyranno
1256 1283 1544 1366 exigitur,
1578 1284 1653 1347 ut
1681 1281 1890 1367 fugias
1922 1285 2208 1360 mortem,
2243 1283 2348 1347 sed
2395 1286 2469 1346 ut
2500 1283 2810 1359 moriaris,

353 1387 548 1450 temet
577 1385 1022 1460 interficiendo;
1056 1384 1343 1467 quocirca
1374 1403 1447 1448 ex
1475 1384 1819 1449 intentione
1849 1385 2210 1467 imperantis
2256 1385 2484 1449 directe
2517 1386 2594 1449 ad
2633 1386 2815 1448 suici-

353 1487 526 1553 dium
557 1487 775 1553 tendit.
806 1488 895 1551 At
921 1488 986 1551 in
1034 1488 1232 1570 primo
1270 1505 1418 1551 casu
1456 1487 1888 1569 praecipitatio
1935 1487 2106 1551 nullo
2154 1487 2338 1552 modo
2379 1487 2701 1552 ordinatur
2733 1487 2810 1550 ad

352 1592 529 1655 tuam
560 1590 847 1666 mortem,
874 1589 980 1653 sed
1004 1589 1208 1653 solum
1239 1589 1316 1652 ad
1346 1588 1563 1673 fugam
1596 1588 1767 1653 dirae
1801 1591 2020 1654 mortis
2044 1590 2382 1672 praesentis
2407 1610 2478 1653 ex
2509 1589 2810 1653 incendio.

298 1772 311 1781 .
353 1692 476 1757 Res
521 1692 925 1758 confirmatur
973 1692 1283 1775 exemplo:
1333 1692 1562 1755 etenim
1608 1691 1662 1755 si
1708 1692 1848 1773 quis
1894 1692 2166 1755 minetur
2202 1691 2319 1756 tibi
2365 1692 2650 1766 mortem,
2689 1690 2810 1755 nisi

354 1815 496 1860 eum
528 1795 787 1872 occidaS,
821 1813 944 1859 non
988 1794 1137 1858 licet
1164 1794 1282 1858 tibi
1318 1794 1383 1858 id
1429 1796 1772 1876 praestare;
1806 1794 1976 1858 licite
2024 1795 2232 1858 tamen
2281 1794 2526 1872 occidis,
2566 1794 2620 1858 si
2658 1794 2809 1857 dum

353 1900 416 1962 te
444 1898 784 1962 interficere
824 1896 1206 1982 aggreditur,
1239 1897 1558 1980 praevenis
1590 1915 1731 1960 eum
1767 1896 1844 1959 ad
1876 1896 1972 1961 tui
2019 1895 2434 1961 defensionem
2472 1898 2666 1978 utque
2698 1897 2812 1960 im·

352 1999 563 2083 pedias
611 2000 976 2064 occisionem
1022 2001 1219 2063 tuam.
1268 1998 1325 2062 A
1370 1999 1505 2081 pari
1549 1998 1701 2062 dum
1748 1999 1888 2080 quis
1925 1998 2202 2061 minatur
2246 2002 2533 2075 mortem,
2583 1998 2703 2063 nisi
2749 2000 2815 2061 te

353 2101 736 2185 praecipiteS,
774 2101 1206 2185 praecipitatio
1252 2101 1527 2165 nondum
1559 2101 1654 2165 est
1699 2101 1852 2185 fuga
1882 2102 1948 2164 et
1991 2100 2282 2174 defensio,
2322 2101 2428 2164 sed
2474 2101 2701 2165 directe
2747 2101 2812 2164 et

352 2204 710 2268 immediate
733 2223 768 2268 a
799 2205 860 2268 te
892 2203 1148 2287 eligitur
1182 2203 1403 2268 occisio
1437 2203 1566 2280 tui;
1596 2204 1776 2288 eligis
1807 2203 1970 2267 enim
2002 2203 2288 2279 mortem,
2314 2203 2621 2284 quatenus
2659 2201 2814 2266 haec

353 2307 452 2373 est
480 2307 656 2372 utilis
688 2306 767 2370 ad
796 2306 1301 2371 satisfaciendum
1347 2306 1581 2389 petenti
1619 2307 1685 2370 et
1720 2307 1809 2370 sic
1840 2307 2095 2371 eatenus
2142 2305 2316 2370 utilis
2353 2306 2469 2378 est,
2503 2307 2813 2387 quatenus

353 2410 450 2474 est
479 2408 701 2474 occisio
735 2409 831 2473 tui
862 2427 971 2473 sen
994 2407 1425 2491 praecipitatio
1457 2410 1521 2473 et
1549 2409 1742 2474 laesio
1768 2411 1908 2483 tua3
1934 2427 2082 2493 ergo
2115 2425 2252 2473 eam
2276 2407 2476 2491 eligis,
2501 2409 2814 2489 quatenus

354 2515 450 2579 est
479 2533 646 2581 mors
678 2514 743 2579 et
770 2514 1008 2578 malum
1040 2515 1242 2579 tuum.
1270 2511 1501 2578 Contra
1532 2513 1586 2578 si
1616 2513 1723 2579 ille
1753 2514 1882 2578 iam
1915 2514 1977 2578 te
2006 2533 2066 2578 v.
2085 2532 2179 2598 gr.
2206 2513 2550 2591 comburat,
2579 2511 2812 2596 poteris

354 2617 418 2681 te
448 2617 871 2700 praecipitare,
898 2617 971 2680 ut
1000 2616 1208 2700 fugias
1240 2615 1411 2680 illius
1442 2635 1663 2680 manus
1695 2619 1759 2680 et
1795 2615 2172 2693 incendium3
2200 2616 2347 2697 quia
2378 2615 2441 2678 id
2473 2634 2596 2680 non
2630 2614 2812 2698 eligis

355 2721 430 2785 nt
464 2721 812 2786 satisfacias
859 2719 1096 2804 petenti
1130 2740 1242 2785 nec
1278 2719 1426 2801 quia
1472 2720 1569 2783 est
1614 2718 1838 2783 occisio
1887 2718 2002 2793 tui,
2037 2718 2141 2781 sed
2187 2718 2456 2800 praecise
2502 2719 2813 2799 quatenus

355 2827 450 2889 est
485 2824 635 2909 fuga
668 2825 746 2888 ab
774 2823 886 2888 ino
918 2824 1107 2900 malo,
1141 2821 1307 2904 quod
1337 2821 1568 2904 pateris
1605 2822 1669 2884 et
1715 2838 1840 2901 qua
1872 2822 2051 2883 tenus
2083 2821 2179 2884 est
2214 2818 2503 2896 defensi0‚
2539 2821 2654 2884 sub
2687 2839 2812 2902 qua

353 2927 595 2992 ratione
630 2946 753 2992 non
784 2926 974 2991 habet
1002 2944 1135 2989 esse
1167 2923 1531 2989 occisionem
1561 2922 1685 2998 tui3
1726 2922 1875 3004 quia
1921 2921 2132 2986 eodem
2178 2922 2362 2987 modo
2400 2922 2660 2986 saltares
2706 2942 2815 3005 per

358 3027 707 3105 fenestram,
757 3029 811 3093 si
857 3028 1057 3092 saltus
1104 3046 1226 3091 non
1273 3025 1435 3090 esset
1480 3025 1860 3108 periculosus
1908 3024 1970 3086 et
2016 3043 2123 3107 per
2169 3025 2444 3089 accidens
2492 3026 2606 3098 est,
2647 3024 2813 3105 quod

357 3131 577 3196 subeas
608 3131 776 3195 vitae
813 3130 1175 3214 periculum.

446 3233 560 3298 Est
605 3251 751 3317 ergo
798 3232 1125 3296 discrimen
1170 3231 1333 3295 inter
1377 3233 1714 3312 utrumque
1762 3248 1974 3293 casum
2022 3232 2084 3294 et
2130 3230 2395 3294 mame
2443 3230 2618 3311 sequi
2665 3229 2816 3293 licet

356 3338 623 3422 priorem
669 3334 1062 3409 sententiam,
1111 3333 1167 3397 si
1212 3351 1349 3414 spes
1406 3333 1618 3413 aliqua
1666 3331 1965 3414 affulgeat
2010 3330 2306 3394 evadendi
2358 3331 2644 3452 mortem,
2694 3330 2815 3395 etsi

359 3459 534 3505 crure
578 3437 893 3503 confracto
939 3437 1054 3500 aut
1096 3435 1349 3499 vulnere
1393 3435 1660 3516 recepto.

448 3542 626 3622 Quod
656 3560 799 3607 vero
849 3539 1024 3604 addit
1068 3537 1509 3620 s.A1phonsus
1556 3557 1616 3600 n.
1651 3536 1802 3598 367.
1843 3553 1912 3597 ex
1960 3533 2154 3610 Elbel,
2189 3533 2249 3596 id
2296 3532 2576 3615 permitti
2623 3532 2815 3595 etiam

360 3647 608 3711 detento
630 3645 695 3709 in
718 3663 976 3721 carcere,
1012 3643 1084 3707 ut
1121 3640 1382 3724 effugiat
1410 3641 1644 3703 certam
1682 3635 2056 3701 sententiam
2094 3635 2315 3698 mortis
2342 3636 2440 3698 vel
2464 3636 2654 3698 etiam
2688 3654 2818 3699 car-

361 3768 557 3814 cerem
590 3750 975 3832 perpetuum,
1014 3745 1289 3827 profecto
1328 3741 1627 3826 postulat,
1662 3740 1735 3803 ut
1773 3737 1976 3801 multo
2006 3736 2207 3800 maior
2237 3736 2321 3800 sit
2351 3755 2487 3819 spes
2519 3737 2815 3803 evadendi

360 3854 647 3917 mortem.

473 3978 558 4029 lv.
584 3979 632 4027 2.
671 3972 773 4028 Etsi
820 3972 1008 4036 Virgini
1045 3986 1140 4024 non
1180 3972 1323 4025 liceat
1360 3972 1420 4023 ad
1458 3969 1731 4023 castitatem
1771 3969 2062 4020 servandam
2113 3966 2297 4020 directe
2336 3981 2388 4020 se
2426 3966 2664 4028 occidere,
2705 3968 2817 4022 licet

364 4069 521 4115 tamen
547 4060 593 4114 ei
618 4067 755 4113 certo
794 4057 1012 4125 periculo
1051 4055 1223 4110 mortis
1262 4069 1316 4108 se
1353 4068 1614 4121 exponere,
1639 4053 1787 4107 etiam
1827 4066 1916 4118 pro
1955 4055 2058 4105 sole
2096 4050 2372 4114 integritate
2410 4050 2675 4117 corporali,
2706 4051 2818 4106 licet

362 4145 720 4201 rationabiliter
756 4147 1108 4211 praesumeret,
1133 4155 1187 4195 se
1222 4156 1320 4195 non
1359 4153 1732 4205 consensuram
1756 4137 1872 4204 quia
1909 4135 2162 4202 integritus
2197 4135 2290 4189 ista
2328 4135 2490 4200 magni
2514 4135 2817 4190 aestimatur.

362 4230 479 4286 Vid.
502 4233 671 4295 Laym.
695 4244 740 4282 c.
768 4230 816 4281 ⁴.
844 4241 892 4281 n.
918 4229 968 4280 3.

451 4330 627 4405 880.
675 4332 933 4413 Quaerit
978 4351 1026 4395 e.
1076 4330 1431 4413 Alphonsus
1476 4350 1535 4393 n.
1584 4329 1759 4408 368„
1810 4349 1889 4394 an
1937 4329 2112 4412 virgo
2160 4327 2476 4409 praeterea
2530 4327 2820 4391 teneatur

362 4438 717 4520 permittere
765 4435 975 4519 potius
1021 4453 1086 4498 se
1133 4431 1346 4508 occidi,
1392 4450 1582 4513 quam
1630 4432 1874 4497 violari.
1923 4431 2201 4494 Dicimus
2232 4449 2320 4492 an
2360 4433 2659 4501 teneatur,
2694 4448 2819 4494 non

364 4558 507 4607 vero
537 4560 626 4603 an
673 4537 888 4614 liceat,·
925 4538 1104 4602 licere
1153 4534 1335 4609 enim,
1369 4534 1601 4598 nemini
1644 4533 1904 4600 dubium
1951 4552 2080 4598 esse
2126 4534 2354 4616 potest.

453 4643 550 4708 Ad
596 4643 774 4706 illam
816 4643 1029 4724 itaque
1076 4637 1501 4722 quaestionem
1562 4636 1788 4719 duplex
1834 4637 1930 4700 est
1974 4637 2301 4703 sententia.
2349 4635 2410 4701 S.
2461 4637 2819 4720 Alphonsus
