3497 5147
731 290 840 346 846
1340 303 1552 344 TRAc‘r.
1583 304 1689 345 vu.
1717 302 1881 345 snc‘r.
1909 304 1948 343 1.
1973 303 2059 342 nn
2086 301 2340 343 tiammo.
2372 302 2512 343 mm.
2539 302 2577 341 1.
3013 286 3197 362 [1130]

845 401 904 451 V.
936 403 984 452 ln
1023 398 1328 454 consessione
1356 414 1450 452 non
1476 398 1653 452 sumcit
1680 398 1868 453 dicere:
1894 413 1988 453 non
2015 398 2212 450 servavi
2239 406 2321 452 aut
2347 397 2467 460 fregi
2496 395 2746 459 ieiunium,
2773 398 2860 449 sed
2892 399 3191 451 addendum,

738 492 897 537 utrum
939 483 1207 537 relectione
1247 483 1502 550 multiplici
1541 498 1601 536 an
1640 499 1725 536 esu
1766 482 2001 536 carnium.
2029 482 2155 535 Etsi
2194 485 2304 544 boc,
2332 488 2496 534 ulrum
2536 483 2687 535 semel
2726 496 2785 533 an
2823 481 3023 547 saepius
3048 496 3192 547 quan-

733 567 920 621 titatem
961 569 1224 623 notabilem
1265 567 1559 635 sumpserit}
1586 568 1697 634 quia
1739 568 1992 634 probabile
2018 567 2138 620 satis
2175 574 2250 621 est
2287 566 2432 620 etiam
2470 565 2520 619 in
2548 570 2637 619 bac
2665 565 2863 619 materia
2905 566 3188 632 parvitatem

733 667 760 706 a
787 654 981 707 mortali
1008 669 1258 717 excusare,
1288 662 1338 708 ut
1367 658 1515 707 docet
1544 656 1719 707 Bonae.
1742 662 1778 706 t.
1807 657 1856 707 2.
1876 656 1923 706 d.
1954 656 2040 706 ult.
2070 668 2114 719 p.
2141 656 2184 706 1.
2206 667 2254 718 q.
2283 656 2332 704 2.
2358 658 2408 704 et
2432 654 2586 705 Tann.
2606 658 2639 704 t.
2668 653 2716 705 3.
2731 653 2780 704 d.
2802 654 2851 704 3.
2873 667 2926 717 q.
2950 654 3002 705 3.
3027 654 3126 705 dub
3144 653 3190 705 5.

735 737 875 791 verbi
899 738 1053 802 gratia
1081 738 1122 791 si
1149 754 1336 805 coquus
1364 746 1448 792 aut
1487 738 1675 802 aegroti
1714 738 1935 792 minister
1962 752 2131 803 parum
2156 736 2314 791 carnis
2339 742 2665 803 praegustent,
2691 738 2868 789 Escob.
2895 737 2930 789 l.
2962 751 3005 789 c.
3035 751 3082 789 n.
3108 737 3187 790 5⁴.

733 824 952 876 Sancbez
974 823 1034 877 in
1055 822 1252 894 Opusc.
1269 832 1301 877 t.
1326 827 1372 877 2.
1395 825 1491 877 1.5.
1507 840 1551 876 c.
1578 826 1994 877 l.dub.‹12.num.
2022 825 2099 877 10.
2115 826 2192 875 vel
2211 837 2272 875 ex
2291 821 2402 874 aliis
2418 820 2542 874 cibis
2561 827 2783 886 quartam
2804 828 2991 874 tantum
3014 827 3191 887 partem

734 906 1015 961 collationis
1042 909 1303 973 serotinae,
1329 909 1434 962 sive
1459 923 1600 962 unam
1630 912 1705 960 vel
1733 911 1857 961 duas
1885 907 2052 960 uncias
2071 913 2260 974 sumat,
2281 911 2403 959 banc
2423 906 2549 959 enim
2577 920 2686 958 esse
2709 904 2957 958 materiam
2982 919 3192 971 parvam,

737 1006 845 1044 cum
877 994 1107 1046 Turrian.
1137 1002 1185 1047 et
1215 995 1363 1046 Leon.
1391 995 1537 1047 docet
1566 992 1708 1046 Dian.
1736 1008 1782 1058 p.
1807 992 1857 1045 5.
1888 1000 1921 1045 t.
1943 994 1992 1045 5.
2014 1007 2056 1045 r.
2090 993 2166 1044 ll.
2188 998 2236 1045 et
2264 1006 2309 1057 p.
2339 993 2389 1043 8.
2412 999 2445 1043 t.
2472 991 2524 1042 7.
2547 1005 2586 1042 r.
2614 990 2829 1043 54.esse
2858 989 3125 1056 probabile.
3147 989 3194 1043 Si

738 1083 898 1129 autem
938 1077 1136 1143 saepius
1174 1079 1345 1130 eodcrn
1377 1078 1456 1131 die
1498 1092 1669 1143 parum
1711 1084 1944 1140 sumeret,
1985 1082 2209 1143 peccaret
2243 1075 2489 1143 graviter3
2515 1074 2629 1141 quia
2667 1074 2899 1128 materiae
2935 1075 3047 1128 illae
3089 1088 3194 1127 coa·

738 1163 978 1214 lescerent
1004 1162 1052 1214 in
1081 1177 1222 1214 unam
1251 1177 1488 1225 magnam,
1518 1169 1570 1215 ut
1596 1168 1764 1216 contra
1791 1164 1931 1214 Salas
1960 1163 2103 1214 docet
2137 1159 2278 1213 Dian.
2304 1176 2351 1226 p.
2380 1162 2428 1213 3.
2456 1165 2493 1213 t.
2520 1162 2569 1212 6.
2597 1174 2640 1212 r.
2665 1159 2747 1211 63.
2767 1158 3012 1213 *Accedit
3033 1166 3194 1212 aueto-

738 1244 862 1298 ritas
899 1246 1153 1299 Pontisscia
1194 1250 1431 1301 damnans
1468 1247 1750 1312 opinIonem
1790 1246 2084 1313 oppositam.
2112 1245 2241 1299 Vide
2280 1246 2486 1311 PropoS.
2511 1246 2597 1297 29.
2634 1244 2762 1297 inter
2800 1243 3103 1310 proscriptas
3139 1247 3194 1296 ab

740 1330 976 1384 Alexand.
1011 1332 1115 1384 Vll.
1143 1330 1164 1352 ⁸
1190 1330 1425 1397 Denique,
1458 1331 1498 1384 si
1538 1332 1601 1384 sit
1639 1331 1687 1384 in
1727 1330 2115 1397 quadragesima,
2141 1338 2300 1384 utrum
2341 1328 2544 1393 [regeris
2579 1344 2665 1383 esu
2704 1342 2914 1382 ovorum
2955 1334 3039 1382 aut
3071 1329 3196 1382 lacti-

736 1413 994 1468 ciniorum.
1017 1416 1232 1470 Tametsi
1262 1416 1406 1469 etiam
1436 1417 1578 1470 Dian.
1601 1423 1635 1470 t.
1658 1419 1707 1468 9.
1729 1432 1769 1469 r.
1795 1417 1881 1468 54.
1905 1423 1952 1469 et
1973 1422 2006 1468 t.
2024 1418 2072 1468 6.
2096 1415 2231 1468 misc.
2252 1430 2289 1466 r.
2310 1416 2392 1467 80.
2415 1414 2571 1468 citans
2601 1417 2781 1467 multos
2795 1416 3038 1467 Doctores
3057 1414 3196 1479 dicat,

735 1507 925 1553 certum
964 1515 1088 1564 esse,
1131 1503 1261 1566 quod
1312 1500 1373 1553 sit
1417 1502 1639 1565 mortale,
1684 1500 1725 1553 si
1765 1514 1860 1553 non
1898 1515 1960 1553 ex
1998 1499 2106 1552 iure
2153 1497 2384 1564 positivo,
2426 1501 2597 1551 saltem
2636 1512 2698 1550 ex
2738 1496 3111 1560 consuetudine,
3147 1498 3191 1551 in

737 1585 965 1637 omnibus
992 1589 1088 1639 lere
1119 1586 1285 1639 mundi
1314 1586 1535 1651 partibus
1562 1592 1777 1652 recepta,
1802 1583 1933 1638 vesci
1958 1584 2068 1637 ovis
2093 1591 2141 1637 et
2168 1581 2424 1638 lacticiniis
2445 1582 2495 1636 in
2521 1582 2920 1648 quadragesima3
2942 1583 3193 1648 probabile

738 1675 899 1724 tamen
926 1678 1000 1724 est
1026 1677 1076 1724 et
1112 1677 1270 1725 tutum
1297 1674 1489 1737 (saltem
1528 1671 1577 1723 in
1602 1669 1895 1725 Germaniae
1922 1668 2166 1740 partibus)
2190 1683 2300 1723 esse
2326 1676 2510 1723 tantum
2540 1667 2729 1722 veniale
2754 1670 2922 1734 Laym.
2945 1682 2992 1721 e.
3016 1671 3064 1720 1.
3086 1682 3131 1721 n.
3150 1670 3194 1721 3.

738 1756 955 1819 Fagund.
978 1758 1008 1808 l.
1041 1758 1082 1807 1.
1104 1771 1146 1807 c.
1171 1759 1219 1809 2.
1241 1764 1334 1809 etc.
1352 1757 1373 1777 ⁶
1401 1758 1502 1809 Hac
1529 1758 1590 1809 de
1615 1770 1666 1809 re
1693 1758 1799 1820 lege
1827 1753 2073 1821 proposit.
2103 1756 2189 1808 32.
2216 1753 2345 1806 inter
2381 1755 2633 1807 damnatas
2671 1755 2732 1805 ab
2773 1754 3014 1806 Alexand.
3047 1754 3152 1807 Vll.
3170 1751 3196 1782 ⁸

738 1841 863 1892 Turn
885 1839 1015 1906 quia,
1044 1839 1158 1893 licet
1182 1843 1488 1894 consuetudo
1518 1843 1713 1904 babeat,
1743 1853 1798 1892 ea
1827 1847 1987 1893 tamen
2017 1854 2111 1892 non
2136 1852 2331 1905 semper
2359 1841 2450 1891 sub
2492 1845 2710 1905 peccato,
2744 1838 3034 1903 praesertim
3074 1853 3194 1892 mor·

742 1922 841 1986 tali,
869 1923 1068 1986 obligat.
1099 1925 1160 1975 V.
1194 1924 1296 1977 Fill.
1325 1933 1357 1977 t.
1387 1925 1471 1976 27.
1493 1940 1535 1978 c.
1570 1926 1617 1977 3.
1642 1926 1822 1977 Bonae.
1849 1937 1895 1977 n.
1925 1926 1992 1976 2.:
2020 1930 2120 1976 tum
2148 1922 2258 1988 quia
2286 1923 2500 1976 Ecclesia
2528 1938 2623 1975 non
2652 1930 2747 1975 tam
2773 1921 2995 1986 graviter
3020 1925 3082 1977 ad
3111 1927 3196 1976 boc

740 2009 925 2071 obligat
938 2023 953 2075 ;
995 2017 1046 2062 ut
1086 2017 1217 2076 patet
1257 2019 1355 2063 tum
1397 2025 1456 2063 ex
1497 2010 1666 2063 verbis
1703 2008 1839 2076 ipsis,
1869 2016 1968 2062 tum
2008 2024 2066 2062 ex
2111 2008 2326 2063 faciliore
2364 2008 2728 2074 dispensatione
2764 2008 2813 2061 in
2854 2008 2948 2073 liis,
2979 2024 3125 2075 quam
3153 2008 3198 2062 in

740 2093 986 2147 carnibus.
1025 2095 1099 2149 Ob
1140 2110 1284 2160 quam
1325 2110 1521 2148 causam
1559 2094 1703 2148 etiam
1742 2093 1881 2147 laridi
1912 2102 1962 2148 et
2000 2092 2158 2160 adipis
2196 2107 2336 2146 usum
2364 2092 2553 2147 facilins
2589 2092 2794 2147 concedi
2832 2107 2982 2160 posse
3024 2107 3195 2160 paupe-

740 2176 895 2243 ribus,
923 2181 1066 2233 docet
1091 2181 1259 2244 Laym.
1282 2182 1313 2233 1.
1343 2180 1390 2232 4.
1418 2188 1450 2233 t.
1478 2183 1527 2231 8.
1553 2194 1597 2232 c.
1630 2181 1674 2231 l.
1697 2193 1745 2233 n.
1774 2181 1824 2231 5.
1855 2181 1953 2231 lmo
1979 2179 2063 2245 ait,
2092 2192 2182 2231 nec
2206 2177 2409 2231 divitem
2438 2184 2635 2245 propter
2659 2192 2772 2231 eum
2798 2192 2939 2231 usum
2966 2178 3197 2232 continuo

741 2265 1067 2318 damnandum
1093 2280 1204 2319 esse
1233 2264 1418 2332 peccati
1447 2264 1683 2329 mortaliS,
1712 2264 1999 2331 praesertim
2027 2278 2136 2318 cum
2161 2265 2300 2328 sylv.
2331 2265 2467 2316 verb.
2497 2263 2779 2318 Ieiunium
2816 2269 2866 2316 et
2901 2262 2987 2317 alii
3025 2262 3198 2321 dicant.

743 2348 806 2411 ei,
832 2348 914 2402 cui
939 2362 1145 2402 ovorum
1173 2357 1220 2403 ct
1250 2350 1606 2403 lacticiniorum
1637 2364 1756 2403 usus
1782 2347 2049 2415 permissus
2073 2357 2163 2413 est,
2190 2348 2335 2401 etiam
2367 2347 2506 2401 laridi
2534 2354 2584 2401 et
2619 2347 2869 2412 sagiminis
2907 2347 3196 2414 permissum

744 2431 931 2486 videri:
952 2433 1099 2500 idque
1123 2450 1216 2487 non
1239 2434 1479 2501 improbet
1500 2439 1645 2498 Azor,
1671 2436 1701 2485 1.
1722 2434 1774 2486 7.
1796 2448 1902 2499 cap.
1929 2435 2010 2486 lo,
2030 2449 2075 2498 q.
2093 2436 2178 2485 ult.
2202 2434 2263 2485 V.
2288 2434 2457 2497 Laym.
2476 2431 2570 2496 bic,
2592 2433 2809 2495 Fagund.
2831 2448 2877 2498 p.
2902 2432 2946 2484 4.
2967 2432 2999 2485 l.
3025 2432 3068 2483 l.
3091 2446 3133 2483 c.
3150 2434 3199 2483 2.

743 2533 791 2571 n.
812 2521 916 2583 20„
939 2518 1021 2571 ubi
1042 2519 1178 2583 dicit,
1199 2519 1543 2588 pinguedinem
1564 2519 1693 2572 inter
1712 2532 1883 2572 carnes
1903 2532 1996 2570 non
2018 2517 2309 2585 computari.
2333 2520 2395 2570 V.
2420 2516 2560 2570 Dian.
2584 2532 2631 2584 p.
2658 2518 2702 2567 1.
2719 2522 2755 2568 t.
2777 2518 2828 2571 9.
2849 2531 2883 2569 ι·.
2906 2518 2986 2569 21.
3013 2518 3195 2568 Verum

741 2602 790 2656 in
828 2603 905 2657 his
945 2605 1210 2658 videndum
1265 2605 1461 2671 ubique,
1504 2605 1618 2670 quid
1674 2612 1870 2670 recepta
1910 2603 2105 2669 piorum
2137 2605 2441 2656 consuetudo
2481 2607 2617 2665 terat,
2655 2617 2681 2655 a
2722 2618 2818 2669 qua
2870 2615 2962 2655 non
3008 2607 3197 2654 temere

742 2690 1087 2743 recedendum.
1115 2693 1261 2752 Amr,
1291 2694 1320 2743 l.
1347 2691 1398 2741 7.
1425 2705 1466 2743 c.
1498 2693 1580 2743 10.
1606 2705 1652 2755 q.
1680 2693 1768 2742 ult.

850 2772 990 2827 Dixi:
1016 2774 1068 2828 si
1090 2775 1167 2828 sit
1196 2775 1256 2828 in
1283 2773 1747 2844 quadrayesima:
1776 2773 1885 2839 quia
1925 2780 2065 2826 extra
2102 2787 2207 2825 eam
2236 2771 2365 2826 licite
2392 2771 2609 2825 vescitur
2645 2770 2773 2836 ovis,
2800 2770 2887 2838 qui
2909 2774 3058 2825 debet
3086 2769 3203 2823 ieiu-

742 2871 873 2921 nare,
904 2873 950 2910 v.
980 2873 1055 2923 gr.
1085 2862 1147 2912 ob
1176 2858 1460 2913 iultilaeum.
1491 2859 1682 2912 Heni-ic.
1714 2864 1807 2912 etc.
1834 2861 1913 2911 vel
1940 2873 2001 2910 cx
2040 2856 2335 2924 poenitentia
2372 2855 2725 2910 sacramentali.
2752 2859 2866 2920 Fag.
2894 2858 2976 2910 vel
3001 2869 3062 2908 ex
3087 2862 3203 2908 voto

745 2947 828 2995 aut
855 2942 903 2995 in
933 2943 1117 3006 vigilia.
1148 2945 1211 2996 V.
1242 2944 1381 2996 Dian.
1412 2960 1457 3010 p.
1494 2946 1533 2996 l.
1561 2960 1602 2997 e.
1624 2946 1672 2997 9.
1702 2959 1741 2995 r.
1771 2945 1819 2997 5.
1846 2952 1894 2997 et
1924 2946 1971 2996 6.

836 3061 1024 3135 1130.
1065 3066 1099 3103 *
1134 3066 1376 3149 Duplex
1424 3067 1518 3129 est
1565 3068 1981 3149 praeceptum,
2014 3065 2199 3129 unius
2246 3064 2642 3129 comestionis
2688 3065 2752 3129 et
2797 3063 3206 3128 abstinentiae

749 3187 786 3231 a
835 3168 1122 3232 carnibus
1161 3169 1276 3232 etc.
1328 3170 1515 3250 atque
1562 3168 1679 3233 hoc
1725 3169 1948 3232 violari
1986 3169 2213 3251 potest,
2242 3170 2532 3233 manente
2575 3167 2828 3245 ieiunio,
2878 3167 2996 3232 hoc
3041 3185 3210 3250 prae

746 3270 916 3334 terea
955 3273 1049 3335 est
1083 3271 1467 3357 negativum,
1505 3271 1790 3355 obligans
1837 3290 1948 3353 pro
1981 3291 2220 3355 semper
2250 3272 2388 3335 tota
2425 3271 2541 3335 die.
2576 3268 2733 3335 Cum
2781 3289 2929 3355 ergo
2970 3271 3095 3334 alia
3126 3269 3212 3334 sit

741 3373 839 3437 lex
886 3374 1069 3438 unius
1117 3374 1534 3450 comestionis,
1573 3374 1696 3438 alia
1727 3373 1825 3439 lex
1863 3374 2293 3448 abstinentiae,
2330 3374 2575 3457 oportet
2604 3374 2668 3437 in
2707 3372 3087 3438 confessione
3124 3371 3210 3436 di·

743 3476 968 3541 stincte
999 3476 1197 3540 dicere
1230 3480 1445 3541 contra
1485 3496 1673 3558 quam
1705 3477 1905 3562 legem
1938 3478 2076 3559 quis
2107 3477 2452 3560 peccaverit
2483 3478 2544 3540 et
2582 3476 2634 3540 si
2682 3476 2960 3560 peccavit
2991 3478 3210 3540 contra

747 3578 1027 3655 alteram,
1056 3580 1247 3644 etiam
1279 3579 1497 3656 dicere,
1534 3580 1779 3662 quoties
1812 3580 2108 3663 peccavit.
2134 3579 2351 3644 Monet
2380 3581 2588 3644 tamen
2612 3579 2689 3643 A.
2715 3579 2881 3661 quod
2914 3579 2977 3642 in
3012 3579 3212 3643 trans·

748 3683 1061 3768 gressione
1111 3684 1367 3748 alterius
1405 3684 1563 3768 legis
1610 3684 1819 3767 potest
1863 3683 2086 3747 habere
2130 3683 2338 3747 locum
2384 3683 2661 3766 parvitas
2706 3683 3037 3758 materiae3
3087 3701 3211 3765 qua

742 3785 816 3849 de
846 3804 912 3848 re
959 3806 1007 3848 3.
1046 3785 1231 3868 Alph.
1266 3786 1400 3850 heic
1448 3785 1652 3850 reiicit
1696 3805 1838 3851 cum
1888 3783 2189 3850 Salmant.
2224 3785 2615 3863 sententiam,
2665 3785 2832 3867 quod
2877 3784 3210 3849 dimidiata

746 3887 929 3951 uncia
976 3889 1176 3952 carnis
1224 3889 1309 3952 sit
1354 3890 1619 3953 materia
1664 3908 1857 3972 parva
1905 3891 1968 3954 et
2015 3888 2192 3953 affert
2223 3888 2447 3954 horum
2484 3888 2853 3966 doctrinam,
2902 3888 3054 3970 quin
3101 3888 3214 3951 im-

741 3990 961 4074 probet
1017 3992 1127 4055 331
1190 3991 1408 4074 probet
1462 3992 1740 4068 disserte,
1792 3991 1870 4056 ad
1915 4010 2160 4056 carnem
2208 3991 2368 4074 quod
2419 3992 2659 4075 spectat
2706 3991 2880 4074 (nam
2935 4010 3058 4056 non
3115 3991 3213 4055 est

742 4093 956 4158 eadem
1003 4094 1165 4158 ratio
1213 4093 1286 4157 de
1335 4113 1533 4172 earne,
1585 4114 1741 4175 quae
1788 4095 1990 4179 magis
2037 4094 2240 4158 nutrit
2287 4113 2357 4157 ac
2405 4094 2477 4158 de
2525 4094 2665 4158 aliis
2712 4093 2914 4178 cibis),
2947 4111 3210 4177 parvam

745 4197 1073 4261 materiam
1108 4216 1237 4262 esse
1264 4198 1511 4261 tantum
1545 4200 1828 4262 octavam
1856 4199 2097 4281 partem
2129 4197 2363 4261 unciae.
2390 4196 2624 4261 Verum
2661 4196 3000 4280 probabilis
3031 4195 3211 4261 nobis

748 4301 853 4364 est
898 4300 1202 4365 sententia
1249 4302 1311 4364 in
1360 4301 1457 4364 his
1495 4301 1647 4364 cibis
1679 4300 2008 4363 materiam
2054 4302 2217 4365 certe
2264 4318 2518 4384 gravem
2551 4317 2681 4364 esse
2728 4300 3000 4375 tantum,
3050 4316 3212 4380 quae

750 4401 906 4465 duas
954 4403 1165 4466 uncias
1213 4404 1435 4467 saltem
1483 4403 1793 4486 attingat;
1846 4421 1988 4466 nam
2021 4402 2239 4485 quanti
2272 4403 2366 4467 est
2405 4404 2626 4467 octava
2659 4421 2802 4485 pars
2833 4402 3050 4465 unciae
3081 4402 3212 4465 imo

749 4522 876 4565 333
900 4504 1123 4567 uncia?
1152 4504 1317 4570 Idem
1340 4504 1664 4568 dicendum
1683 4504 1882 4568 multo
1901 4505 2103 4589 magis
2121 4504 2194 4569 de
2219 4505 2351 4570 ovis
2376 4506 2438 4568 et
2461 4504 2811 4569 lacticiniis,
2826 4501 2992 4569 Cf.n.
3014 4504 3039 4565 l
3058 4505 3211 4566 155.
