3497 5147
596 338 633 390 2
1155 346 1364 387 TRACT.
1407 348 1460 388 v.
1502 348 1663 390 31191.
1701 349 1740 387 1.
1784 348 1868 386 nn:
1906 346 2279 388 PRAncnP'ns
2316 347 2487 387 mmm
2991 331 3067 407 [2]

597 446 761 529 quod
810 445 960 509 fides
1007 446 1102 510 est
1149 444 1401 508 habitus
1440 445 1685 521 mentiS,
1730 444 2230 532 quo‘inchoatur
2277 443 2408 507 vita
2455 445 2704 508 aeterna
2750 444 2814 507 in
2861 443 3059 519 nobis,

596 548 827 613 faciens
874 548 1262 611 intellectum
1311 546 1609 610 assentire
1658 565 1778 610 non
1830 545 2270 629 apparentibus
2308 545 2610 626 (revelata
2657 545 2894 610 scilicet
2938 564 3060 609 non

599 654 746 715 sunt
795 651 979 733 visa).
1015 650 1132 712 Per
1164 649 1279 712 hoc
1312 649 1472 711 enim
1506 648 1655 711 fides
1690 648 1768 711 ab
1803 648 2087 711 omnibus
2137 647 2275 709 aliis
2314 646 2743 732 distinguitur,
2778 666 2938 729 quae
2985 647 3063 711 ad

600 753 987 817 intellectum
1020 752 1348 834 pertinent.
1389 751 1506 814 Per
1536 751 1652 814 hoc
1684 750 1849 814 enim
1881 749 2044 830 quod
2078 749 2303 812 dicitur
2347 753 2803 830 aryumen-tum,
2843 748 3064 813 (1131111-

602 857 821 941 guitur
858 856 1013 919 fides
1047 854 1123 917 ab
1157 854 1461 936 opinione,
1504 852 1850 936 suspicione
1898 854 1960 914 et
2006 851 2415 929 dubitatione,
2450 870 2558 934 per
2596 871 2755 934 quae
2802 870 2924 916 non
2970 852 3067 916 est

604 958 894 1022 adhaesio
927 957 1279 1021 intellectus
1312 955 1490 1019 firma
1526 955 1601 1018 ad
1641 953 1895 1036 aliquid.
1939 954 2055 1017 Per
2092 954 2207 1017 hoc
2241 956 2451 1018 autem
2484 954 2649 1035 quod
2680 953 2909 1018 dicitur
2939 974 3066 1018 non

584 1061 1060 1145 awannam,
1088 1057 1498 1141 distinguitur
1521 1056 1669 1120 fides
1697 1076 1733 1119 a
1760 1056 2015 1120 scientia
2049 1058 2110 1119 et
2135 1055 2473 1133 intellectu,
2510 1076 2616 1139 per
2648 1076 2806 1138 quae
2831 1056 3067 1138 aliquid

602 1163 677 1225 fit
706 1180 1024 1244 apparens,
1040 1161 1156 1223 Per
1174 1160 1289 1222 hoc
1308 1160 1519 1221 autem
1536 1157 1701 1239 quod
1717 1157 1946 1222 dicitur
1968 1157 2328 1221 substantia
2351 1156 2810 1237 sperandarum
2833 1179 3065 1236 rerum,

602 1264 1013 1347 distinguitur
1053 1262 1253 1325 virtus
1286 1260 1428 1324 fidei
1460 1279 1495 1322 a
1528 1259 1646 1323 fide
1678 1259 2090 1324 communiter
2115 1262 2385 1342 sumpta,
2406 1279 2565 1342 quae
2588 1279 2711 1325 non
2745 1260 3068 1325 ordinatur

604 1366 680 1428 ad
719 1365 1167 1429 beatitudinem
1193 1363 1524 1445 speratam.
1545 1361 1769 1426 Omnes
1795 1363 2006 1425 autem
2032 1362 2190 1425 aliae
2215 1361 2622 1435 definitiones,
2643 1380 3067 1444 quaecumque

602 1467 676 1532 de
708 1468 825 1531 fide
858 1467 1105 1542 dantur,
1140 1466 1289 1529 sunt
1329 1464 1766 1547 explicationes
1797 1464 2005 1541 huius,
2048 1483 2237 1545 quam
2268 1465 2609 1547 Apostolus
2648 1465 2824 1547 ponit
2856 1490 2919 1528 2».

692 1567 761 1638 2.
797 1569 1028 1633 Α9111111
1059 1567 1201 1631 fidei
1234 1568 1572 1651 praevertit
1613 1567 1679 1628 1⁰
1709 1566 2008 1629 iudicium
2039 1566 2266 1631 mentis
2298 1566 2372 1630 de
2398 1567 2807 1631 credibilitate
2839 1566 3069 1630 revela-

602 1674 810 1747 1101113,
861 1671 954 1735 ita
1000 1672 1074 1734 111
1122 1669 1430 1734 iudicetur
1476 1668 1840 1753 prudentem
1889 1687 2019 1732 esse
2068 1686 2425 1745 assensum3
2493 1693 2527 1727 «
2573 1688 2693 1733 non
2742 1669 2926 1745 enim,
2977 1668 3068 1731 ait

603 1795 652 1841 3.
674 1776 943 1838 Thomas
975 1792 1034 1854 q.
1060 1774 1117 1836 1.
1147 1792 1202 1837 a.
1236 1772 1299 1835 4.
1321 1771 1399 1835 ad
1418 1772 1500 1849 2.,
1540 1771 1813 1835 919119191
1858 1771 1994 1853 (qui
2041 1771 2282 1854 credit),
2323 1771 2444 1835 nisi
2481 1771 2716 1837 videret
2760 1790 2892 1836 esse
2939 1789 3069 1834 cre·

603 1876 888 1954 dendum‚
924 1875 1023 1939 vel
1069 1876 1323 1958 propter
1369 1872 1740 1937 evidentiam
1781 1874 2100 1957 signorum
2151 1874 2249 1937 vel
2295 1876 2547 1956 propter
2593 1873 2827 1955 aliquid
2860 1871 3071 1936 huius-

601 1978 770 2042 modi
818 1999 901 2040 »z
953 1977 1022 2039 2⁰
1068 1975 1365 2039 iudicium
1418 1974 1491 2038 de
1537 1975 1901 2037 necessitate
1948 1975 2078 2037 sive
2126 1975 2507 2058 obligatione
2555 1975 2854 2050 credendi,
2905 1972 3070 2055 quod

589 2079 902 2142 'iudicium
934 2078 1153 2161 sponte
1187 2077 1365 2159 ponit
1401 2077 1773 2157 quicumque
1810 2076 2108 2160 intelligit
2134 2076 2272 2157 quis
2298 2076 2384 2141 sit
2406 2077 2512 2158 qui
2537 2077 2851 2159 loquitur3
2878 2075 2982 2140 sed
3008 2076 3072 2139 et

603 2200 745 2245 cum
770 2182 904 2263 ipsa
941 2178 1316 2244 revelatione
1341 2179 1456 2242 Dei
1481 2177 1754 2242 eiusdem
1776 2177 1875 2242 lex
1898 2179 2265 2260 proponitur
2290 2179 2536 2264 exigens
2553 2179 2770 2245 fidem:
2800 2180 2869 2242 3⁰
2896 2180 3071 2243 actus

604 2284 759 2348 liber
791 2281 1135 2348 voluntatis
1177 2281 1488 2364 imperans
1536 2299 1862 2344 assensum
1899 2280 2288 2357 intellectus,
2337 2300 2459 2346 non
2508 2282 2671 2346 enim
2719 2282 3071 2346 intellectus

605 2386 683 2449 ab
723 2385 962 2450 obiecto
1010 2383 1153 2448 fidei
1199 2383 1542 2447 necessario
1592 2382 2040 2446 determinatur
2089 2383 2166 2446 ad
2216 2402 2556 2461 assensum,
2598 2404 2740 2448 cum
2788 2384 2872 2449 sit
2921 2383 3070 2465 quid

603 2506 727 2554 non
767 2488 1012 2553 visum:
1062 2485 1168 2551 sed
1215 2485 1363 2566 quia
1410 2484 1572 2548 ratio
1619 2484 1746 2547 iam
1812 2484 2082 2548 ostendit
2137 2488 2386 2568 propter
2449 2487 2788 2551 extrinseca
2834 2485 3072 2551 motiva

604 2613 732 2658 rem
773 2611 903 2657 esse
941 2590 1296 2656 credibilem
1329 2590 1393 2653 et
1423 2587 1805 2666 credendam,
1843 2590 2134 2654 voluntas
2173 2593 2386 2655 movet
2421 2591 2808 2656 intellectum
2857 2590 2932 2654 ad
2981 2608 3074 2654 as-

604 2694 996 2759 sentiendum
1040 2693 1105 2757 et
1147 2690 1604 2767 affirmandum,
1629 2689 1695 2753 id
1740 2691 1908 2772 quod
1954 2693 2048 2754 est
2094 2692 2461 2769 revelatum,
2498 2693 2617 2758 etsi
2662 2692 2931 2776 idipsum
2968 2693 3074 2756 ille

604 2816 726 2860 non
765 2795 992 2873 videat,
1040 2794 1101 2858 h.
1152 2813 1204 2857 e.
1255 2793 1388 2858 eius
1435 2793 1835 2857 intrinsecam
1882 2793 2188 2858 rationem
2237 2813 2359 2859 non
2406 2796 2723 2878 percipiat.
2775 2795 3073 2873 Quocirca

605 2899 781 2961 actus
827 2896 969 2961 fidei
1014 2896 1169 2960 liber
1218 2896 1313 2960 est
1362 2895 1423 2958 et
1477 2894 1850 2959 meritorius,

695 2998 853 3078 Quia
879 3016 1021 3063 vero
1049 3000 1226 3061 actus
1251 2996 1393 3060 fidei
1418 3015 1540 3060 non
1567 3015 1630 3060 se
1652 2996 1842 3060 habet
1863 3000 1938 3060 ut
1962 3016 2339 3079 consequens
2368 2999 2641 3084 logicum
2673 2999 2751 3064 ad
2775 2999 3075 3064 iudicium

606 3102 679 3165 de
712 3100 1140 3175 credibilitate‚
1167 3099 1292 3177 sed,
1320 3099 1435 3162 hoc
1459 3098 1662 3180 posito
1696 3100 1760 3163 et
1791 3100 1995 3181 posita
2027 3100 2302 3165 motione
2327 3101 2693 3180 voluntatiS,
2718 3102 3078 3167 immediate

609 3206 786 3268 actus
803 3203 1095 3266 innititur
1129 3200 1494 3265 auctoritati
1517 3201 1878 3276 revelantis;
1906 3201 2040 3265 fieri
2064 3205 2289 3285 potest,
2316 3203 2441 3268 imo
2475 3204 2673 3283 debet,
2693 3205 2769 3268 ut
2792 3223 3076 3270 assensus

607 3306 749 3371 fidei
795 3305 878 3368 sit
923 3304 1125 3387 magis
1174 3303 1408 3380 firmuS,
1454 3322 1642 3384 quam
1690 3302 1989 3367 iudicium
2050 3304 2205 3368 illud
2268 3307 2680 3387 praevertens.
2729 3307 2866 3370 Hoc
2912 3306 3075 3370 enim

608 3407 844 3494 gaudet
873 3405 1242 3471 certitudine
1268 3405 1570 3469 humana:
1599 3407 1775 3470 actus
1800 3406 1904 3470 ille
1930 3406 2072 3470 fidei
2094 3407 2462 3473 certitudine
2487 3408 2714 3487 divina,
2741 3406 3073 3472 infallibili.

610 3510 773 3574 Hinc
805 3508 1028 3573 merito
1066 3508 1362 3572 damnata
1411 3507 1488 3571 ab
1534 3507 1894 3572 Innocentio
1926 3507 2038 3572 XI.
2074 3528 2317 3593 propos.
2358 3511 2458 3575 19.
2517 3535 2551 3568 «
2599 3510 2908 3574 Voluntas
2953 3527 3077 3573 non

608 3613 816 3696 potest
853 3611 1111 3685 efficere,
1150 3611 1225 3673 ut
1256 3628 1542 3674 assensus
1575 3609 1718 3674 fidei
1754 3610 1816 3674 in
1855 3629 1919 3675 se
1953 3611 2088 3695 ipso
2123 3612 2206 3677 sit
2238 3613 2441 3696 magis
2471 3612 2707 3689 firmuS,
2736 3630 2926 3693 quam
2956 3630 3075 3675 me-

605 3717 818 3778 reatur
855 3713 1093 3796 pondus
1126 3712 1448 3776 rationum
1480 3711 1553 3775 ad
1590 3731 1912 3776 assensum
1950 3714 2402 3797 impellentium
2433 3738 2494 3776 ».

694 3813 765 3886 3.
802 3814 1128 3880 Obiectum
1174 3815 1434 3879 formale
1480 3814 1620 3879 fidei
1670 3817 1766 3880 est
1812 3816 2040 3881 veritas
2089 3817 2290 3898 prima
2340 3817 2616 3898 (summa
2662 3816 2971 3900 sapientia
3017 3821 3080 3883 et

607 3936 855 3983 summa
880 3917 1213 3998 veracitas)
1238 3916 1535 3981 revelans
1571 3941 1607 3975 a<
1624 3915 1689 3982 Si
1713 3919 1777 3982 in
1803 3918 1921 3982 fide
1944 3919 2398 3984 consideremus
2423 3918 2750 3985 formalem
2772 3923 3078 3988 rationem

612 4021 855 4096 obiecti,
896 4019 1054 4084 nihil
1100 4019 1194 4082 est
1244 4019 1413 4083 aliud
1448 4038 1638 4100 quam
1684 4021 1914 4085 veritas
1963 4021 2181 4103 prima.
2233 4020 2373 4086 Non
2420 4022 2586 4086 enim
2631 4022 2800 4102 fides,
2835 4025 2910 4088 de
2955 4040 3076 4103 qua

612 4124 947 4207 loquimur,
983 4122 1321 4187 assentitur
1354 4123 1558 4198 alicui,
1595 4123 1713 4186 nisi
1752 4125 1898 4205 quia
1946 4125 2041 4188 est
2087 4144 2123 4187 a
2173 4125 2302 4188 Deo
2334 4127 2718 4192 revelatum:
2754 4127 2913 4192 1111119
2959 4124 3077 4209 ipsi

610 4227 865 4292 veritati
889 4225 1133 4290 divinae
1157 4225 1307 4289 fides
1332 4225 1624 4288 innititur
1649 4227 1950 4308 tanquam
1973 4226 2176 4290 medio
2197 4249 2267 4290 »ε
2302 4246 2349 4291 3.
2375 4227 2649 4295 Thomas
2666 4230 2706 4294 1.
2722 4249 2772 4292 9.
2790 4246 2849 4308 q.
2869 4228 2926 4291 1.
2943 4247 2997 4291 a.
3018 4228 3074 4290 1.

704 4326 1030 4391 Materiale
1079 4329 1293 4391 autem
1340 4326 1649 4392 obiectum
1688 4329 1784 4392 est
1823 4327 2121 4409 quidquid
2162 4329 2330 4394 Deus
2366 4331 2544 4396 nobis
2575 4330 2820 4396 locutus
2844 4330 2973 4393 est:
3013 4329 3077 4392 in

617 4451 739 4515 quo
779 4449 995 4495 rursus
1028 4430 1251 4513 duplex
1285 4428 1445 4493 solet
1476 4429 1778 4513 distingui
1818 4430 2146 4508 obiectum,
2169 4432 2555 4515 primarium,
2589 4431 2754 4515 quod
2785 4434 2881 4497 est
2910 4433 3078 4497 Deus

618 4536 748 4619 ipse
780 4534 1090 4598 revelatus
1116 4531 1313 4608 nobis,
1342 4531 1793 4609 secundarium,
1821 4550 2243 4616 quaecumque
2267 4536 2392 4600 alia
2423 4535 2570 4600 sunt
2599 4533 2892 4610 revelata,
2921 4552 3079 4616 quae
