<?xml version="1.0" encoding="UTF-8"?>
<!DOCTYPE html PUBLIC "-//W3C//DTD XHTML 1.0 Transitional//EN"
    "http://www.w3.org/TR/xhtml1/DTD/xhtml1-transitional.dtd">
<html xmlns="http://www.w3.org/1999/xhtml" xml:lang="en" lang="en">
 <head>
  <title>
</title>
<meta http-equiv="Content-Type" content="text/html;charset=utf-8" />
  <meta name='ocr-system' content='tesseract 3.04.00' />
  <meta name='ocr-capabilities' content='ocr_page ocr_carea ocr_par ocr_line ocrx_word'/>
</head>
<body>
  <div class='ocr_page' id='page_1' title='image "./opustheologicum00ballgoog_0826.png"; bbox 0 0 3497 5147; ppageno 0'>
   <div class='ocr_carea' id='block_1_1' title="bbox 296 350 2758 426">
    <p class='ocr_par' dir='ltr' id='par_1_1' title="bbox 296 350 2758 426">
     <span class='ocr_line' id='line_1_1' title="bbox 296 350 2758 426; baseline 0.006 -19"><span class='ocrx_word' id='word_1_1' title='bbox 296 350 477 426; x_wconf 80' lang='lat'>[1102]</span> <span class='ocrx_word' id='word_1_2' title='bbox 733 367 885 415; x_wconf 84' lang='lat' dir='ltr'>Qun&gt;</span> <span class='ocrx_word' id='word_1_3' title='bbox 924 368 1018 409; x_wconf 84' lang='lat' dir='ltr'>srr</span> <span class='ocrx_word' id='word_1_4' title='bbox 1053 370 1131 409; x_wconf 79' lang='lat' dir='ltr'>m</span> <span class='ocrx_word' id='word_1_5' title='bbox 1165 370 1337 418; x_wconf 62' lang='lat' dir='ltr'>Quam</span> <span class='ocrx_word' id='word_1_6' title='bbox 1378 371 1589 415; x_wconf 63' lang='lat' dir='ltr'>enavit</span> <span class='ocrx_word' id='word_1_7' title='bbox 1622 374 1945 418; x_wconf 63' lang='lat' dir='ltr'>racemum</span> <span class='ocrx_word' id='word_1_8' title='bbox 1982 377 2325 419; x_wconf 61' lang='lat' dir='ltr'>Dmaac‘mo</span> <span class='ocrx_word' id='word_1_9' title='bbox 2652 372 2758 424; x_wconf 83' lang='lat'>819</span> 
     </span>
    </p>
   </div>
   <div class='ocr_carea' id='block_1_2' title="bbox 1278 558 1787 625">
    <p class='ocr_par' dir='ltr' id='par_1_2' title="bbox 1278 558 1787 625">
     <span class='ocr_line' id='line_1_2' title="bbox 1278 558 1787 625; baseline 0 0"><span class='ocrx_word' id='word_1_10' title='bbox 1278 558 1345 625; x_wconf 91' lang='lat' dir='ltr'><em>U</em></span> <span class='ocrx_word' id='word_1_11' title='bbox 1336 558 1457 623; x_wconf 77' lang='lat' dir='ltr'>nde</span> <span class='ocrx_word' id='word_1_12' title='bbox 1501 559 1787 625; x_wconf 77' lang='lat' dir='ltr'>resolves,</span> 
     </span>
    </p>
   </div>
   <div class='ocr_carea' id='block_1_3' title="bbox 301 730 2759 1057">
    <p class='ocr_par' dir='ltr' id='par_1_3' title="bbox 301 730 2759 1057">
     <span class='ocr_line' id='line_1_3' title="bbox 407 730 2756 807; baseline 0.004 -21"><span class='ocrx_word' id='word_1_13' title='bbox 407 734 515 786; x_wconf 87' lang='lat' dir='ltr'>Non</span> <span class='ocrx_word' id='word_1_14' title='bbox 555 738 630 785; x_wconf 77' lang='lat' dir='ltr'>est</span> <span class='ocrx_word' id='word_1_15' title='bbox 668 734 893 796; x_wconf 80' lang='lat' dir='ltr'>mortale,</span> <span class='ocrx_word' id='word_1_16' title='bbox 917 733 976 785; x_wconf 87' lang='lat' dir='ltr'>ad</span> <span class='ocrx_word' id='word_1_17' title='bbox 1006 730 1202 785; x_wconf 78' lang='lat' dir='ltr'>vitanda</span> <span class='ocrx_word' id='word_1_18' title='bbox 1227 732 1395 797; x_wconf 74' lang='lat' dir='ltr'>gravia</span> <span class='ocrx_word' id='word_1_19' title='bbox 1425 740 1683 797; x_wconf 77' lang='lat' dir='ltr'>tormenta,</span> <span class='ocrx_word' id='word_1_20' title='bbox 1710 738 1884 787; x_wconf 72' lang='lat' dir='ltr'>laisum</span> <span class='ocrx_word' id='word_1_21' title='bbox 1922 734 2103 789; x_wconf 80' lang='lat' dir='ltr'><strong>crimen</strong></span> <span class='ocrx_word' id='word_1_22' title='bbox 2130 737 2225 789; x_wconf 86' lang='lat' dir='ltr'>sibi</span> <span class='ocrx_word' id='word_1_23' title='bbox 2261 737 2531 806; x_wconf 79' lang='lat' dir='ltr'><strong>imponere,</strong></span> <span class='ocrx_word' id='word_1_24' title='bbox 2557 754 2619 794; x_wconf 85' lang='lat' dir='ltr'>ex</span> <span class='ocrx_word' id='word_1_25' title='bbox 2658 756 2756 807; x_wconf 86' lang='lat' dir='ltr'>quo</span> 
     </span>
     <span class='ocr_line' id='line_1_4' title="bbox 301 816 2759 883; baseline 0.003 -12"><span class='ocrx_word' id='word_1_26' title='bbox 301 817 446 873; x_wconf 78' lang='lat' dir='ltr'>etiam</span> <span class='ocrx_word' id='word_1_27' title='bbox 486 832 615 871; x_wconf 86' lang='lat' dir='ltr'>mors</span> <span class='ocrx_word' id='word_1_28' title='bbox 651 822 912 883; x_wconf 60' lang='lat' dir='ltr'>sequutum</span> <span class='ocrx_word' id='word_1_29' title='bbox 940 816 1054 883; x_wconf 84' lang='lat' dir='ltr'>quia</span> <span class='ocrx_word' id='word_1_30' title='bbox 1094 831 1189 871; x_wconf 90' lang='lat' dir='ltr'>non</span> <span class='ocrx_word' id='word_1_31' title='bbox 1228 823 1422 871; x_wconf 81' lang='lat' dir='ltr'>tenetur</span> <span class='ocrx_word' id='word_1_32' title='bbox 1447 822 1594 872; x_wconf 83' lang='lat' dir='ltr'>homo</span> <span class='ocrx_word' id='word_1_33' title='bbox 1630 833 1742 874; x_wconf 84' lang='lat' dir='ltr'>eum</span> <span class='ocrx_word' id='word_1_34' title='bbox 1771 819 1916 873; x_wconf 77' lang='lat' dir='ltr'>tantis</span> <span class='ocrx_word' id='word_1_35' title='bbox 1953 820 2252 875; x_wconf 78' lang='lat' dir='ltr'>cruciatibus</span> <span class='ocrx_word' id='word_1_36' title='bbox 2279 823 2427 876; x_wconf 85' lang='lat' dir='ltr'>vitam</span> <span class='ocrx_word' id='word_1_37' title='bbox 2467 838 2605 878; x_wconf 87' lang='lat' dir='ltr'>suam</span> <span class='ocrx_word' id='word_1_38' title='bbox 2635 827 2759 880; x_wconf 79' lang='lat' dir='ltr'>tueri</span> 
     </span>
     <span class='ocr_line' id='line_1_5' title="bbox 304 901 2754 974; baseline 0.003 -19"><span class='ocrx_word' id='word_1_39' title='bbox 304 916 394 956; x_wconf 83' lang='lat' dir='ltr'>nee</span> <span class='ocrx_word' id='word_1_40' title='bbox 418 902 530 957; x_wconf 78' lang='lat' dir='ltr'>talis</span> <span class='ocrx_word' id='word_1_41' title='bbox 565 902 746 957; x_wconf 80' lang='lat' dir='ltr'>dicitur</span> <span class='ocrx_word' id='word_1_42' title='bbox 770 916 825 955; x_wconf 88' lang='lat' dir='ltr'>se</span> <span class='ocrx_word' id='word_1_43' title='bbox 861 901 1155 968; x_wconf 77' lang='lat' dir='ltr'>interficere,</span> <span class='ocrx_word' id='word_1_44' title='bbox 1181 905 1267 956; x_wconf 84' lang='lat' dir='ltr'>sed</span> <span class='ocrx_word' id='word_1_45' title='bbox 1308 910 1492 969; x_wconf 78' lang='lat' dir='ltr'>tantum</span> <span class='ocrx_word' id='word_1_46' title='bbox 1519 919 1579 956; x_wconf 83' lang='lat' dir='ltr'>ex</span> <span class='ocrx_word' id='word_1_47' title='bbox 1605 902 1734 957; x_wconf 79' lang='lat' dir='ltr'>iusta</span> <span class='ocrx_word' id='word_1_48' title='bbox 1764 919 1910 958; x_wconf 83' lang='lat' dir='ltr'>causa</span> <span class='ocrx_word' id='word_1_49' title='bbox 1952 904 2102 958; x_wconf 77' lang='lat' dir='ltr'>vitam</span> <span class='ocrx_word' id='word_1_50' title='bbox 2140 906 2284 959; x_wconf 77' lang='lat' dir='ltr'>morti</span> <span class='ocrx_word' id='word_1_51' title='bbox 2323 922 2588 974; x_wconf 81' lang='lat' dir='ltr'><strong>exponere.</strong></span> <span class='ocrx_word' id='word_1_52' title='bbox 2618 911 2754 964; x_wconf 86' lang='lat' dir='ltr'>Less.</span> 
     </span>
     <span class='ocr_line' id='line_1_6' title="bbox 303 986 1671 1057; baseline 0 -17"><span class='ocrx_word' id='word_1_53' title='bbox 303 992 354 1040; x_wconf 78' lang='lat' dir='ltr'>et</span> <span class='ocrx_word' id='word_1_54' title='bbox 377 987 486 1041; x_wconf 72' lang='lat' dir='ltr'>Fili.</span> <span class='ocrx_word' id='word_1_55' title='bbox 516 990 577 1041; x_wconf 88' lang='lat' dir='ltr'>V.</span> <span class='ocrx_word' id='word_1_56' title='bbox 603 987 728 1040; x_wconf 75' lang='lat' dir='ltr'>inira</span> <span class='ocrx_word' id='word_1_57' title='bbox 754 986 821 1041; x_wconf 85' lang='lat' dir='ltr'>de</span> <span class='ocrx_word' id='word_1_58' title='bbox 845 986 1154 1057; x_wconf 73' lang='lat' dir='ltr'><strong><em>Praeceptis</em></strong></span> <span class='ocrx_word' id='word_1_59' title='bbox 1173 988 1374 1056; x_wconf 78' lang='lat' dir='ltr'>partic.</span> <span class='ocrx_word' id='word_1_60' title='bbox 1402 1004 1444 1041; x_wconf 88' lang='lat' dir='ltr'>c.</span> <span class='ocrx_word' id='word_1_61' title='bbox 1472 991 1521 1042; x_wconf 88' lang='lat'>3.</span> <span class='ocrx_word' id='word_1_62' title='bbox 1547 990 1595 1041; x_wconf 89' lang='lat' dir='ltr'>d.</span> <span class='ocrx_word' id='word_1_63' title='bbox 1621 990 1671 1041; x_wconf 85' lang='lat'>7.</span> 
     </span>
    </p>
   </div>
   <div class='ocr_carea' id='block_1_4' title="bbox 280 1110 2761 3334">
    <p class='ocr_par' dir='ltr' id='par_1_4' title="bbox 295 1110 2761 2205">
     <span class='ocr_line' id='line_1_7' title="bbox 395 1110 2761 1203; baseline 0 -20"><span class='ocrx_word' id='word_1_64' title='bbox 395 1110 585 1183; x_wconf 83' lang='lat'>1102.</span> <span class='ocrx_word' id='word_1_65' title='bbox 635 1114 669 1152; x_wconf 89' lang='lat'><strong>*</strong></span> <span class='ocrx_word' id='word_1_66' title='bbox 695 1139 730 1171; x_wconf 83' lang='lat'>«</span> <span class='ocrx_word' id='word_1_67' title='bbox 755 1113 1067 1178; x_wconf 85' lang='lat' dir='ltr'>Infamare</span> <span class='ocrx_word' id='word_1_68' title='bbox 1098 1132 1162 1178; x_wconf 90' lang='lat' dir='ltr'>se</span> <span class='ocrx_word' id='word_1_69' title='bbox 1193 1114 1419 1197; x_wconf 87' lang='lat' dir='ltr'>ipsum,</span> <span class='ocrx_word' id='word_1_70' title='bbox 1451 1133 1561 1197; x_wconf 90' lang='lat' dir='ltr'>per</span> <span class='ocrx_word' id='word_1_71' title='bbox 1604 1134 1668 1179; x_wconf 89' lang='lat' dir='ltr'>se</span> <span class='ocrx_word' id='word_1_72' title='bbox 1713 1115 2042 1197; x_wconf 89' lang='lat' dir='ltr'>loquendo,</span> <span class='ocrx_word' id='word_1_73' title='bbox 2081 1116 2202 1180; x_wconf 87' lang='lat' dir='ltr'>nisi</span> <span class='ocrx_word' id='word_1_74' title='bbox 2234 1116 2398 1182; x_wconf 90' lang='lat' dir='ltr'>adsit</span> <span class='ocrx_word' id='word_1_75' title='bbox 2429 1119 2554 1182; x_wconf 87' lang='lat' dir='ltr'>alia</span> <span class='ocrx_word' id='word_1_76' title='bbox 2583 1140 2761 1203; x_wconf 89' lang='lat' dir='ltr'>pecu-</span> 
     </span>
     <span class='ocr_line' id='line_1_8' title="bbox 297 1215 2758 1307; baseline 0.004 -29"><span class='ocrx_word' id='word_1_77' title='bbox 297 1215 474 1281; x_wconf 85' lang='lat' dir='ltr'>liaris</span> <span class='ocrx_word' id='word_1_78' title='bbox 521 1216 1008 1295; x_wconf 62' lang='lat' dir='ltr'>circumstantia,</span> <span class='ocrx_word' id='word_1_79' title='bbox 1042 1235 1165 1281; x_wconf 92' lang='lat' dir='ltr'>non</span> <span class='ocrx_word' id='word_1_80' title='bbox 1212 1219 1309 1281; x_wconf 86' lang='lat' dir='ltr'>est</span> <span class='ocrx_word' id='word_1_81' title='bbox 1352 1218 1674 1300; x_wconf 84' lang='lat' dir='ltr'>peceatum</span> <span class='ocrx_word' id='word_1_82' title='bbox 1720 1219 1938 1283; x_wconf 78' lang='lat' dir='ltr'>contra</span> <span class='ocrx_word' id='word_1_83' title='bbox 1982 1218 2296 1283; x_wconf 86' lang='lat' dir='ltr'>iustitiam</span> <span class='ocrx_word' id='word_1_84' title='bbox 2340 1244 2404 1297; x_wconf 85' lang='lat'>»‚</span> <span class='ocrx_word' id='word_1_85' title='bbox 2443 1220 2536 1284; x_wconf 87' lang='lat' dir='ltr'>ait</span> <span class='ocrx_word' id='word_1_86' title='bbox 2579 1221 2758 1307; x_wconf 86' lang='lat' dir='ltr'>Lugo</span> 
     </span>
     <span class='ocr_line' id='line_1_9' title="bbox 298 1316 2757 1403; baseline 0.004 -24"><span class='ocrx_word' id='word_1_87' title='bbox 298 1316 343 1380; x_wconf 95' lang='grc'>1.</span> <span class='ocrx_word' id='word_1_88' title='bbox 377 1335 429 1380; x_wconf 91' lang='grc'>6.</span> <span class='ocrx_word' id='word_1_89' title='bbox 460 1336 520 1381; x_wconf 92' lang='grc'>11.</span> <span class='ocrx_word' id='word_1_90' title='bbox 554 1318 699 1381; x_wconf 82' lang='lat'>153.</span> <span class='ocrx_word' id='word_1_91' title='bbox 726 1318 834 1399; x_wconf 88' lang='lat' dir='ltr'>qui</span> <span class='ocrx_word' id='word_1_92' title='bbox 857 1318 1101 1382; x_wconf 80' lang='lat' dir='ltr'>subdit:</span> <span class='ocrx_word' id='word_1_93' title='bbox 1142 1342 1178 1377; x_wconf 81' lang='lat'><strong>«</strong></span> <span class='ocrx_word' id='word_1_94' title='bbox 1210 1318 1382 1383; x_wconf 89' lang='lat' dir='ltr'>Haec</span> <span class='ocrx_word' id='word_1_95' title='bbox 1412 1321 1509 1383; x_wconf 86' lang='lat' dir='ltr'>est</span> <span class='ocrx_word' id='word_1_96' title='bbox 1539 1318 1888 1384; x_wconf 88' lang='lat' dir='ltr'>communis</span> <span class='ocrx_word' id='word_1_97' title='bbox 1919 1321 1982 1384; x_wconf 90' lang='lat' dir='ltr'>et</span> <span class='ocrx_word' id='word_1_98' title='bbox 2019 1320 2358 1402; x_wconf 84' lang='lat' dir='ltr'>probatur;</span> <span class='ocrx_word' id='word_1_99' title='bbox 2393 1321 2542 1403; x_wconf 86' lang='lat' dir='ltr'>quia</span> <span class='ocrx_word' id='word_1_100' title='bbox 2573 1323 2757 1388; x_wconf 88' lang='lat' dir='ltr'>homo</span> 
     </span>
     <span class='ocr_line' id='line_1_10' title="bbox 298 1415 2759 1507; baseline 0.002 -23"><span class='ocrx_word' id='word_1_101' title='bbox 298 1422 396 1484; x_wconf 83' lang='lat' dir='ltr'>est</span> <span class='ocrx_word' id='word_1_102' title='bbox 431 1419 719 1485; x_wconf 85' lang='lat' dir='ltr'>dominus</span> <span class='ocrx_word' id='word_1_103' title='bbox 752 1439 898 1485; x_wconf 84' lang='lat' dir='ltr'>suae</span> <span class='ocrx_word' id='word_1_104' title='bbox 930 1420 1153 1498; x_wconf 83' lang='lat' dir='ltr'>famae,</span> <span class='ocrx_word' id='word_1_105' title='bbox 1194 1421 1358 1486; x_wconf 89' lang='lat' dir='ltr'>sicut</span> <span class='ocrx_word' id='word_1_106' title='bbox 1402 1415 1498 1486; x_wconf 84' lang='lat' dir='ltr'>est</span> <span class='ocrx_word' id='word_1_107' title='bbox 1543 1421 1832 1487; x_wconf 85' lang='lat' dir='ltr'>dominus</span> <span class='ocrx_word' id='word_1_108' title='bbox 1864 1441 2012 1486; x_wconf 86' lang='lat' dir='ltr'>suae</span> <span class='ocrx_word' id='word_1_109' title='bbox 2043 1423 2362 1505; x_wconf 87' lang='lat' dir='ltr'>pecuniae:</span> <span class='ocrx_word' id='word_1_110' title='bbox 2403 1442 2550 1507; x_wconf 86' lang='lat' dir='ltr'>ergo</span> <span class='ocrx_word' id='word_1_111' title='bbox 2597 1426 2759 1491; x_wconf 84' lang='lat' dir='ltr'>sicut</span> 
     </span>
     <span class='ocr_line' id='line_1_11' title="bbox 297 1524 2760 1610; baseline 0.003 -23"><span class='ocrx_word' id='word_1_112' title='bbox 297 1524 621 1610; x_wconf 78' lang='lat' dir='ltr'>prodigere</span> <span class='ocrx_word' id='word_1_113' title='bbox 687 1528 750 1590; x_wconf 91' lang='lat' dir='ltr'>et</span> <span class='ocrx_word' id='word_1_114' title='bbox 802 1524 1096 1608; x_wconf 87' lang='lat' dir='ltr'>proiicere</span> <span class='ocrx_word' id='word_1_115' title='bbox 1148 1544 1294 1590; x_wconf 87' lang='lat' dir='ltr'>suas</span> <span class='ocrx_word' id='word_1_116' title='bbox 1341 1525 1671 1590; x_wconf 67' lang='lat' dir='ltr'>facultates</span> <span class='ocrx_word' id='word_1_117' title='bbox 1718 1544 1841 1590; x_wconf 90' lang='lat' dir='ltr'>non</span> <span class='ocrx_word' id='word_1_118' title='bbox 1889 1527 1985 1589; x_wconf 88' lang='lat' dir='ltr'>est</span> <span class='ocrx_word' id='word_1_119' title='bbox 2029 1526 2245 1590; x_wconf 85' lang='lat' dir='ltr'>contra</span> <span class='ocrx_word' id='word_1_120' title='bbox 2290 1526 2622 1606; x_wconf 85' lang='lat' dir='ltr'>iustitiam,</span> <span class='ocrx_word' id='word_1_121' title='bbox 2671 1529 2760 1594; x_wconf 88' lang='grc'>616</span> 
     </span>
     <span class='ocr_line' id='line_1_12' title="bbox 298 1628 2760 1713; baseline 0.002 -21"><span class='ocrx_word' id='word_1_122' title='bbox 298 1646 495 1710; x_wconf 88' lang='lat' dir='ltr'>neque</span> <span class='ocrx_word' id='word_1_123' title='bbox 532 1629 653 1693; x_wconf 87' lang='lat' dir='ltr'>erit</span> <span class='ocrx_word' id='word_1_124' title='bbox 683 1629 899 1693; x_wconf 89' lang='lat' dir='ltr'>contra</span> <span class='ocrx_word' id='word_1_125' title='bbox 928 1628 1240 1693; x_wconf 87' lang='lat' dir='ltr'>iustitiam</span> <span class='ocrx_word' id='word_1_126' title='bbox 1287 1628 1581 1711; x_wconf 86' lang='lat' dir='ltr'>proiicere</span> <span class='ocrx_word' id='word_1_127' title='bbox 1619 1646 1798 1693; x_wconf 86' lang='lat' dir='ltr'>suam</span> <span class='ocrx_word' id='word_1_128' title='bbox 1844 1628 2078 1693; x_wconf 85' lang='lat' dir='ltr'>famam</span> <span class='ocrx_word' id='word_1_129' title='bbox 2126 1630 2255 1693; x_wconf 85' lang='lat' dir='ltr'>sive</span> <span class='ocrx_word' id='word_1_130' title='bbox 2301 1629 2363 1692; x_wconf 89' lang='lat' dir='ltr'>id</span> <span class='ocrx_word' id='word_1_131' title='bbox 2409 1630 2524 1694; x_wconf 86' lang='lat' dir='ltr'>fiat</span> <span class='ocrx_word' id='word_1_132' title='bbox 2562 1633 2760 1713; x_wconf 88' lang='lat' dir='ltr'>publi-</span> 
     </span>
     <span class='ocr_line' id='line_1_13' title="bbox 295 1730 2758 1815; baseline 0.002 -22"><span class='ocrx_word' id='word_1_133' title='bbox 295 1730 490 1795; x_wconf 87' lang='lat' dir='ltr'>cando</span> <span class='ocrx_word' id='word_1_134' title='bbox 536 1750 681 1796; x_wconf 84' lang='lat' dir='ltr'>vera</span> <span class='ocrx_word' id='word_1_135' title='bbox 729 1730 857 1795; x_wconf 86' lang='lat' dir='ltr'>sive</span> <span class='ocrx_word' id='word_1_136' title='bbox 903 1730 1061 1795; x_wconf 88' lang='lat' dir='ltr'>falsa</span> <span class='ocrx_word' id='word_1_137' title='bbox 1093 1731 1352 1795; x_wconf 88' lang='lat' dir='ltr'>crimina</span> <span class='ocrx_word' id='word_1_138' title='bbox 1398 1731 1472 1795; x_wconf 88' lang='lat' dir='ltr'>de</span> <span class='ocrx_word' id='word_1_139' title='bbox 1519 1750 1618 1808; x_wconf 79' lang='lat' dir='ltr'>se3</span> <span class='ocrx_word' id='word_1_140' title='bbox 1669 1731 1941 1795; x_wconf 84' lang='lat' dir='ltr'>eiusdem</span> <span class='ocrx_word' id='word_1_141' title='bbox 1987 1731 2151 1795; x_wconf 91' lang='lat' dir='ltr'>enim</span> <span class='ocrx_word' id='word_1_142' title='bbox 2186 1732 2262 1795; x_wconf 90' lang='lat' dir='ltr'>ad</span> <span class='ocrx_word' id='word_1_143' title='bbox 2296 1751 2359 1796; x_wconf 88' lang='grc'>66</span> <span class='ocrx_word' id='word_1_144' title='bbox 2390 1731 2598 1815; x_wconf 83' lang='lat' dir='ltr'>ipsum</span> <span class='ocrx_word' id='word_1_145' title='bbox 2634 1753 2758 1799; x_wconf 93' lang='lat' dir='ltr'>non</span> 
     </span>
     <span class='ocr_line' id='line_1_14' title="bbox 298 1833 2753 1916; baseline 0.002 -19"><span class='ocrx_word' id='word_1_146' title='bbox 298 1834 508 1916; x_wconf 87' lang='lat' dir='ltr'>potest</span> <span class='ocrx_word' id='word_1_147' title='bbox 560 1853 689 1898; x_wconf 90' lang='lat' dir='ltr'>esse</span> <span class='ocrx_word' id='word_1_148' title='bbox 735 1853 881 1898; x_wconf 83' lang='lat' dir='ltr'>vera</span> <span class='ocrx_word' id='word_1_149' title='bbox 941 1834 1187 1898; x_wconf 86' lang='lat' dir='ltr'>iustitia</span> <span class='ocrx_word' id='word_1_150' title='bbox 1235 1834 1335 1898; x_wconf 84' lang='lat' dir='ltr'>vel</span> <span class='ocrx_word' id='word_1_151' title='bbox 1379 1834 1689 1899; x_wconf 87' lang='lat' dir='ltr'>iniustitia</span> <span class='ocrx_word' id='word_1_152' title='bbox 1721 1858 1785 1898; x_wconf 62' lang='grc' dir='ltr'>ιι.</span> <span class='ocrx_word' id='word_1_153' title='bbox 1818 1833 2021 1913; x_wconf 78' lang='lat' dir='ltr'>Quare</span> <span class='ocrx_word' id='word_1_154' title='bbox 2069 1836 2131 1898; x_wconf 85' lang='lat' dir='ltr'>et</span> <span class='ocrx_word' id='word_1_155' title='bbox 2178 1853 2226 1899; x_wconf 90' lang='grc'>6.</span> <span class='ocrx_word' id='word_1_156' title='bbox 2261 1834 2533 1901; x_wconf 82' lang='lat' dir='ltr'><strong>Thomas</strong></span> <span class='ocrx_word' id='word_1_157' title='bbox 2582 1840 2642 1901; x_wconf 83' lang='lat'>2.</span> <span class='ocrx_word' id='word_1_158' title='bbox 2693 1840 2753 1902; x_wconf 81' lang='lat'>2.</span> 
     </span>
     <span class='ocr_line' id='line_1_15' title="bbox 296 1935 2759 2018; baseline 0.003 -21"><span class='ocrx_word' id='word_1_159' title='bbox 296 1953 359 2018; x_wconf 90' lang='lat' dir='ltr'>q.</span> <span class='ocrx_word' id='word_1_160' title='bbox 387 1936 490 2000; x_wconf 85' lang='lat'>73.</span> <span class='ocrx_word' id='word_1_161' title='bbox 532 1955 587 2001; x_wconf 88' lang='lat' dir='ltr'>a.</span> <span class='ocrx_word' id='word_1_162' title='bbox 628 1937 689 2000; x_wconf 89' lang='lat'>4.</span> <span class='ocrx_word' id='word_1_163' title='bbox 722 1935 983 2018; x_wconf 89' lang='lat' dir='ltr'>loquens</span> <span class='ocrx_word' id='word_1_164' title='bbox 1030 1936 1103 2000; x_wconf 89' lang='lat' dir='ltr'>de</span> <span class='ocrx_word' id='word_1_165' title='bbox 1134 1955 1226 2015; x_wconf 87' lang='lat' dir='ltr'>eo,</span> <span class='ocrx_word' id='word_1_166' title='bbox 1260 1936 1361 2000; x_wconf 90' lang='lat' dir='ltr'>cui</span> <span class='ocrx_word' id='word_1_167' title='bbox 1415 1936 1764 2001; x_wconf 87' lang='lat' dir='ltr'>detractum</span> <span class='ocrx_word' id='word_1_168' title='bbox 1797 1936 1900 2015; x_wconf 85' lang='lat' dir='ltr'>sit,</span> <span class='ocrx_word' id='word_1_169' title='bbox 1951 1937 2043 1999; x_wconf 89' lang='lat' dir='ltr'>ait</span> <span class='ocrx_word' id='word_1_170' title='bbox 2074 1937 2240 2017; x_wconf 89' lang='lat' dir='ltr'>qnod</span> <span class='ocrx_word' id='word_1_171' title='bbox 2295 1961 2329 1996; x_wconf 65' lang='grc' dir='ltr'><strong>α</strong></span> <span class='ocrx_word' id='word_1_172' title='bbox 2378 1939 2474 2002; x_wconf 84' lang='grc'><strong>6111</strong></span> <span class='ocrx_word' id='word_1_173' title='bbox 2514 1939 2759 2005; x_wconf 84' lang='lat' dir='ltr'>arbitrii</span> 
     </span>
     <span class='ocr_line' id='line_1_16' title="bbox 299 2037 2753 2122; baseline 0.002 -21"><span class='ocrx_word' id='word_1_174' title='bbox 299 2040 395 2101; x_wconf 89' lang='lat' dir='ltr'>est</span> <span class='ocrx_word' id='word_1_175' title='bbox 430 2038 873 2103; x_wconf 77' lang='lat' dir='ltr'>detrimentum</span> <span class='ocrx_word' id='word_1_176' title='bbox 905 2056 1054 2102; x_wconf 88' lang='lat' dir='ltr'>suae</span> <span class='ocrx_word' id='word_1_177' title='bbox 1101 2037 1303 2102; x_wconf 87' lang='lat' dir='ltr'>famae</span> <span class='ocrx_word' id='word_1_178' title='bbox 1334 2038 1468 2122; x_wconf 88' lang='lat' dir='ltr'>pati</span> <span class='ocrx_word' id='word_1_179' title='bbox 1499 2063 1560 2116; x_wconf 82' lang='lat'>»‚</span> <span class='ocrx_word' id='word_1_180' title='bbox 1602 2056 1951 2121; x_wconf 85' lang='lat' dir='ltr'>supponens</span> <span class='ocrx_word' id='word_1_181' title='bbox 1983 2038 2218 2103; x_wconf 85' lang='lat' dir='ltr'>scilicet</span> <span class='ocrx_word' id='word_1_182' title='bbox 2254 2059 2398 2104; x_wconf 89' lang='lat' dir='ltr'>eum</span> <span class='ocrx_word' id='word_1_183' title='bbox 2433 2039 2753 2107; x_wconf 90' lang='lat' dir='ltr'>dominum</span> 
     </span>
     <span class='ocr_line' id='line_1_17' title="bbox 297 2140 866 2205; baseline -0.002 0"><span class='ocrx_word' id='word_1_184' title='bbox 297 2157 429 2205; x_wconf 88' lang='lat' dir='ltr'>esse</span> <span class='ocrx_word' id='word_1_185' title='bbox 459 2158 607 2205; x_wconf 88' lang='lat' dir='ltr'>suae</span> <span class='ocrx_word' id='word_1_186' title='bbox 644 2140 866 2205; x_wconf 87' lang='lat' dir='ltr'>famae.</span> 
     </span>
    </p>

    <p class='ocr_par' dir='ltr' id='par_1_5' title="bbox 288 2242 2754 2735">
     <span class='ocr_line' id='line_1_18' title="bbox 382 2242 2754 2329; baseline 0.003 -22"><span class='ocrx_word' id='word_1_187' title='bbox 382 2242 536 2321; x_wconf 85' lang='lat' dir='ltr'>Im0,</span> <span class='ocrx_word' id='word_1_188' title='bbox 569 2244 775 2329; x_wconf 86' lang='lat' dir='ltr'>pergit</span> <span class='ocrx_word' id='word_1_189' title='bbox 804 2243 967 2309; x_wconf 89' lang='lat' dir='ltr'>idem</span> <span class='ocrx_word' id='word_1_190' title='bbox 1013 2242 1191 2329; x_wconf 84' lang='lat' dir='ltr'>Lugo</span> <span class='ocrx_word' id='word_1_191' title='bbox 1239 2264 1299 2307; x_wconf 90' lang='lat' dir='ltr'>n.</span> <span class='ocrx_word' id='word_1_192' title='bbox 1338 2244 1509 2323; x_wconf 67' lang='lat'>154„</span> <span class='ocrx_word' id='word_1_193' title='bbox 1542 2244 1850 2309; x_wconf 85' lang='lat' dir='ltr'>infamans</span> <span class='ocrx_word' id='word_1_194' title='bbox 1881 2264 1947 2309; x_wconf 89' lang='lat' dir='ltr'>se</span> <span class='ocrx_word' id='word_1_195' title='bbox 1994 2245 2124 2310; x_wconf 89' lang='lat' dir='ltr'>sine</span> <span class='ocrx_word' id='word_1_196' title='bbox 2169 2246 2529 2310; x_wconf 81' lang='lat' dir='ltr'>rationabili</span> <span class='ocrx_word' id='word_1_197' title='bbox 2566 2266 2754 2314; x_wconf 85' lang='grc'><strong>661166</strong></span> 
     </span>
     <span class='ocr_line' id='line_1_19' title="bbox 289 2345 2751 2431; baseline 0.002 -22"><span class='ocrx_word' id='word_1_198' title='bbox 289 2363 412 2409; x_wconf 85' lang='grc'><strong>11011</strong></span> <span class='ocrx_word' id='word_1_199' title='bbox 458 2348 670 2429; x_wconf 88' lang='lat' dir='ltr'>peccat</span> <span class='ocrx_word' id='word_1_200' title='bbox 701 2345 977 2431; x_wconf 83' lang='lat' dir='ltr'>graviter</span> <span class='ocrx_word' id='word_1_201' title='bbox 1006 2365 1114 2429; x_wconf 88' lang='lat' dir='ltr'>per</span> <span class='ocrx_word' id='word_1_202' title='bbox 1144 2363 1209 2410; x_wconf 90' lang='grc'>66</span> <span class='ocrx_word' id='word_1_203' title='bbox 1252 2345 1578 2427; x_wconf 90' lang='lat' dir='ltr'>loquendo,</span> <span class='ocrx_word' id='word_1_204' title='bbox 1614 2348 1830 2412; x_wconf 87' lang='lat' dir='ltr'>contra</span> <span class='ocrx_word' id='word_1_205' title='bbox 1854 2347 2208 2412; x_wconf 80' lang='lat' dir='ltr'>caritatem:</span> <span class='ocrx_word' id='word_1_206' title='bbox 2237 2367 2395 2430; x_wconf 89' lang='lat' dir='ltr'>quae</span> <span class='ocrx_word' id='word_1_207' title='bbox 2427 2350 2524 2413; x_wconf 85' lang='lat' dir='ltr'>est</span> <span class='ocrx_word' id='word_1_208' title='bbox 2559 2350 2751 2416; x_wconf 89' lang='lat' dir='ltr'>etiam</span> 
     </span>
     <span class='ocr_line' id='line_1_20' title="bbox 297 2447 2751 2535; baseline 0.003 -24"><span class='ocrx_word' id='word_1_209' title='bbox 297 2448 642 2513; x_wconf 90' lang='lat' dir='ltr'>communis</span> <span class='ocrx_word' id='word_1_210' title='bbox 672 2449 998 2513; x_wconf 84' lang='lat' dir='ltr'>sententia.</span> <span class='ocrx_word' id='word_1_211' title='bbox 1033 2447 1193 2527; x_wconf 83' lang='lat' dir='ltr'>Quia</span> <span class='ocrx_word' id='word_1_212' title='bbox 1224 2448 1471 2513; x_wconf 84' lang='lat' dir='ltr'>dilectio</span> <span class='ocrx_word' id='word_1_213' title='bbox 1504 2451 1603 2515; x_wconf 86' lang='lat' dir='ltr'>sui</span> <span class='ocrx_word' id='word_1_214' title='bbox 1627 2468 1748 2514; x_wconf 91' lang='lat' dir='ltr'>non</span> <span class='ocrx_word' id='word_1_215' title='bbox 1776 2450 2016 2534; x_wconf 86' lang='lat' dir='ltr'>obligat</span> <span class='ocrx_word' id='word_1_216' title='bbox 2040 2451 2117 2514; x_wconf 90' lang='lat' dir='ltr'>ad</span> <span class='ocrx_word' id='word_1_217' title='bbox 2142 2451 2304 2515; x_wconf 90' lang='lat' dir='ltr'>bona</span> <span class='ocrx_word' id='word_1_218' title='bbox 2335 2453 2586 2516; x_wconf 86' lang='lat' dir='ltr'>externa</span> <span class='ocrx_word' id='word_1_219' title='bbox 2609 2473 2751 2535; x_wconf 90' lang='lat' dir='ltr'>pro—</span> 
     </span>
     <span class='ocr_line' id='line_1_21' title="bbox 298 2550 2748 2628; baseline 0.003 -13"><span class='ocrx_word' id='word_1_220' title='bbox 298 2551 568 2616; x_wconf 87' lang='lat' dir='ltr'>curanda</span> <span class='ocrx_word' id='word_1_221' title='bbox 601 2552 700 2617; x_wconf 83' lang='lat' dir='ltr'>vel</span> <span class='ocrx_word' id='word_1_222' title='bbox 735 2550 1074 2628; x_wconf 79' lang='lat' dir='ltr'>retinenda,</span> <span class='ocrx_word' id='word_1_223' title='bbox 1122 2551 1243 2617; x_wconf 86' lang='lat' dir='ltr'>nisi</span> <span class='ocrx_word' id='word_1_224' title='bbox 1290 2550 1416 2616; x_wconf 86' lang='lat' dir='ltr'>sint</span> <span class='ocrx_word' id='word_1_225' title='bbox 1461 2552 1804 2619; x_wconf 86' lang='lat' dir='ltr'>necessaria</span> <span class='ocrx_word' id='word_1_226' title='bbox 1850 2553 1928 2618; x_wconf 89' lang='lat' dir='ltr'>ad</span> <span class='ocrx_word' id='word_1_227' title='bbox 1972 2553 2242 2620; x_wconf 86' lang='lat' dir='ltr'>salutem</span> <span class='ocrx_word' id='word_1_228' title='bbox 2287 2556 2604 2620; x_wconf 84' lang='lat' dir='ltr'>aeternam</span> <span class='ocrx_word' id='word_1_229' title='bbox 2650 2559 2748 2622; x_wconf 84' lang='lat' dir='ltr'>vel</span> 
     </span>
     <span class='ocr_line' id='line_1_22' title="bbox 288 2653 687 2735; baseline 0.003 -19"><span class='ocrx_word' id='word_1_230' title='bbox 288 2653 687 2735; x_wconf 84' lang='lat' dir='ltr'>corporalem.</span> 
     </span>
    </p>

    <p class='ocr_par' dir='ltr' id='par_1_6' title="bbox 293 2754 2746 3031">
     <span class='ocr_line' id='line_1_23' title="bbox 378 2754 2741 2845; baseline 0.004 -27"><span class='ocrx_word' id='word_1_231' title='bbox 378 2756 497 2819; x_wconf 91' lang='lat' dir='ltr'>Per</span> <span class='ocrx_word' id='word_1_232' title='bbox 531 2754 806 2820; x_wconf 85' lang='lat' dir='ltr'>accidens</span> <span class='ocrx_word' id='word_1_233' title='bbox 843 2756 909 2820; x_wconf 90' lang='lat' dir='ltr'>in</span> <span class='ocrx_word' id='word_1_234' title='bbox 943 2756 1351 2821; x_wconf 87' lang='lat' dir='ltr'>infamatione</span> <span class='ocrx_word' id='word_1_235' title='bbox 1397 2756 1495 2821; x_wconf 84' lang='lat' dir='ltr'>sui</span> <span class='ocrx_word' id='word_1_236' title='bbox 1526 2761 1732 2840; x_wconf 87' lang='lat' dir='ltr'>potest</span> <span class='ocrx_word' id='word_1_237' title='bbox 1762 2779 1952 2844; x_wconf 80' lang='lat' dir='ltr'>grave</span> <span class='ocrx_word' id='word_1_238' title='bbox 1987 2760 2355 2825; x_wconf 85' lang='lat' dir='ltr'>intervenire</span> <span class='ocrx_word' id='word_1_239' title='bbox 2401 2764 2741 2845; x_wconf 87' lang='lat' dir='ltr'>peccatum.</span> 
     </span>
     <span class='ocr_line' id='line_1_24' title="bbox 293 2856 2746 2942; baseline 0.004 -21"><span class='ocrx_word' id='word_1_240' title='bbox 293 2856 517 2921; x_wconf 90' lang='lat' dir='ltr'>Omnia</span> <span class='ocrx_word' id='word_1_241' title='bbox 563 2860 933 2923; x_wconf 83' lang='lat' dir='ltr'>revocantur</span> <span class='ocrx_word' id='word_1_242' title='bbox 980 2858 1057 2921; x_wconf 88' lang='lat' dir='ltr'>ad</span> <span class='ocrx_word' id='word_1_243' title='bbox 1103 2877 1208 2924; x_wconf 88' lang='lat' dir='ltr'>eos</span> <span class='ocrx_word' id='word_1_244' title='bbox 1254 2877 1455 2938; x_wconf 80' lang='lat' dir='ltr'>casua,</span> <span class='ocrx_word' id='word_1_245' title='bbox 1504 2879 1660 2942; x_wconf 85' lang='lat' dir='ltr'>quos</span> <span class='ocrx_word' id='word_1_246' title='bbox 1691 2864 2013 2927; x_wconf 88' lang='lat' dir='ltr'>enumerat</span> <span class='ocrx_word' id='word_1_247' title='bbox 2058 2863 2132 2927; x_wconf 84' lang='lat' dir='ltr'>A.</span> <span class='ocrx_word' id='word_1_248' title='bbox 2188 2862 2328 2927; x_wconf 75' lang='lat' dir='ltr'>dixi</span> <span class='ocrx_word' id='word_1_249' title='bbox 2372 2866 2486 2929; x_wconf 89' lang='lat' dir='ltr'>etc.</span> <span class='ocrx_word' id='word_1_250' title='bbox 2523 2867 2613 2930; x_wconf 92' lang='lat' dir='ltr'>De</span> <span class='ocrx_word' id='word_1_251' title='bbox 2661 2867 2746 2931; x_wconf 91' lang='lat' dir='ltr'>al-</span> 
     </span>
     <span class='ocr_line' id='line_1_25' title="bbox 294 2960 2060 3031; baseline 0.003 -7"><span class='ocrx_word' id='word_1_252' title='bbox 294 2960 431 3025; x_wconf 89' lang='lat' dir='ltr'>tero</span> <span class='ocrx_word' id='word_1_253' title='bbox 478 2961 540 3025; x_wconf 89' lang='lat' dir='ltr'>in</span> <span class='ocrx_word' id='word_1_254' title='bbox 590 2961 795 3026; x_wconf 86' lang='lat' dir='ltr'>Resol.</span> <span class='ocrx_word' id='word_1_255' title='bbox 830 2960 1056 3025; x_wconf 87' lang='lat' dir='ltr'>redibit</span> <span class='ocrx_word' id='word_1_256' title='bbox 1087 2979 1286 3027; x_wconf 89' lang='lat' dir='ltr'>sermo</span> <span class='ocrx_word' id='word_1_257' title='bbox 1332 2962 1397 3025; x_wconf 89' lang='lat' dir='ltr'>in</span> <span class='ocrx_word' id='word_1_258' title='bbox 1429 2961 1536 3026; x_wconf 87' lang='lat' dir='ltr'>cit.</span> <span class='ocrx_word' id='word_1_259' title='bbox 1567 2963 1774 3027; x_wconf 90' lang='lat' dir='ltr'>Dubio</span> <span class='ocrx_word' id='word_1_260' title='bbox 1807 2964 1879 3029; x_wconf 91' lang='lat' dir='ltr'>de</span> <span class='ocrx_word' id='word_1_261' title='bbox 1911 2966 2060 3031; x_wconf 78' lang='lat' dir='ltr'>Reo,</span> 
     </span>
    </p>

    <p class='ocr_par' dir='ltr' id='par_1_7' title="bbox 280 3060 2746 3334">
     <span class='ocr_line' id='line_1_26' title="bbox 378 3060 2746 3147; baseline 0.004 -21"><span class='ocrx_word' id='word_1_262' title='bbox 378 3060 549 3141; x_wconf 84' lang='lat' dir='ltr'>Quae</span> <span class='ocrx_word' id='word_1_263' title='bbox 572 3063 648 3128; x_wconf 84' lang='lat' dir='ltr'>A.</span> <span class='ocrx_word' id='word_1_264' title='bbox 684 3063 888 3128; x_wconf 90' lang='lat' dir='ltr'>Dubio</span> <span class='ocrx_word' id='word_1_265' title='bbox 913 3081 1039 3145; x_wconf 89' lang='lat' dir='ltr'>seq.</span> <span class='ocrx_word' id='word_1_266' title='bbox 1059 3064 1295 3129; x_wconf 87' lang='lat' dir='ltr'>tractat</span> <span class='ocrx_word' id='word_1_267' title='bbox 1318 3064 1391 3128; x_wconf 89' lang='lat' dir='ltr'>de</span> <span class='ocrx_word' id='word_1_268' title='bbox 1423 3064 1847 3130; x_wconf 84' lang='lat' dir='ltr'>Restitutione</span> <span class='ocrx_word' id='word_1_269' title='bbox 1869 3067 2091 3147; x_wconf 88' lang='lat' dir='ltr'>famae,</span> <span class='ocrx_word' id='word_1_270' title='bbox 2111 3069 2493 3135; x_wconf 84' lang='lat' dir='ltr'>commodius</span> <span class='ocrx_word' id='word_1_271' title='bbox 2519 3072 2746 3135; x_wconf 88' lang='lat' dir='ltr'>tracta-</span> 
     </span>
     <span class='ocr_line' id='line_1_27' title="bbox 282 3162 2744 3257; baseline 0.004 -31"><span class='ocrx_word' id='word_1_272' title='bbox 282 3162 519 3230; x_wconf 89' lang='lat' dir='ltr'>buntur</span> <span class='ocrx_word' id='word_1_273' title='bbox 550 3165 612 3230; x_wconf 89' lang='lat' dir='ltr'>in</span> <span class='ocrx_word' id='word_1_274' title='bbox 644 3167 725 3230; x_wconf 88' lang='lat' dir='ltr'>tr.</span> <span class='ocrx_word' id='word_1_275' title='bbox 760 3165 835 3230; x_wconf 82' lang='lat' dir='ltr'>de</span> <span class='ocrx_word' id='word_1_276' title='bbox 865 3165 1018 3231; x_wconf 77' lang='lat' dir='ltr'>Iure</span> <span class='ocrx_word' id='word_1_277' title='bbox 1065 3170 1126 3229; x_wconf 78' lang='lat' dir='ltr'>et</span> <span class='ocrx_word' id='word_1_278' title='bbox 1168 3166 1449 3246; x_wconf 80' lang='lat' dir='ltr'>Iustitia,</span> <span class='ocrx_word' id='word_1_279' title='bbox 1483 3168 1592 3232; x_wconf 91' lang='lat' dir='ltr'>ubi</span> <span class='ocrx_word' id='word_1_280' title='bbox 1638 3166 1713 3230; x_wconf 83' lang='lat' dir='ltr'>de</span> <span class='ocrx_word' id='word_1_281' title='bbox 1759 3166 2240 3238; x_wconf 73' lang='lat' dir='ltr'>Restitutione...</span> <span class='ocrx_word' id='word_1_282' title='bbox 2275 3173 2428 3237; x_wconf 87' lang='lat' dir='ltr'>Heio</span> <span class='ocrx_word' id='word_1_283' title='bbox 2465 3191 2610 3257; x_wconf 86' lang='lat' dir='ltr'>ergo</span> <span class='ocrx_word' id='word_1_284' title='bbox 2658 3174 2744 3238; x_wconf 87' lang='lat' dir='ltr'>sit</span> 
     </span>
     <span class='ocr_line' id='line_1_28' title="bbox 280 3264 1143 3334; baseline 0.006 -7"><span class='ocrx_word' id='word_1_285' title='bbox 280 3264 423 3331; x_wconf 86' lang='lat' dir='ltr'>finis</span> <span class='ocrx_word' id='word_1_286' title='bbox 455 3269 641 3333; x_wconf 86' lang='lat' dir='ltr'>huius</span> <span class='ocrx_word' id='word_1_287' title='bbox 667 3269 1082 3334; x_wconf 80' lang='lat' dir='ltr'>tractationis,</span> <span class='ocrx_word' id='word_1_288' title='bbox 1108 3269 1143 3307; x_wconf 84' lang='lat'>&#39;¹‘</span> 
     </span>
    </p>
   </div>
  </div>
 </body>
</html>
