3497 5147
367 358 549 434 [1067]
793 371 945 419 Qun>
983 372 1076 414 sn·
1114 376 1191 414 m·
1229 374 1403 422 QUAM
1440 374 1651 416 onam
1689 374 2013 417 Paeonum
2052 375 2400 419 nrm-naono
2725 365 2828 420 791

457 468 633 533 Licet
685 468 748 532 in
805 468 991 535 dubio
1039 489 1161 535 non
1211 471 1542 536 debeamus
1596 471 1660 536 in
1709 473 2075 538 deteriorem
2125 475 2366 556 partem
2414 474 2832 559 interpretari,

368 571 611 655 expedit
656 572 866 635 tamen
912 571 1226 637 interdum
1263 573 1355 637 ita.
1401 574 1799 657 interpretari
1844 594 1951 658 per
1997 575 2310 658 quandam
2345 578 2835 660 suppositionem

369 673 606 738 scilicet
651 673 742 737 ita
790 692 901 737 nos
934 694 1145 758 gerere
1176 675 1241 739 in
1274 676 1691 758 praecavendo
1739 679 1907 742 malo
1940 681 2004 743 et
2039 679 2104 742 in
2151 678 2498 744 adhibendo
2545 680 2836 758 remedi0,

371 795 443 840 ac
489 776 543 839 si
566 777 883 858 proximus
917 778 1080 841 esset
1110 777 1380 860 iniquus.
1421 779 1522 844 Ita
1554 800 1603 844 s.
1639 780 1916 846 Thomas
1952 801 2007 845 a.
2052 781 2156 845 cit.
2208 780 2284 845 ad
2338 782 2419 845 3⁸²
2468 807 2503 840 ⁴<
2541 780 2697 846 Cum
2746 782 2844 847 de-

370 879 586 942 bemus
621 878 935 960 aliquibus
988 880 1173 944 malis
1235 880 1523 946 adhibere
1569 882 1912 948 remedium
1961 882 2092 948 sive
2148 883 2379 949 nostris
2426 883 2556 948 sive
2602 884 2839 962 alienis,

370 980 616 1063 expedit
647 979 723 1044 ad
770 981 887 1046 hoc
924 984 998 1046 ut
1043 983 1383 1047 remedium
1416 986 1691 1050 securius
1724 988 2096 1069 apponatur,
2140 986 2306 1068 quod
2339 989 2729 1071 supponatur
2757 986 2842 1064 id,

371 1082 537 1165 quod
585 1083 681 1147 est
728 1083 1034 1160 deterius;
1100 1085 1248 1167 quia
1306 1087 1667 1164 remedium,
1719 1088 1886 1170 quod
1958 1091 2054 1153 est
2100 1089 2317 1152 efficax
2375 1088 2593 1153 contra
2637 1089 2842 1153 maius

372 1184 630 1263 malum,
688 1186 891 1251 multo
939 1187 1141 1272 magis
1198 1189 1294 1252 est
1340 1189 1555 1254 efficax
1615 1192 1839 1254 contra
1883 1189 2090 1254 minus
2146 1215 2211 1253 ».
2270 1189 2628 1273 Suppositio
2691 1190 2843 1254 haec

373 1287 528 1454 {131ss
574 1289 752 1370 ponit
796 1289 859 1353 in
904 1309 970 1355 re
1018 1292 1129 1354 aut
1176 1291 1471 1368 affirmat,
1506 1293 1612 1357 sed
1650 1294 1855 1357 solum
1903 1293 2192 1358 conducit
2226 1294 2302 1357 ad
2340 1292 2660 1357 meliorem
2701 1313 2844 1357 cau-

463 1409 585 1454 am.

483 1537 567 1588 Vl.
595 1537 832 1602 Quaeres,
860 1537 1119 1603 Quomodo
1160 1537 1367 1591 discerni
1403 1538 1556 1605 possit
1596 1538 1821 1605 suspicio
1853 1554 1879 1590 a
1919 1537 2099 1591 iudicio
2140 1541 2297 1601 firmo,
2324 1538 2519 1603 quando
2545 1536 2754 1590 formido
2779 1538 2841 1590 de

374 1618 603 1687 opposito
640 1635 872 1687 expresse
910 1636 1005 1674 non
1043 1628 1119 1675 est
1156 1622 1428 1676 coniuncta.

482 1707 631 1771 Resp.
649 1705 915 1761 Caietanus
939 1714 1104 1760 censet
1130 1721 1241 1760 eum
1266 1706 1497 1770 iudicare,
1527 1707 1610 1773 qui
1645 1714 1862 1771 rogatus,
1882 1723 1941 1761 an
1973 1710 2150 1762 habeat
2170 1723 2273 1761 rem
2303 1723 2392 1774 pro
2419 1713 2552 1760 certo
2575 1707 2842 1773 respondet

376 1788 471 1842 sibi
502 1796 684 1843 certam
712 1796 794 1844 aut
821 1794 921 1845 lere
946 1798 1127 1845 certam
1154 1791 1335 1845 videri:
1365 1806 1477 1845 eum
1504 1805 1628 1845 vero
1653 1792 1914 1860 suspicari,
1938 1792 2022 1859 qui
2051 1795 2320 1860 respondet
2345 1806 2399 1846 se
2423 1806 2521 1846 non
2547 1806 2656 1845 esse
2687 1806 2846 1845 mora·

376 1873 488 1928 liter
524 1881 727 1937 certum,
755 1877 841 1929 sed
880 1875 1020 1929 facile
1057 1891 1202 1943 posse
1241 1876 1357 1930 falli.
1384 1879 1447 1929 V.
1477 1879 1598 1930 Bon.
1626 1876 1692 1931 de
1718 1879 1858 1932 Reae.
1893 1880 1940 1931 d.
1975 1881 2024 1931 2.
2054 1894 2102 1944 q.
2128 1879 2178 1932 7.
2215 1893 2262 1944 p.
2293 1881 2340 1931 l.

470 1979 674 2054 1066.
708 1984 911 2050 Locus
943 1985 1294 2067 quaestioni
1341 1986 1456 2062 est,
1491 2005 1633 2051 cum
1680 1986 1820 2068 quis
1873 1986 2109 2069 aliquid
2156 1987 2229 2051 de
2276 1987 2400 2052 alio
2430 1986 2689 2061 iudicat,
2721 2003 2847 2049 non

376 2106 655 2169 expresse
701 2088 777 2150 ut
820 2086 1139 2170 probabile
1178 2090 1292 2152 aut
1314 2091 1390 2153 ut
1421 2089 1659 2152 certum
1696 2089 1761 2152 et
1792 2089 2123 2153 dubitatur
2173 2109 2252 2152 an
2299 2088 2589 2172 opinatus
2636 2085 2722 2150 sit
2751 2084 2853 2149 vel

378 2190 731 2272 suspicatus
778 2190 1235 2264 tantummodo,
1286 2190 1566 2254 iudicans
1597 2210 1729 2255 rem
1762 2208 1895 2254 esse
1927 2190 2313 2272 probabilem
2345 2209 2424 2254 an
2462 2188 2849 2253 definitivam

378 2291 747 2356 sententiam
801 2291 874 2356 de
920 2311 986 2356 re
1017 2292 1155 2375 ipsa
1195 2292 1358 2376 apud
1392 2312 1457 2358 se
1486 2293 1726 2357 tulerit.
1784 2293 1978 2357 Porro
2037 2295 2259 2378 regula
2290 2292 2564 2375 practica
2596 2309 2633 2354 a
2670 2288 2849 2353 Caie-

379 2394 528 2458 tano
575 2393 641 2457 in
671 2413 731 2475 q.
773 2394 878 2459 60.
908 2413 964 2458 a.
999 2395 1061 2457 3.
1096 2394 1351 2473 tradita,
1388 2395 1557 2459 clara
1587 2396 1685 2459 est
1716 2396 1782 2459 et
1810 2395 2006 2468 utilis,
2025 2414 2155 2459 esse
2185 2395 2413 2478 potest.

1457 2594 1620 2658 Dua.
1650 2595 1732 2658 II.

852 2734 1021 2816 Quid
1054 2737 1141 2799 sit
1175 2740 1236 2799 ct
1268 2756 1457 2817 quam
1488 2756 1678 2817 yrave
1704 2741 2033 2816 peccalum
2067 2736 2386 2800 detractio,

489 2907 595 2958 Vll.
634 2907 785 2971 Resp.
825 2905 1075 2958 Detractio
1113 2911 1188 2957 est
1239 2903 1425 2957 alienae
1465 2907 1620 2957 lamae
1672 2902 1850 2956 iniusta
1905 2903 2109 2957 violatio
2148 2904 2230 2958 vcl
2267 2903 2555 2969 denigratio.
2597 2904 2767 2958 Dill'crt
2816 2920 2844 2957 a

380 2990 692 3051 contumelia,
717 3004 843 3056 quae
869 2996 943 3043 est
980 2989 1160 3043 iniusta
1200 2989 1401 3043 honoris
1441 2988 1713 3051 diminuti0,
1753 2991 1791 3041 l.
1823 2988 2044 3054 obiectu;
2075 2989 2187 3054 quia
2226 2988 2519 3043 contumelia
2560 2993 2735 3049 honor,
2761 2991 2845 3042 de·

381 3073 619 3127 tractione
646 3082 807 3127 autem
848 3077 972 3127 lama
1014 3072 1239 3137 laeditur,
1268 3088 1392 3138 quae
1431 3079 1505 3125 est
1543 3071 1709 3140 opinio
1748 3088 1835 3125 seu
1876 3071 2174 3125 existimatio
2203 3073 2263 3124 de
2305 3072 2506 3125 alterius
2531 3072 2844 3126 excellentia:

380 3162 539 3212 bonor
578 3166 740 3213 autem
768 3165 842 3212 est
869 3157 1147 3212 testificatio
1187 3157 1374 3210 alienae
1402 3156 1719 3211 excellentiae
1746 3156 1909 3209 animo
1936 3163 2217 3223 conceptae.
2246 3159 2296 3207 2.
2327 3154 2498 3208 Differt
2533 3158 2707 3221 modo;
2733 3155 2846 3221 quia

378 3244 671 3298 contumelia
694 3243 850 3297 instar
874 3242 1076 3308 rapinae
1102 3245 1155 3294 flt
1182 3249 1345 3307 aperte
1370 3249 1540 3294 contra
1570 3248 1902 3307 praesentem:
1929 3240 2169 3293 detractio
2198 3247 2251 3291 ut
2280 3238 2535 3304 plurimum
2561 3239 2713 3293 instar
2732 3239 2850 3293 turti

382 3334 574 3384 occulte
611 3339 662 3384 et
698 3336 867 3384 contra
908 3331 1175 3382 absentem.
1204 3328 1362 3392 Unde,
1400 3326 1513 3380 licet
1549 3326 1844 3380 contumelia
1883 3325 2188 3379 detractione
2224 3323 2429 3387 gravior
2466 3324 2547 3386 sit,
2573 3331 2648 3378 est
2687 3331 2849 3379 tamen

381 3413 615 3467 detractio
655 3420 906 3479 peccatum
947 3412 1150 3465 mortale
1190 3425 1251 3463 ex
1287 3426 1465 3474 genere
1503 3425 1624 3464 suot
1653 3411 1746 3464 etsi
1786 3426 1846 3464 ex
1887 3410 2130 3477 parvitate
2171 3410 2404 3463 materiae
2443 3417 2528 3463 aut
2551 3410 2848 3463 indelibera-

382 3495 513 3549 tione
540 3496 644 3551 fleri
670 3496 828 3564 possit
854 3494 1060 3548 veniale.
1094 3494 1235 3547 Ratio
1258 3502 1347 3555 cst,
1376 3495 1488 3560 quia
1527 3502 1600 3548 est
1626 3495 1828 3558 gravius
1855 3498 2006 3558 turm,
2031 3496 2161 3559 quod
2191 3500 2265 3547 est
2293 3496 2518 3557 mortale,
2545 3508 2654 3547 cum
2688 3497 2847 3548 laedat

384 3578 594 3644 proximi
634 3583 824 3643 tamam,
851 3593 975 3642 quae
1014 3585 1088 3630 cst
1129 3576 1285 3630 maius
1324 3580 1522 3640 bonurn,
1552 3593 1693 3642 quam
1735 3592 1873 3643 opes

499 3665 747 3717 Detractis)
786 3664 879 3717 alia
913 3672 988 3717 est
1025 3664 1210 3721 directa
1244 3671 1292 3717 et
1332 3664 1564 3725 formalis,
1599 3678 1724 3728 quae
1765 3665 1811 3715 til
1844 3677 1904 3715 ex
1943 3662 2210 3716 intentione
2252 3667 2423 3716 lamam
2471 3661 2722 3726 laedendi;
2751 3662 2845 3714 alia

384 3747 618 3802 indirecta
657 3755 705 3801 et
745 3748 1010 3802 materialis
1045 3756 1248 3811 tantum,
1274 3763 1399 3815 quae
1439 3751 1493 3801 nt
1523 3763 1583 3801 ex
1624 3747 1824 3801 levitate
1862 3754 1911 3800 et
1951 3746 2242 3813 loquacitate
2279 3746 2457 3812 aliqua.

481 3852 684 3926 1067.
720 3856 754 3896 *
780 3856 1134 3942 Distinguit
1180 3857 1253 3921 A.
1305 3855 1751 3921 detractionem
1810 3876 1845 3920 a
1901 3856 2311 3922 contumelia:
2355 3855 2428 3919 de
2476 3856 2593 3920 hac
2638 3856 2849 3920 tamen

385 3960 542 4025 nihil
590 3960 858 4043 amplius
918 3961 1240 4044 disputat3
1291 3961 1439 4043 quia
1500 3960 1573 4024 de
1622 3980 1693 4024 ea
1740 3962 1990 4025 locutus
2048 3961 2142 4024 est
2201 3961 2263 4023 in
2311 3961 2388 4024 tr.
2438 3960 2512 4023 de
2559 3958 2850 4023 Peccatis

385 4064 529 4128 dub.
565 4062 674 4126 VI.
709 4063 825 4127 sub
856 4063 978 4127 Ira.
1006 4063 1314 4143 Quoniam
1363 4063 1767 4128 detractionis
1803 4063 2112 4127 obiectum
2160 4065 2256 4126 est
2301 4060 2492 4141 fama,
2535 4063 2850 4126 contume-

384 4166 505 4230 liae
537 4164 750 4241 honor,
787 4164 859 4229 de
891 4165 988 4229 his
1022 4166 1293 4248 primum
1327 4167 1423 4230 est
1456 4165 1692 4247 aliquid
1731 4165 2077 4229 dicendum.

476 4269 673 4333 Fama
712 4268 1077 4353 generatim,
1115 4270 1302 4350 prout
1354 4269 1583 4333 bonam
1630 4270 1727 4332 vel
1776 4268 2011 4331 malam
2059 4267 2513 4351 complectitur,
2561 4265 2854 4330 definitur

386 4372 722 4436 multorum
773 4371 1151 4435 existimatio
1197 4370 1271 4433 de
1318 4373 1448 4434 vita
1493 4375 1553 4433 et
1584 4371 1858 4434 moribus
1889 4374 1949 4433 et
1977 4370 2390 4451 qualitatibus
2425 4369 2728 4445 alteria-Q·
2766 4369 2854 4432 di-

388 4477 555 4542 citur
602 4476 971 4553 multorum;
1019 4475 1167 4558 quia
1212 4474 1381 4538 fama
1428 4494 1535 4557 per
1566 4494 1628 4539 se
1661 4477 1757 4539 est
1789 4473 2022 4557 aliquid
2070 4474 2384 4559 publicum
2433 4476 2495 4538 et
2526 4473 2752 4539 sociale
2790 4475 2854 4538 et

390 4578 537 4645 licet
574 4581 946 4663 frequenter,
987 4598 1097 4662 pro
1131 4578 1396 4663 singulis
1435 4577 1507 4642 de
1539 4577 1713 4661 plebe
1738 4578 1835 4641 vel
1868 4577 2132 4661 popello,
2165 4577 2333 4641 intra
2367 4577 2673 4642 ambitum
2707 4596 2854 4659 pau·
