3497 5147
346 381 483 457 [2581
933 395 1016 434 11111
1054 392 1372 435 sCANDAno
1407 393 1793 447 PHAROEAICO,
1830 393 2223 436 1>U81LLORUM
2694 385 2801 439 189

346 493 708 558 auctoritate
741 492 1024 556 aliorum.
1060 489 1177 556 Sed
1208 491 1363 555 satis
1395 509 1525 555 esse
1562 492 1769 573 potest
1800 490 1963 571 quod
2002 492 2142 573 quis
2179 511 2250 556 ex
2283 492 2609 559 devotione
2641 496 2795 560 velit

345 597 716 660 sacramenta
747 595 1055 678 suscipere
1093 595 1172 658 ob
1205 593 1454 675 aliquod
1479 593 1729 658 festum.
1765 594 2065 657 Rationes
2096 595 2349 660 eaedem
2382 597 2531 660 sunt
2562 617 2633 661 ac
2656 618 2795 681 sup.

342 697 558 761 allatae
586 718 648 761 n.
683 698 856 774 210„
892 697 1038 778 quia
1071 695 1306 760 scilicet
1350 696 1712 760 scandalum
1743 696 1840 759 est
1874 697 2086 761 totum
2118 716 2190 761 ex
2226 698 2476 764 malitia
2514 700 2793 777 alteriue,

341 800 438 882 qui
481 800 762 881 quolibet
807 799 1123 863 momento
1154 799 1379 881 potest,
1414 798 1468 862 si
1499 799 1656 874 vult,
1692 816 1800 862 cor
1830 817 1866 862 a
1901 799 2155 881 peccato
2204 801 2480 866 avertere
2511 803 2575 866 et
2611 803 2795 887 digne

344 921 535 987 agere.

441 1054 595 1107 LXV.
624 1055 769 1119 Resp.
798 1056 847 1105 3.
877 1055 1035 1106 Debet
1062 1052 1288 1118 permitti,
1314 1052 1356 1104 si
1382 1051 1562 1117 alioqui
1602 1051 1803 1118 propria
1847 1054 1981 1105 salus
2010 1052 2367 1116 periclitaretur
2397 1057 2474 1107 vel
2502 1054 2629 1119 61116,
2656 1070 2795 1121 prae·

341 1137 496 1190 sertim
525 1136 875 1202 communitati‚
888 1152 1037 1201 grave
1056 1139 1281 1190 damnum
1302 1136 1740 1190 immineret.Unde
1763 1139 1888 1189 bona
1913 1137 2184 1203 spiritualia
2209 1138 2482 1192 necessaria
2504 1142 2565 1192 ad
2589 1142 2797 1195 salutem

340 1235 421 1275 nec
443 1223 590 1275 debet
615 1237 703 1274 nec
729 1229 891 1289 potest
916 1221 1169 1287 quisquam
1196 1220 1443 1275 dimittere
1467 1224 1532 1274 ob
1557 1219 1845 1286 cuiusquam
1875 1223 2175 1276 scandalum.
2206 1222 2313 1276 Fill.
2347 1226 2433 1276 28.
2461 1239 2503 1278 6.
2532 1226 2579 1277 6.

420 1332 720 1399 Doctrina
753 1333 849 1396 est
879 1331 1066 1395 clara.

439 1487 615 1539 LXVI.
640 1487 788 1552 Resp.
811 1486 859 1539 4.
881 1487 1012 1539 Bona
1040 1484 1308 1552 spiritualia
1335 1483 1407 1556 (et
1426 1487 1693 1539 secundum
1713 1487 1869 1539 Lorca
1895 1489 2023 1553 apud
2044 1487 2185 1541 Dian.
2212 1503 2259 1555 p.
2278 1491 2330 1543 5.
2352 1495 2386 1543 t.
2406 1491 2458 1542 7.
2482 1505 2523 1544 r.
2546 1493 2628 1544 24.
2651 1492 2800 1545 etiam

338 1569 640 1637 temporalia)
669 1585 763 1623 non
792 1569 1063 1623 necessaria
1094 1570 1153 1622 ad
1193 1570 1401 1623 salutem
1435 1584 1530 1622 nou
1571 1576 1766 1622 tenetur
1804 1569 1916 1636 quis
1944 1571 2170 1625 omittere
2211 1574 2289 1627 vel
2328 1574 2541 1637 differre,
2568 1579 2632 1628 ob
2659 1591 2795 1629 scau·

335 1655 490 1708 dalum
513 1653 853 1721 pharisaicum,
869 1654 1004 1707 iuxta
1033 1654 1153 1707 illud
1181 1656 1346 1707 Matth.
1379 1652 1656 1731 l53Sinite
1681 1652 1805 1707 illos
1831 1657 1929 1708 etc.
1950 1654 2042 1707 nisi
2072 1664 2231 1709 tamen
2264 1671 2324 1709 ex
2353 1656 2586 1710 dilatione
2614 1663 2799 1712 fructus

334 1749 633 1804 speraretur:
663 1738 853 1793 facilius
879 1753 1000 1791 vero
1031 1753 1087 1792 ac
1125 1738 1320 1804 saepius
1348 1737 1463 1791 talia
1503 1741 1628 1790 bona
1669 1735 1937 1791 differenda
1980 1742 2057 1793 vel
2095 1740 2242 1792 etiam
2271 1741 2538 1794 omittenda
2577 1750 2704 1804 sunt,
2732 1747 2802 1796 ob

338 1825 611 1876 scandalum
649 1822 969 1889 pusillorum:
997 1837 1046 1875 v.
1079 1821 1414 1887 guium-essm
1443 1821 1694 1887 religionis
1733 1825 1880 1876 debet
1919 1822 2107 1877 differri
2144 1828 2208 1877 ol)
2247 1827 2528 1880 scandalum
2568 1827 2797 1895 parentis,

344 1905 385 1960 si
419 1923 682 1962 consensus
718 1907 855 1962 illius
892 1908 1033 1962 brevi
1072 1914 1314 1974 speretur.
1343 1909 1518 1973 Laym.
1547 1909 1579 1962 l.
1612 1923 1654 1961 c.
1704 1959 1733 1989 ⁶

422 2026 596 2101 258.
634 2029 810 2111 Quod
843 2030 1094 2095 additur
1122 2030 1197 2094 de
1226 2031 1696 2114 temporalibus,
1721 2050 1845 2096 non
1871 2033 1966 2096 est
1989 2033 2271 2116 specialis
2296 2034 2577 2100 doctrina
2602 2037 2799 2102 Lorca

333 2150 368 2195 a
398 2133 603 2198 Diana
637 2134 788 2198 tom.
821 2133 879 2197 7.
908 2135 986 2198 tr.
1018 2134 1077 2197 5.
1102 2152 1218 2197 res,
1251 2133 1353 2198 77.
1381 2134 1599 2211 relata,
1641 2134 1744 2199 sed
1777 2136 1873 2199 est
1902 2135 2184 2200 doctrina
2213 2140 2583 2214 communis,
2609 2160 2798 2222 quam

328 2234 529 2300 Diana
562 2235 771 2300 verbis
803 2235 1000 2300 Lorca
1032 2236 1301 2318 exponit.

411 2340 643 2403 Paucis
690 2358 738 2403 s.
779 2339 1072 2413 ThomaS,
1120 2339 1325 2421 quoad
1372 2339 1723 2423 spiritualia
1769 2341 1951 2416 bona,
2001 2343 2334 2424 postquam
2382 2343 2539 2408 dixit
2596 2348 2802 2410 conte-

322 2441 662 2506 mnendum
695 2441 1053 2505 scandalum
1087 2441 1523 2524 pharisaicum,
1550 2441 1624 2506 de
1665 2442 1956 2507 scandalo
1987 2444 2358 2525 pusillorum
2396 2447 2606 2510 subdit
2639 2449 2697 2510 2.
2734 2451 2793 2511 2.

324 2563 382 2627 q.
421 2545 525 2609 43.
563 2546 687 2609 art.
727 2543 823 2608 7.:
865 2568 900 2604 «
932 2543 1311 2627 Quandoque
1344 2544 1700 2609 scandalum
1738 2545 2017 2629 procedit
2047 2566 2119 2612 ex
2149 2547 2464 2613 infirmate
2497 2550 2596 2614 vel
2626 2550 2803 2635 igno-

322 2648 525 2711 rantia
557 2648 629 2711 et
660 2646 1019 2710 huiusmodi
1049 2647 1145 2710 est
1176 2647 1533 2711 scandalum
1567 2648 1965 2729 pusillorum;
2008 2649 2258 2731 propter
2294 2651 2465 2732 quod
2501 2653 2650 2715 sunt
2680 2653 2801 2736 spi-

316 2749 578 2814 ritualia
595 2750 765 2813 bona
781 2749 878 2812 vel
905 2748 1270 2814 occultanda
1287 2749 1384 2813 vel
1409 2749 1719 2813 interdum
1735 2751 1925 2814 etiam
1950 2751 2305 2829 differenda,
2326 2753 2437 2818 ubi
2454 2755 2798 2837 periculum

316 2871 437 2916 non
469 2851 786 2929 imminet,
821 2870 1144 2934 quousque
1167 2851 1408 2915 reddita
1433 2851 1671 2916 ratione
1711 2852 2069 2917 huiusmodi
2101 2855 2464 2920 scandalum
2489 2860 2703 2921 cesset.
2731 2856 2798 2922 Si

315 2958 529 3020 autem
553 2956 708 3039 post
732 2953 1037 3018 redditam
1061 2953 1367 3018 rationem
1398 2953 1755 3018 huiusmodi
1780 2955 2143 3020 scandalum
2167 2958 2373 3032 duret,
2397 2958 2526 3022 iam
2552 2960 2799 3024 videtur

311 3077 382 3121 ex
414 3057 677 3123 malitia
696 3075 827 3121 esse
851 3056 1018 3121 etsie
1043 3059 1294 3140 propter
1323 3057 1529 3138 ipsum
1553 3075 1674 3120 non
1691 3059 1842 3121 sunt
1870 3058 2225 3124 huiusmodi
2256 3060 2611 3143 spiritualia
2635 3063 2797 3127 bona

305 3159 697 3226 dimittenda
729 3183 791 3222 ».

395 3261 634 3342 Quoad
666 3262 827 3325 bona
860 3263 1072 3325 autem
1103 3261 1490 3345 temporalia,
1532 3280 1581 3325 6.
1617 3262 1840 3326 Τ116111.
1886 3262 1928 3325 l.
1957 3282 2006 3325 c.
2051 3264 2169 3327 art.
2212 3265 2271 3327 8.
2314 3264 2403 3328 616
2433 3264 2798 3349 distinguit:

312 3391 346 3423 «ι
379 3365 518 3431 Aut
556 3364 732 3429 enim
771 3363 988 3447 (bona)
1027 3365 1239 3428 nostra
1278 3365 1443 3441 sunt,
1479 3365 1591 3428 aut
1637 3366 1786 3428 sunt
1831 3366 2008 3428 nobis
2055 3368 2384 3430 commissa
2436 3368 2514 3431 ad
2562 3387 2800 3433 conser-

307 3469 594 3532 vandum
619 3486 736 3551 pro
756 3467 915 3544 aliia,
944 3466 1106 3531 sicut
1130 3468 1291 3530 bona
1323 3466 1629 3531 Ecclesiae
1661 3467 2146 3531 committuntur
2176 3468 2473 3550 praelatis
2500 3470 2611 3531 aut
2634 3470 2795 3533 bona

306 3569 800 3636 communitatis
846 3569 1223 3634 rectoribus:
1260 3570 1323 3634 et
1360 3569 1584 3632 talium
1631 3568 2019 3633 conservatio
2054 3569 2217 3633 sicut
2263 3571 2328 3633 et
2374 3568 2798 3652 depositorum

306 3673 610 3739 imminet
658 3672 778 3749 1116,
812 3672 1036 3754 quibus
1085 3673 1233 3737 sunt
1278 3670 1632 3743 commissa,
1668 3690 1740 3734 ex
1787 3671 2151 3734 necessitate
2197 3673 2261 3736 et
2305 3671 2445 3736 ideo
2484 3690 2605 3735 non
2652 3675 2797 3736 sunt

303 3779 569 3860 propter
620 3774 986 3839 scandalum
1031 3774 1422 3851 dimittenda,
1458 3772 1620 3836 sicut
1649 3791 1761 3835 nec
1793 3771 1918 3835 alia
1949 3791 2109 3853 quae
2140 3775 2288 3836 sunt
2318 3772 2392 3837 de
2430 3774 2801 3839 necessitate

301 3879 534 3944 salutis
572 3903 643 3940 ».
680 3876 762 3941 Et
793 3876 933 3940 inde
966 3876 1149 3954 ratic,
1178 3895 1286 3940 cur
1318 3876 1468 3939 Pius
1493 3874 1636 3938 VII.
1673 3873 1914 3949 dixerit,
1957 3893 2020 3937 se
2054 3893 2171 3938 non
2206 3894 2409 3939 creare
2443 3876 2799 3941 molestiam

298 3981 393 4059 iis,
431 3981 548 4063 qui
586 3980 758 4044 bona
789 3978 1096 4043 Ecclesiae
1129 3978 1442 4054 haberent,
1476 3977 1540 4041 id
1579 3979 1788 4041 tamen
1820 3977 1884 4040 in
1910 3976 2044 4041 foro
2076 3979 2325 4042 externo
2354 4001 2369 4042 t
2404 3999 2516 4062 pro
2554 3979 2799 4044 interno

301 4086 523 4149 autem
558 4080 1005 4146 recurrendum
1045 4099 1176 4145 esse
1214 4080 1290 4144 ad
1321 4079 1875 4145 Poenitentiariam
1908 4081 2006 4143 vel
2045 4079 2119 4143 ad
2152 4082 2416 4163 Papam.

396 4213 432 4244 ‹
473 4183 890 4267 Temporalia
937 4202 1082 4248 vero
1129 4184 1310 4259 bona,
1349 4202 1616 4265 quorum
1663 4201 1775 4247 nos
1813 4200 2030 4246 sumus
2062 4182 2317 4261 domini,
2358 4183 2691 4261 dimittere,
2727 4203 2801 4248 ea

296 4288 672 4361 tribuendo,
708 4285 759 4350 si
792 4305 975 4369 penes
1009 4305 1120 4350 nos
1153 4304 1224 4350 ea
1261 4285 1619 4361 habeamuS‚
1654 4286 1753 4349 vel
1799 4303 1922 4348 non
1956 4284 2311 4366 repetendo,
2354 4285 2406 4348 si
2440 4285 2603 4367 apud
2643 4286 2801 4349 alios

295 4393 444 4470 sint,
474 4386 872 4474 quandoque
906 4388 1154 4470 quidem
1176 4388 1486 4465 debemuS‚
1515 4388 1886 4470 quandoque
1921 4387 2132 4449 autem
2156 4405 2300 4450 non.
2344 4385 2407 4451 Si
2441 4389 2603 4451 enim
2632 4406 2802 4451 scan-

293 4496 520 4560 dalum
580 4512 663 4556 ex
712 4491 829 4556 hoc
868 4491 1107 4555 oriatur
1137 4492 1387 4574 propter
1422 4490 1846 4575 ignorantiam
1896 4489 1995 4552 vel
2046 4489 2472 4554 infirmitatem
2507 4490 2796 4563 aliorum,

294 4600 465 4684 quod
508 4615 722 4681 supra
758 4594 1025 4660 diximus
1064 4614 1195 4660 esse
1226 4596 1586 4661 scandalum
1618 4595 2012 4677 pusillorum,
2054 4597 2205 4658 tunc
2236 4595 2333 4658 vel
2381 4595 2666 4659 totaliter
2711 4591 2803 4654 ‹li-
