3497 5147
663 313 771 365 292
874 324 1085 364 ΤοΑοΤ.
1110 323 1187 362 vr.
1217 320 1380 361 snc'r.
1401 321 1439 359 1.
1467 320 1552 359 nn
1575 319 1768 359 Fumo
1801 318 2015 358 PnAnc.
2041 317 2371 359 omanem.
2401 316 2536 357 CAP.
2563 316 2626 356 11.
2656 317 2798 357 nun.
2828 318 2890 356 11.
2969 301 3110 370 [3961

664 422 719 484 31
765 440 859 483 103
905 420 1156 483 maneat
1203 417 1462 487 occulta,
1501 419 1570 478 ut
1616 416 1803 497 paulo
1850 417 1993 496 post
2038 414 2330 479 dicemus.
2362 414 2641 478 Pollutio
2690 414 2900 495 itaque
2934 414 3122 477 eccle-

664 524 791 588 siae
825 523 936 585 aut
959 519 1307 583 coemeterii
1332 519 1505 599 (nam
1532 518 1711 581 ambo
1738 517 1951 581 eodem
1977 519 2158 598 pacto
2184 517 2501 580 violantur
2524 519 2588 579 et
2618 516 3120 599 reconciliantur)

662 624 798 688 fieri
833 626 1039 705 potest
1080 622 1267 686 variis
1314 621 1513 685 modis
1560 622 1621 682 h.
1657 640 1708 683 e.
1745 620 2013 701 quinque
2047 618 2300 701 (Suarez
2340 620 2413 683 de
2444 618 2656 699 Reliy.
2693 620 2815 683 vol.
2856 620 2912 681 l.
2949 621 3028 682 tr.
3064 622 3124 682 2.

671 727 713 790 1.
750 728 810 790 3.
846 746 897 789 c.
934 727 1045 809 2.).

754 830 804 891 Ι.
842 827 976 891 Per
1005 828 1377 890 iniuriosam
1399 846 1471 889 ac
1494 826 1806 889 notoriam
1825 826 2161 905 sanquinis
2195 822 2573 901 effusionem.
2602 823 2846 887 Dicitur
2876 822 2941 886 1⁰
2964 824 3128 885 iniu-

662 932 868 1001 riosa:
901 931 1048 1012 quia
1095 930 1147 993 si
1195 931 1307 992 aut
1352 948 1499 991 casu
1537 928 1820 991 vulneres
1868 946 1948 990 au
1997 927 2076 991 ad
2121 927 2356 991 iustam
2403 926 2834 999 defensionem,
2883 945 3006 989 non
3054 926 3126 990 fit

665 1033 951 1115 pollutio.
987 1031 1233 1094 Dicitur
1265 1032 1333 1093 2⁰
1363 1029 1650 1103 notoria,-
1683 1029 1831 1110 quia
1871 1047 2024 1111 opus
2051 1031 2164 1105 est,
2192 1031 2265 1093 ut
2288 1029 2525 1093 factum
2557 1029 2872 1093 notorium
2905 1029 2988 1092 sit
3012 1030 3126 1092 aut

665 1135 818 1197 iuris
851 1136 961 1197 aut
1009 1132 1158 1196 facti
1204 1132 1597 1195 notorietate.
1638 1130 1827 1195 Ratio
1874 1132 2050 1213 patet
2080 1151 2150 1195 ex
2183 1131 2538 1195 definitione
2586 1131 2982 1213 pollutionis:
3017 1150 3125 1195 nec

665 1236 789 1299 fere
821 1234 1082 1317 expedit,
1109 1236 1183 1296 ut
1206 1233 1355 1297 nota
1378 1251 1473 1295 res
1498 1232 1628 1307 fiat,
1656 1233 1898 1297 ratione
1930 1252 2146 1315 nempe
2178 1233 2472 1296 scandali.
2503 1233 2747 1296 Dicitur
2777 1234 2848 1295 3⁰
2872 1232 3125 1310 effusio:

667 1337 953 1418 quocirca
1000 1355 1121 1400 non
1168 1334 1321 1399 satis
1368 1336 1480 1405 est,
1532 1334 1585 1397 si
1632 1334 1877 1416 aliquae
1924 1335 2172 1397 tantum
2229 1335 2521 1417 guttulae
2569 1354 2627 1398 v.
2676 1354 2769 1417 gr.
2822 1336 3126 1417 percussis

665 1441 919 1505 naribus
966 1440 1325 1513 eliciantur3
1361 1437 1576 1501 effusio
1610 1438 1771 1500 enim
1806 1437 2124 1519 quidpiam
2159 1437 2299 1520 plus
2339 1437 2669 1521 significat.
2705 1437 2844 1501 Non
2893 1438 3128 1501 sufficit

666 1562 813 1627 ergo
861 1544 993 1607 sola
1039 1541 1371 1624 percussio,
1406 1541 1552 1603 licet
1583 1541 1813 1623 gravia,
1856 1540 1959 1602 sed
1998 1558 2239 1603 0000330
2273 1542 2368 1603 031
2400 1544 2473 1604 ut
2506 1541 2761 1622 sanguis
2795 1542 3123 1621 sequatun

668 1646 815 1727 quia
861 1645 934 1707 de
975 1644 1295 1729 sanguinis
1333 1642 1626 1706 effusione
1657 1644 1866 1705 textus
1906 1639 2200 1706 Canonici
2229 1642 2592 1723 loquuntur,
2628 1642 2735 1723 qui
2766 1642 2830 1705 in
2863 1643 3129 1706 materia

668 1748 912 1831 poenali
946 1747 1115 1810 ultra
1148 1745 1460 1828 propriam
1493 1744 1821 1807 verborum
1854 1743 2370 1826 significationem
2402 1744 2763 1807 extendendi
2803 1762 2926 1808 non
2960 1746 3126 1809 sunt.

670 1849 971 1914 Schmalz.
1004 1849 1068 1912 in
1105 1848 1212 1911 lib.
1248 1848 1307 1910 3.
1349 1847 1450 1911 tit.
1492 1848 1597 1909 40.
1632 1866 1690 1908 0.
1722 1846 1825 1908 68.
1867 1846 2084 1909 Monet
2129 1845 2450 1929 Laymann
2482 1847 2556 1909 de
2598 1845 2822 1924 Sacris.
2860 1848 3127 1924 Missae,

668 1973 719 2016 c.
762 1956 820 2014 5.
861 1972 920 2014 0.
960 1952 1018 2014 7.
1055 1969 1208 2033 opus
1254 1967 1374 2013 non
1422 1967 1552 2012 esse
1599 1952 1671 2011 ut
1718 1948 1974 2031 sanguis
2020 1948 2187 2011 intra
2234 1948 2553 2011 ecclesiam
2600 1947 2920 2023 fundatur,
2971 1951 3125 2014 satis

665 2074 814 2130 esse,
856 2054 909 2117 si
955 2053 1125 2117 foris.
1175 2051 1421 2115 Dicitur
1467 2052 1540 2112 40
1571 2051 1643 2113 In
1690 2049 1948 2113 ecclesia
1979 2049 2076 2113 vel
2119 2051 2514 2127 coemeter-im·
2547 2051 2695 2131 quia
2726 2069 2971 2115 0000330
3008 2055 3116 2130 031,

666 2159 739 2221 111
783 2156 1010 2220 vulnus
1056 2154 1381 2237 infligatur
1430 2153 1489 2215 in
1538 2152 1672 2235 ipsa
1720 2151 1975 2215 ecclesia
2023 2154 2120 2216 vel
2166 2153 2553 2231 00010010110,
2602 2153 2748 2216 11001
2794 2155 3124 2219 vulnerans

664 2258 823 2322 forte
870 2258 954 2321 sit
1001 2257 1173 2321 extra
1220 2255 1560 2319 ecclesiam.
1609 2254 1773 2317 Hinc
1819 2254 1872 2318 si
1919 2255 2144 2318 vulnus
2199 2255 2524 2337 infligatur
2583 2256 2758 2319 extra
2804 2258 2870 2319 et
2916 2257 3130 2321 vulne-

664 2362 843 2425 ratus
892 2358 1215 2443 confugiat
1260 2356 1337 2420 ad
1385 2356 1688 2438 templum
1736 2357 1836 2420 vel
1881 2358 2337 2433 coemeterium,
2379 2377 2501 2422 non
2548 2359 2831 2421 censetur
2862 2359 3129 2441 pollutio

613 2483 617 2486 ’
669 2462 980 2527 accidisse.

753 2566 837 2628 II.
886 2565 1004 2628 Per
1049 2565 1355 2627 inimum
1405 2563 1468 2625 et
1512 2563 1824 2626 notorium
1877 2562 2281 2627 homicidium
2329 2563 2392 2627 in
2440 2563 2694 2627 ecclesia
2743 2564 2840 2628 vel
2894 2584 3134 2630 coeme—

667 2668 822 2731 terio
863 2667 1287 2750 perpetratum
1319 2665 1510 2729 etiam
1548 2665 1677 2729 sine
1717 2666 2038 2749 sanguinis
2085 2665 2399 2730 effusione.
2436 2666 2683 2731 Dicitur
2718 2664 2785 2729 1⁰
2820 2670 3135 2732 notorium

666 2773 729 2834 et
766 2771 1075 2832 iniustum
1122 2768 1332 2832 eadem
1380 2789 1569 2833 causa
1618 2789 1687 2832 ac
1736 2788 1871 2851 sup.
1913 2769 1985 2832 de
2033 2769 2354 2852 sanguinis
2403 2770 2699 2833 effusione
2745 2769 2984 2835 dictum
3019 2775 3130 2836 est.

664 2871 910 2935 Dicitur
943 2873 1011 2934 20
1042 2872 1232 2935 etiam
1274 2871 1410 2934 sine
1457 2873 1796 2952 εαηρεῗιιηίε
1836 2870 2155 2949 effusione,
2192 2891 2247 2933 v,
2282 2892 2375 2954 gr.
2417 2872 2471 2934 si
2517 2873 2656 2953 quis
2704 2875 3135 2957 stranguletur

666 2974 765 3038 vel
810 2974 1217 3056 opprimatur,
1268 2973 1620 3048 suffocetur,
1672 2973 2104 3055 suspendatur,
2156 2993 2387 3038 veneno
2451 2974 2866 3048 interimatur,
2917 2997 3134 3058 percu-

670 3077 868 3141 tiatur
900 3080 1018 3141 etc.

757 3178 1190 3241 Homioidium
1236 3179 1306 3241 in
1353 3178 1609 3241 eeclesia
1642 3181 2094 3257 perpetratum,
2129 3177 2293 3258 quod
2334 3197 2473 3241 vere
2521 3177 2760 3251 accidit,
2797 3179 2915 3242 etsi
2963 3199 3128 3245 111013

667 3283 841 3343 extra
874 3279 1193 3343 ecclesiam
1240 3281 1556 3361 sequatur,
1592 3277 1926 3342 dummodo
1977 3278 2108 3342 01113
2155 3298 2343 3342 causa
2391 3279 2455 3342 in
2487 3279 2741 3343 ecclesia
2788 3280 2980 3344 fuerit
3024 3301 3131 3364 pa-

668 3385 855 3447 trata.
891 3382 1215 3466 Laymann
1247 3381 1320 3444 de
1361 3380 1589 3459 Sacris.
1626 3381 1872 3444 Elissae
1903 3400 1953 3444 0.
1983 3382 2043 3444 5.
2071 3401 2130 3444 0.
2159 3383 2218 3444 8.

757 3484 1182 3549 Homicidium
1215 3502 1358 3547 vero
1393 3485 1651 3557 iustum,
1693 3485 2000 3565 quatenus
2040 3482 2320 3566 legitima
2355 3484 2729 3548 auctoritate
2761 3484 3012 3566 publica
3049 3487 3135 3550 fa-

668 3589 839 3653 ctum
888 3588 1180 3652 adversus
1229 3587 1584 3669 quempiam
1616 3606 1722 3668 per
1755 3586 2097 3661 carneficeS,
2134 3585 2397 3649 violaret
2429 3585 2668 3649 ratione
2701 3586 2968 3651 actionis
3001 3609 3136 3671 pro-

666 3690 865 3765 fanae,
900 3691 973 3752 ut
1005 3690 1164 3752 infra
1203 3688 1458 3753 dicetur.

756 3792 871 3854 III.
904 3791 1023 3854 Per
1068 3791 1359 3854 illicitam
1405 3790 1674 3854 humani
1716 3791 1975 3854 seminis
2021 3791 2196 3852 intra
2227 3788 2546 3854 ecclesiam
2576 3789 2674 3854 vel
2707 3794 3136 3856 coemeterium

668 3891 1047 3972 effewc'onem.
1086 3894 1331 3957 Dicitur
1377 3893 1719 3976 generatim
1765 3891 1997 3955 illicita
2033 3889 2253 3968 effusio
2286 3894 2402 3955 etc.
2436 3910 2560 3973 quo
2593 3895 3132 3975 comprehenditur

668 3995 884 4060 effusio
919 3997 1054 4059 tum
1087 4014 1194 4077 per
1235 3995 1656 4059 voluntariam
1690 3994 2120 4076 pollutionem,
2157 3997 2292 4057 tum
2326 4013 2432 4076 per
2478 3995 2788 4059 carnalem
2822 3999 3129 4079 copulam.

758 4099 840 4162 Et
871 4097 1119 4181 quidem
1157 4099 1272 4162 sub
1305 4097 1536 4160 carnali
1584 4096 1808 4178 copula
1845 4095 2221 4180 intelligitur
2260 4097 2449 4161 etiam
2481 4099 2853 4180 coniuyaIiS,
2888 4103 3132 4181 quando

668 4201 818 4264 haec
864 4201 1103 4264 ratione
1150 4199 1270 4262 loci
1318 4199 1475 4261 sacri
1526 4197 1750 4260 evadat
1784 4197 2026 4261 illicita.
2078 4199 2309 4263 Illicita
2356 4203 2567 4264 autem
2614 4201 2844 4279 evadit,
2897 4206 3017 4269 nisi
3064 4224 3132 4268 ea

668 4303 992 4365 excusetur
1038 4321 1072 4364 a
1120 4300 1374 4364 mortali
1421 4298 1602 4380 culpa
1651 4300 1728 4362 ob
1776 4301 2224 4365 necessitatem.
2259 4300 2610 4367 Necessitas
2657 4305 2870 4369 autem
2923 4307 3129 4372 adesse

669 4404 970 4475 censetur,
1006 4404 1111 4467 ubi
1156 4404 1317 4468 foret
1354 4402 1671 4485 probabile
1702 4404 2043 4486 periculum
2076 4404 2576 4483 incontinentiae,
2612 4412 2865 4490 propter
2895 4409 3130 4475 diutur-

667 4506 929 4571 nitatem
976 4506 1291 4587 temporis,
1342 4524 1465 4588 quo
1512 4506 1804 4592 coniuges
1837 4507 1898 4571 in
1931 4507 2186 4573 ecclesia
2215 4509 2448 4573 morari
2494 4511 2839 4575 necessario
2889 4514 3123 4578 contin·
