3497 5147
714 302 828 358 350
924 317 1136 358 macr.
1163 317 1246 357 vl.
1271 314 1432 356 sacr.
1460 314 1499 353 1.
1527 313 1611 352 mr
1634 311 1828 353 Panto
1851 311 2070 364 Panno.
2094 312 2423 354 nmALoor.
2452 313 2586 355 car.
2611 315 2677 355 11.
2701 314 2845 355 nnn.
2871 313 2963 352 111.
3035 295 3179 372 [463]

808 414 926 479 Vel
959 417 1028 478 2⁰
1060 414 1251 479 etiam
1282 412 1391 476 ubi
1421 409 1802 475 consuetudo
1827 430 1885 474 v.
1912 429 2005 494 gr.
2032 410 2360 493 recipiendi
2392 411 2630 493 ahquid
2652 429 2764 495 pro
2797 407 3176 474 admittendo

721 518 883 580 inter
928 517 1255 580 canonicos
1303 515 1414 578 aut
1457 514 1521 576 in
1568 513 2036 589 monasterium,
2085 514 2198 577 aut
2242 532 2353 596 pro
2403 512 2941 580 administratione
2986 529 3180 576 sacra-

722 622 1075 685 mentorum
1125 640 1184 682 v.
1219 639 1313 704 gr.
1362 616 1676 700 baptismi,
1732 615 2090 680 rationabili
2136 636 2324 682 causa
2361 617 2621 682 subnixa
2667 616 2917 682 videtur
2960 615 3180 680 saltem

720 723 787 786 in
818 742 934 788 sua
967 723 1223 808 origine,
1257 741 1348 786 ex.
1387 740 1480 805 gr.
1515 719 1661 801 quia
1701 718 1917 782 tenues
1946 719 2125 784 erant
2168 719 2406 785 reditus
2451 720 2834 804 parochiales
2867 721 2983 783 010.
3021 716 3178 781 Nam

722 826 917 891 etiam
963 825 1240 889 cessante
1286 841 1494 898 causa,
1528 821 1582 886 si
1612 823 1954 904 praestatio
2000 822 2222 887 horum
2269 842 2377 905 per
2421 824 2682 907 longum
2717 824 2967 904 tempus
2997 840 3055 885 v.
3087 839 3177 904 gr.

722 949 830 1012 per
876 927 1255 1002 decennium,
1289 925 1487 989 veluti
1533 925 1760 1002 debita,
1794 925 2040 989 servata
2072 925 2158 990 sit
2193 944 2335 990 cum
2381 926 2543 990 bona
2587 925 2706 990 fide
2736 923 3179 1007 recipientium,

727 1032 825 1095 ius
874 1029 1123 1094 videtur
1167 1027 1493 1096 inductum
1531 1045 1641 1109 per
1670 1027 2243 1111 praescriptionem:
2274 1027 2459 1093 modo
2505 1028 2718 1091 tamen
2761 1046 2883 1092 non
2913 1046 3019 1110 per
3052 1044 3184 1090 exa-

724 1133 1016 1209 ctionem,
1066 1132 1196 1195 11111
1244 1131 1356 1194 3111
1404 1128 1526 1193 3110
1574 1129 1760 1194 1110ᾶο
1799 1130 2062 1213 speciem
2107 1129 2407 1195 simoniae
2454 1131 2568 1194 aut
2614 1130 2915 1194 avaritiae
2959 1128 3186 1211 praefe—

720 1236 915 1311 rente,
955 1233 1018 1297 id
1049 1232 1176 1297 fiet.

813 1331 994 1406 463.
1035 1335 1117 1399 Et
1148 1333 1430 1417 quaestio
1463 1334 1555 1397 sic
1583 1333 1924 1417 proposita,
1958 1334 2032 1399 de
2064 1335 2367 1419 stipendio
2414 1335 2668 1414 scilicet,
2701 1335 2868 1418 quod
2908 1335 3183 1418 operanti

722 1439 1044 1517 debeatur,
1079 1438 1235 1502 satis
1267 1438 1453 1520 plana
1484 1439 1578 1501 est
1610 1438 1673 1501 et
1704 1456 1914 1519 expers
1946 1437 2356 1502 difficultatis.

816 1543 901 1607 At
923 1542 1189 1627 implexa
1220 1539 1313 1617 fit,
1339 1540 1393 1603 si
1424 1539 1547 1604 alio
1580 1539 1764 1604 modo
1797 1542 2197 1622 proponatur,
2229 1541 2328 1604 uti
2360 1540 2563 1605 videre
2588 1540 2684 1606 est
2707 1540 2873 1623 apud
2903 1543 3182 1607 nostrum

728 1646 1088 1717 Auctorem,
1121 1642 1409 1707 videlicet
1439 1644 1654 1705 utrum
1683 1643 1927 1705 ratione
1959 1641 2193 1707 laboris
2221 1642 2409 1707 liceat
2439 1642 2675 1725 aliquid
2705 1644 2999 1726 accipere.

818 1750 909 1813 De
941 1748 1058 1811 hac
1086 1765 1152 1811 re
1183 1745 1505 1830 Laymann
1537 1745 1611 1808 de
1649 1743 1936 1808 Simonia
1965 1745 2072 1808 lib.
2092 1746 2153 1808 4.
2175 1747 2254 1809 tr.
2287 1746 2388 1809 10.
2416 1765 2551 1828 cap.
2575 1745 2691 1810 ult.
2718 1766 2778 1810 11.
2804 1746 2945 1809 41.:
2980 1746 3182 1811 Unum

724 1853 967 1916 certum
993 1851 1106 1927 est,
1133 1850 1314 1913 licere
1340 1847 1575 1930 aliquid
1606 1866 1717 1911 ceu
1739 1848 2011 1930 pretium
2036 1849 2306 1931 accipere
2329 1866 2440 1932 pro
2463 1848 2675 1913 labore
2698 1849 2762 1913 et
2786 1849 3182 1934 obligatione,

728 1974 889 2037 quae
921 1971 1094 2017 sacro
1132 1952 1476 2016 ministerio
1525 1970 1632 2033 per
1678 1952 1955 2016 accidens
2002 1951 2254 2016 accedat
2282 1953 2347 2016 et
2377 1951 2708 2017 coniuncta
2747 1953 2865 2017 sit:
2899 1972 2959 2017 v.
2991 1974 3086 2037 gr.
3133 1953 3182 2017 si

727 2055 1013 2121 sacerdos
1053 2054 1130 2118 ad
1166 2053 1427 2117 Missam
1474 2053 1900 2117 celebrandam
1945 2054 2152 2118 subire
2197 2054 2418 2119 debeat
2457 2055 2921 2121 incommodum
2963 2056 3184 2140 longae

728 2162 844 2226 aut
888 2160 1257 2244 praeruptae
1304 2158 1441 2222 viae
1479 2159 1593 2221 aut
1624 2177 1842 2223 saevae
1873 2160 2285 2242 tempestatiS,
2318 2160 2371 2225 si
2400 2179 2649 2226 manere
2678 2161 2924 2226 ieiunus
2969 2161 3187 2226 debeat

731 2283 928 2346 usque
968 2262 1045 2326 ad
1091 2260 1431 2337 meridiem,
1482 2260 1535 2324 si
1580 2279 1643 2323 se
1692 2260 1928 2345 obliget
1964 2262 2278 2344 cooperari
2323 2263 2772 2328 Ecclesiasticis
2817 2263 3039 2328 officiis
3083 2283 3186 2347 per

729 2368 939 2431 totum
989 2384 1240 2442 annum,
1276 2363 1468 2428 etiam
1516 2365 1793 2446 tempore
1839 2363 2050 2446 pestis.
2100 2364 2310 2441 Ratio,
2350 2365 2499 2446 quia
2543 2366 2815 2448 pretium
2861 2384 2988 2430 non
3035 2367 3188 2431 acci-

730 2469 901 2554 pitur
947 2486 1057 2552 pro
1097 2486 1276 2548 opere
1315 2465 1648 2548 spirituali,
1683 2465 1788 2530 sed
1820 2486 1930 2549 pro
1965 2485 2144 2530 onere
2174 2467 2499 2550 corporali,
2532 2468 2699 2550 quod
2730 2468 3187 2534 accidentaliter

733 2571 984 2637 advenit
1030 2570 1093 2634 01
1137 2568 1555 2652 coniungitur,
1597 2587 1678 2632 sc.
1722 2569 2101 2654 obligatione
2131 2568 2390 2648 111ῃο118,
2430 2571 2608 2637 131110
2641 2573 2919 2655 tempore
2949 2592 3187 2658 perma-

729 2674 931 2749 nendi,
980 2670 1212 2736 laboris
1258 2670 1321 2734 in
1369 2669 1478 2733 diu
1523 2670 1850 2749 cantando,
1885 2671 2191 2736 tolerandi
2226 2671 2511 2752 foetoreS,
2562 2675 2863 2739 subeundi
2900 2677 3074 2742 vitae
3109 2676 3188 2739 di-

727 2777 988 2841 scrimen
1026 2775 1142 2838 010.

819 2876 937 2941 Sed
984 2896 1105 2941 non
1151 2876 1243 2939 ita
1282 2876 1377 2940 est
1422 2876 1822 2940 manifestum
1855 2896 1926 2940 30
1957 2879 2213 2956 certum,
2255 2896 2333 2942 an
2363 2878 2426 2942 id
2457 2879 2644 2945 liceat
2673 2900 2784 2965 pro
2816 2882 3053 2957 labore,
3085 2901 3188 2947 8011

726 2979 1177 3065 defatigatione
1224 2978 1518 3060 corporis,
1552 2997 1710 3059 quae
1742 2980 2083 3044 necessario
2114 2981 2443 3045 coniuncta
2488 2982 2572 3047 sit
2616 3002 2759 3048 cum
2808 3003 2992 3067 opere
3020 2985 3192 3068 spiri·

730 3086 910 3162 tuali‚
944 3104 1004 3148 v.
1040 3103 1133 3167 gr.
1173 3080 1592 3156 concionandi,
1633 3081 2023 3145 consecrandi
2056 3082 2395 3147 ecclesiam.

818 3186 1088 3265 Quidam
1137 3182 1549 3259 affirmarunt,
1598 3182 1854 3257 aientes„
1902 3182 2068 3264 quod
2130 3188 2329 3249 omnis
2372 3186 2551 3252 labor
2605 3189 2948 3271 corporalis
2999 3191 3189 3256 locari

731 3289 939 3370 queat,
977 3286 1163 3366 atque
1212 3283 1362 3347 adeo
1403 3284 1592 3346 etiam
1625 3283 1751 3362 ille,
1786 3285 1895 3365 qui
1925 3285 2279 3351 subeundus
2326 3289 2422 3352 est
2450 3290 2514 3353 in
2553 3289 2976 3358 functionibus
3023 3294 3193 3377 spiri·

726 3389 1029 3465 tualibuS,
1079 3386 1255 3450 iuxta
1301 3385 1488 3448 verba
1536 3382 1770 3449 Christi
1814 3384 1963 3450 Luc.
2006 3386 2083 3451 X.
2133 3387 2362 3471 diynus
2407 3395 2502 3454 est
2541 3393 2868 3472 operarius
2921 3394 3192 3461 mercede

726 3513 863 3558 sua.
898 3488 1191 3556 Confirm.
1231 3487 1378 3570 quia
1425 3487 1533 3551 ubi
1580 3488 1675 3552 est
1719 3489 2016 3553 meritum
2065 3492 2460 3574 operationis,
2499 3495 2837 3562 secundum
2880 3496 3188 3564 iustitiam

728 3596 816 3662 ibi
861 3612 1091 3659 merces
1140 3591 1429 3669 debetur3
1480 3591 1627 3673 quia
1673 3610 1904 3657 merces
1951 3594 2014 3657 et
2060 3594 2355 3659 meritum
2408 3598 2777 3663 correlative
2823 3603 2976 3666 sunt
3020 3602 3188 3667 iuxta

727 3698 883 3764 illud
915 3698 1145 3762 Matth.
1180 3695 1319 3760 XX.
1362 3696 1460 3760 8.:
1494 3714 1643 3759 voca
1672 3695 1988 3776 operarios
2018 3701 2079 3759 et
2105 3695 2291 3761 redde
2335 3696 2470 3762 illis
2512 3699 2887 3765 mercedem:
2921 3705 3100 3786 atqui
3129 3704 3184 3768 in

728 3801 952 3865 clerico
998 3799 1393 3863 ministrante
1427 3798 1780 3881 spiritualia
1827 3800 1922 3862 est
1965 3798 2258 3863 meritum
2306 3800 2681 3882 operationis
2726 3804 3069 3871 secundum
3095 3806 3186 3870 iu-

726 3903 994 3981 stitiam,
1058 3902 1133 3965 ut
1194 3901 1370 3983 patet
1424 3920 1495 3965 ex
1550 3902 1727 3965 textu
1781 3898 2013 3966 Canon.
2069 3900 2352 3983 superius
2406 3922 2466 3966 n.
2523 3903 2675 3968 461.
2732 3906 2949 3972 allato.
3007 3908 3182 3992 Ergo.

728 4011 947 4096 Laym.
978 4008 1126 4073 ibid.

819 4113 948 4178 Alii
976 4114 1188 4177 tamen
1222 4111 1634 4175 communiter
1663 4110 1727 4173 id
1759 4112 2010 4194 negant.
2047 4110 2256 4187 Ratio,
2289 4110 2437 4192 quia
2463 4113 2739 4194 operatio
2770 4116 2835 4179 et
2866 4116 3046 4182 labor
3066 4135 3184 4182 cor·

729 4217 896 4300 poris
944 4234 1067 4280 non
1099 4215 1194 4278 est
1224 4212 1423 4296 pretio
1459 4211 1890 4288 aestimabilis,
1923 4213 2043 4277 nisi
2075 4212 2138 4276 in
2171 4212 2382 4277 ordine
2413 4214 2491 4277 ad
2523 4233 2696 4298 opus,
2730 4220 2985 4301 propter
3028 4217 3177 4301 quod

731 4319 1096 4401 suscipitur;
1152 4315 1313 4380 unde
1359 4315 1611 4391 laboris,
1660 4316 1837 4379 cuius
1884 4315 2095 4379 nullus
2141 4316 2225 4380 sit
2269 4315 2530 4394 fructus,
2579 4318 2753 4383 nulla
2799 4320 2896 4385 est
2939 4339 3173 4387 merces,

728 4420 893 4505 Ergo
945 4439 1086 4485 cum
1134 4437 1288 4501 opus
1335 4418 1418 4483 sit
1472 4418 1796 4500 spirituale
1842 4419 1904 4482 et
1948 4418 2085 4482 ideo
2132 4437 2239 4501 per
2300 4438 2364 4485 se
2417 4419 2807 4500 invendibile,
2855 4422 3079 4489 idcirco
3120 4424 3177 4486 et

728 4522 907 4586 labor
940 4521 1013 4585 ad
1046 4522 1110 4585 id
1140 4520 1482 4585 necessario
1507 4520 1865 4602 requisitus,
1891 4539 2001 4584 nec
2024 4521 2223 4603 pretio
2258 4521 2575 4586 aestimari
2603 4541 2715 4587 nec
2744 4524 2927 4590 vendi
2956 4526 3173 4609 potest:
