3497 5147
393 315 543 393 [921]
975 334 1060 373 nn
1081 332 1503 377 cnamo‘rouu
1536 336 1615 377 m
1651 332 2042 377 ormnem
2078 332 2279 376 roano
2747 318 2856 374 683

396 427 645 494 Scilicet
688 428 753 492 id
799 428 1004 493 doceri
1049 448 1171 495 non
1218 433 1428 513 potest
1472 432 1603 495 sine
1634 431 1907 514 periculo
1948 431 2192 515 (nempe
2224 429 2476 513 erroris)
2515 450 2624 495 seu
2660 430 2722 493 id
2754 430 2859 495 do-

395 530 517 596 ceri
562 530 782 613 nequit
826 531 971 595 tuta
1005 532 1398 598 conscientia.
1448 532 1681 616 Utique
1734 533 1924 598 verba
1971 551 2022 598 s.
2063 529 2130 597 C.
2184 551 2308 597 non
2371 533 2688 597 affirmant
2742 533 2862 596 im-

393 631 663 698 mediate
709 633 774 696 et
818 652 926 715 per
972 651 1036 697 se
1082 633 1429 700 doctrinam
1473 654 1604 701 esse
1649 636 1895 700 falsam.
1928 634 2094 701 Nam
2124 635 2188 699 in
2234 636 2596 718 quaestione
2641 635 2861 719 magni

394 735 716 813 momenti,
755 735 959 817 qualis
1006 754 1079 801 ea
1108 739 1224 818 est,
1262 738 1326 801 in
1357 757 1483 821 qua
1514 739 1727 823 agitur
1758 738 1832 803 de
1857 739 1989 804 vita
2022 738 2301 814 alteriu8‚
2336 737 2664 813 sententia,
2701 755 2862 819 quae

395 838 480 903 sit
526 838 624 902 vel
668 838 877 903 solum
921 837 1348 921 improbabilis
1397 840 1495 906 vel
1539 841 1812 906 tenuiter
1857 840 2217 925 probabilis,
2253 839 2371 905 etsi
2408 839 2482 904 de
2514 840 2646 904 eius
2693 839 2862 904 falsi-

394 941 527 1005 tate
573 940 849 1005 nondum
895 943 1063 1005 certo
1107 944 1370 1021 constet,
1404 944 1619 1026 nequit
1663 944 1808 1008 tuta
1852 941 2227 1007 conscientia
2259 943 2372 1006 aut
2413 942 2542 1006 sine
2589 941 2862 1025 periculo

395 1042 618 1107 erroris
650 1041 875 1107 doceri.
930 1041 1072 1107 Non
1118 1042 1243 1109 fuit
1286 1064 1433 1129 ergo
1482 1064 1636 1128 opus
1681 1044 1945 1110 iudicari
1991 1064 2029 1110 a
2074 1063 2124 1109 s.
2174 1042 2242 1108 C.
2291 1044 2637 1110 doctrinam
2683 1044 2862 1109 illam

395 1164 526 1210 esse
572 1144 816 1222 falsam,
865 1146 940 1209 ut
986 1146 1325 1213 affirmaret
1372 1147 1512 1212 tuto
1560 1167 1699 1212 eam
1744 1148 1911 1212 tradi
1940 1167 2064 1213 non
2095 1166 2312 1231 posse;
2346 1166 2492 1211 nam
2540 1148 2694 1211 satis
2727 1148 2862 1211 erat

397 1265 535 1312 eam
582 1265 747 1311 nunc
791 1265 921 1311 esse
965 1248 1437 1331 improbabilem
1485 1250 1585 1315 vel
1628 1250 1943 1316 levissime
1973 1249 2378 1334 probabilem.
2426 1248 2513 1312 At
2545 1247 2712 1330 quod
2749 1248 2861 1310 im-

393 1349 713 1434 probabile
758 1352 874 1427 est,
907 1350 1161 1415 evadere
1192 1352 1399 1435 potest
1431 1352 1764 1434 aliquando
1809 1352 2125 1436 probabile
2158 1353 2345 1435 atque
2376 1351 2570 1415 etiam
2599 1352 2858 1416 certum.

394 1453 763 1536 Exemplum
807 1453 999 1518 habes
1033 1453 1097 1517 in
1128 1455 1489 1537 quaestione
1520 1454 1593 1520 de
1624 1457 1806 1520 motu
1837 1455 1901 1521 et
1937 1454 2342 1520 circulatione
2381 1453 2644 1517 telluris
2679 1453 2859 1516 Atta-

393 1577 556 1636 men,
605 1558 660 1623 si
708 1560 1078 1643 argumenta
1124 1559 1351 1633 omnia,
1391 1579 1550 1642 quae
1579 1579 1691 1642 pro
1721 1560 1861 1624 illla
1891 1560 2174 1625 doctrina
2206 1559 2410 1625 afferri
2443 1558 2704 1642 possint,
2731 1558 2857 1622 iam

396 1660 591 1725 allata
627 1659 881 1725 fuerunt
939 1661 1001 1725 et
1037 1661 1314 1726 discussa
1372 1662 1709 1744 eademque
1746 1661 2148 1726 nihilominus
2194 1680 2243 1726 s.
2294 1658 2856 1745 Congregationem

393 1761 558 1827 haud
609 1764 1064 1847 permoverunt,
1104 1764 1350 1828 inanem
1382 1764 1629 1829 videtur
1660 1783 1830 1847 spem
1880 1764 2105 1841 fovere,
2139 1763 2248 1846 qui
2282 1763 2619 1828 arbitretur
2666 1762 2857 1826 aliam

395 1864 727 1948 aliquando
766 1865 841 1931 de
898 1865 1093 1949 ipsius
1140 1866 1230 1931 rei
1276 1865 1539 1931 veritate
1584 1865 1866 1931 futuram
1911 1865 2073 1931 forte
2119 1866 2492 1931 sententiam
2537 1865 2858 1930 Romanae

397 1966 726 2032 Ecclesiae.

483 2068 613 2134 Nec
645 2069 893 2136 difficile
948 2070 1057 2136 alii
1104 2070 1410 2136 rationem
1458 2070 1784 2136 decisionis
1827 2071 2210 2136 invenerunt.
2258 2071 2373 2136 Est
2417 2071 2583 2136 enim
2628 2070 2863 2135 directa

397 2171 642 2248 occisio,
676 2174 771 2237 est
803 2173 965 2238 actio
1014 2193 1050 2237 a
1095 2192 1221 2256 qua
1258 2192 1379 2238 non
1425 2172 1649 2256 duplex
1694 2173 1947 2238 effectus
1994 2172 2351 2238 immediate
2396 2173 2678 2255 sequitur
2701 2172 2860 2237 alter

389 2274 589 2339 bonus
628 2274 785 2340 alter
815 2275 1039 2354 malus,
1081 2274 1187 2340 sed
1221 2275 1582 2340 immediate
1628 2275 1913 2358 sequitur
1958 2275 2211 2340 effectus
2257 2276 2462 2340 malus
2497 2275 2557 2338 11.
2593 2294 2645 2338 0.
2679 2292 2849 2339 mors

391 2379 724 2460 procurata
742 2377 998 2442 infantis
1016 2378 1205 2460 atque
1236 2396 1308 2443 ex
1332 2377 1450 2443 hoc
1479 2377 1729 2442 effectus
1755 2378 1973 2456 bonus,
2007 2396 2225 2460 nempe
2250 2378 2422 2442 salus
2445 2376 2688 2440 matris,
2716 2376 2851 2439 Iam

392 2498 537 2544 vero
570 2479 1171 2572 universalissimum
1201 2480 1572 2563 principium
1610 2481 1738 2546 est:
1767 2499 1891 2545 non
1930 2499 2060 2545 esse
2097 2478 2375 2544 facienda
2409 2478 2601 2556 mala,
2627 2478 2702 2542 ut
2724 2497 2856 2541 eve-

395 2582 572 2646 niant
603 2583 784 2647 bona.

482 2685 676 2750 Porro
707 2685 869 2751 ratio
919 2685 1120 2750 omnis
1151 2686 1473 2769 oppositae
1505 2686 1867 2774 sententiae,
1917 2689 2161 2771 praeter
2208 2704 2365 2764 eam,
2413 2703 2604 2766 quam
2659 2683 2857 2748 innui-

395 2805 537 2852 mus
566 2808 625 2851 n.
678 2788 850 2865 920„
884 2807 955 2853 eo
1003 2787 1129 2853 fere
1171 2788 1434 2866 redibat,
1468 2790 1543 2854 ut
1568 2789 1773 2854 infans
1804 2789 2140 2855 censendus
2187 2791 2348 2854 esset
2395 2787 2592 2852 veluti
2635 2787 2859 2851 matris

397 2908 743 2974 aggressor,
790 2891 1080 2956 innocens
1125 2891 1374 2974 quidem
1420 2912 1493 2957 ex
1537 2911 1621 2970 se,
1672 2891 1779 2956 sed
1827 2892 2125 2958 obiective
2171 2891 2462 2968 iniustae,
2511 2891 2585 2955 ut
2630 2890 2856 2955 idcirco

397 3011 538 3058 cum
586 3010 657 3057 eo
705 3012 886 3078 agere
930 2994 1143 3059 liceret
1173 2994 1337 3060 sicut
1367 3014 1508 3059 011111
1543 3013 1905 3079 aggressore
1944 2995 2009 3060 et
2037 2993 2201 3059 sicut
2232 2994 2418 3059 huius
2452 2995 2672 3059 occisio
2705 2994 2859 3058 indi-

392 3093 563 3159 recta
595 3095 722 3169 est;
764 3096 1015 3179 propria
1045 3097 1207 3162 enim
1238 3096 1508 3163 defensio
1540 3100 1655 3177 est,
1689 3117 1849 3180 quae
1871 3095 2242 3162 intenditur:
2277 3097 2369 3160 ita
2401 3098 2463 3160 et
2499 3095 2859 3160 huiusmodi

398 3197 619 3262 occisio
666 3198 922 3263 infantis
968 3201 1131 3265 esset
1176 3199 1430 3265 dicenda
1476 3200 1796 3280 indirecta,
1862 3201 2076 3267 utente
2121 3200 2324 3265 matre
2391 3198 2676 3283 legitimo
2724 3198 2858 3262 iure

394 3298 782 3365 defensionis

483 3399 637 3474 921.
686 3404 922 3471 Verum
958 3409 1285 3489 reponunt,
1318 3410 1392 3471 ut
1424 3426 1495 3471 ex
1532 3409 1855 3491 principi0‚
1889 3406 2072 3472 licere
2103 3403 2375 3471 occidere
2405 3423 2854 3485 ayyressorem,

390 3506 711 3591 colligeres
758 3508 891 3573 iure
940 3507 1107 3592 quod
1152 3508 1352 3592 possit
1408 3507 1507 3573 hic
1564 3509 1770 3574 infans
1833 3508 2044 3585 occidi,
2110 3506 2426 3591 oporteret
2471 3505 2850 3583 subsumere,

389 3609 569 3689 atqui
575 3619 586 3690 ,’
630 3609 728 3673 hic
774 3610 994 3692 infans
1038 3614 1132 3676 est
1172 3630 1522 3693 aqyressor‚
1572 3630 1695 3675 11011
1752 3610 2055 3675 diminute
2118 3613 2213 3674 est
2263 3607 2458 3672 veluti
2500 3627 2850 3688 ayyressor.

388 3710 627 3794 Reapse
667 3713 804 3779 heic
832 3715 1007 3780 nulla
1055 3713 1373 3800 aggressio
1421 3714 1518 3781 est
1564 3714 1629 3779 et
1658 3713 1715 3778 si
1745 3714 1842 3778 his
1873 3712 2160 3778 formulis
2208 3711 2387 3776 abuti
2417 3711 2583 3787 licet,
2624 3708 2855 3791 potiori

393 3814 526 3879 iure
573 3817 775 3882 mater
805 3818 967 3882 esset
996 3816 1251 3883 dicenda
1283 3835 1610 3902 aggressor
1647 3816 1814 3882 vitae
1844 3815 2120 3894 infantis,
2153 3814 2399 3899 quando
2434 3812 2724 3878 videlicet
2755 3830 2859 3878 na-

392 3915 619 3983 turalis
654 3919 877 3984 matris
910 3920 1221 3985 arctitudo
1270 3920 1498 3997 obstat,
1548 3939 1622 3984 ne
1682 3918 1886 4003 proles
1923 3920 2174 3984 matura
2219 3918 2282 3981 in
2328 3917 2532 3982 lucem
2576 3915 2855 3999 prodeat,

390 4020 467 4084 ut
511 4021 695 4085 notat
723 4021 1077 4087 Lehmkuhl
1124 4041 1221 4106 op.
1256 4023 1361 4088 cit.
1397 4023 1519 4087 vol.
1554 4023 1604 4086 I.
1654 4042 1714 4104 p.
1752 4023 1901 4088 502.
1953 4022 2164 4087 infans
2218 4021 2283 4085 in
2330 4022 2508 4085 utero
2557 4037 2620 4083 se
2668 4018 2858 4082 habet

394 4123 469 4186 ut
512 4122 1023 4206 impedimentum
1069 4124 1381 4207 quoddam
1426 4125 1653 4191 salutis
1682 4125 1906 4191 matris
1944 4127 2007 4189 et
2042 4124 2253 4207 potius
2283 4143 2473 4205 quam
2506 4120 2858 4205 aggressori

394 4224 831 4291 assimilandus
878 4227 1039 4291 esset
1084 4226 1310 4292 infanti
1348 4228 1411 4292 in
1460 4230 1632 4294 arcta
1695 4230 1798 4294 via
1836 4228 2081 4305 iacenti,
2137 4246 2322 4311 quem
2369 4228 2442 4290 tu
2488 4224 2733 4308 fugiens
2781 4224 2861 4286 ab

392 4326 745 4394 adversario
793 4331 855 4394 te
916 4331 1334 4412 persequente,
1384 4331 1858 4397 conculcaturus
1906 4351 1990 4410 es,
2056 4330 2110 4395 si
2156 4329 2362 4414 pergis
2408 4327 2662 4412 fugere:
2712 4325 2862 4389 licet

394 4431 542 4494 tunc
573 4431 825 4513 quidem
848 4430 966 4495 tibi
997 4430 1263 4515 fugienti
1296 4433 1358 4495 te
1391 4450 1686 4515 exponere
1708 4434 2056 4516 periculum
2080 4452 2223 4498 eum
2255 4431 2566 4496 occidendi
2596 4446 2861 4510 eumque

395 4532 449 4597 si
473 4551 627 4617 opus
660 4535 773 4612 est,
808 4533 1196 4608 conculcare3
1233 4532 1335 4596 sed
1368 4534 1644 4614 ponendo
1694 4536 2020 4612 actionem,
2072 4555 2107 4600 a
2154 4554 2276 4617 qua
2308 4533 2664 4597 immediate
2699 4533 2862 4594 uter·
