3497 5147
668 343 776 399 616
979 355 1191 395 raam.
1211 356 1291 397 vr.
1317 354 1481 396 snm.
1502 355 1584 396 xv.
1604 355 1690 394 ma
1714 353 1963 402 Quanro
1988 356 2205 397 Pam
2226 354 2552 397 Damnem.
2575 355 2719 397 nun.
2741 355 2821 396 ιν.
2982 341 3135 416 [835]

669 453 1038 537 regulariter
1085 453 1312 536 eligere
1350 452 1690 537 digniores;
1731 452 1784 515 si
1839 452 2001 516 enim
2048 451 2112 516 id
2166 452 2579 517 communiter
2623 470 2746 516 non
2783 451 2917 529 fiat,
2966 472 3138 536 expe-

671 556 896 619 rientia
928 556 1063 638 ipsa
1101 555 1279 618 docet
1310 554 1671 637 plerumque
1702 552 1990 637 indignos
2036 553 2204 637 eligi,
2240 554 2348 635 qui
2384 553 2556 637 digni
2605 552 2994 617 videbantur.
3047 554 3135 619 Ut

669 676 815 741 ergo
865 676 978 721 suo
1012 657 1253 721 muneri
1284 656 1632 721 satisfaciat
1664 656 1910 731 elector,
1945 656 2122 719 debet
2171 655 2582 721 communiter
2612 655 2923 738 digniores
2955 676 3138 738 quae—

667 779 821 832 rere,
849 763 920 824 ut
947 759 1180 843 indigni
1228 759 1608 842 repellantur
1639 759 1893 841 (saltem
1931 759 2206 842 certius).
2244 757 2313 822 2⁰
2345 757 2504 838 Quia
2543 757 2595 821 si
2630 759 3003 822 omittantur
3048 760 3136 823 di·

666 864 934 948 gniore8‚
968 882 1158 947 grave
1204 882 1415 945 reapse
1470 861 1908 925 detrimentum
1949 880 2046 924 res
2079 862 2321 944 publica
2375 861 2644 944 patitur:
2683 864 2990 942 quatenus
3036 881 3137 926 ne-

666 985 832 1030 cesse
865 967 960 1029 est
989 965 1051 1028 in
1086 984 1158 1028 ea
1190 966 1486 1048 languere
1512 964 1740 1039 studia,
1768 983 1926 1045 quae
1958 965 2377 1046 praemiorum
2391 962 2848 1046 exspectatione
2879 964 3136 1028 aluntur

668 1088 811 1132 cum
861 1066 1112 1131 videant
1156 1065 1391 1130 subditi
1451 1062 1757 1130 rationem
1810 1083 1933 1129 non
1989 1065 2200 1129 haberi
2239 1066 2548 1130 maiorum
2594 1064 2977 1143 meritorum,
3028 1066 3129 1130 sed

666 1171 909 1255 gratiae
929 1169 1381 1251 affectuumque
1400 1169 1807 1252 privatorum.
1829 1167 1898 1230 Id
1917 1187 2099 1250 porro
2122 1169 2217 1232 est
2241 1167 2399 1249 quod
2423 1167 2513 1231 ait
2538 1165 2805 1230 Sanchez
2827 1167 2903 1230 ab
2920 1167 3131 1232 eodem

666 1273 846 1355 Lugo
878 1272 1110 1335 citatus
1148 1292 1206 1334 n.
1252 1272 1376 1348 13„
1411 1290 1666 1334 munera
1699 1271 1848 1334 haec
1874 1270 2077 1334 officia
2103 1289 2233 1333 esse
2266 1269 2425 1333 bona
2457 1268 2830 1345 communia,
2867 1269 2944 1332 ad
2975 1290 3131 1351 quae

665 1374 1081 1439 communitas
1120 1375 1182 1437 et
1222 1375 1428 1456 partes
1468 1373 1598 1436 eius
1637 1372 1868 1436 habent
1914 1372 2011 1436 ius
2059 1371 2352 1454 aliquod3
2410 1373 2558 1436 sunt
2612 1370 2773 1435 enim
2829 1372 3020 1435 etiam
3065 1372 3130 1435 in

665 1476 1012 1560 praemium
1057 1475 1434 1551 idoneitatiS,
1485 1494 1675 1556 quam
1721 1475 1862 1556 quis
1909 1474 2116 1538 studio
2165 1476 2228 1537 et
2275 1476 2408 1538 arte
2470 1474 2587 1536 sibi
2634 1475 3020 1555 comparavit
3066 1478 3129 1539 et

662 1580 890 1644 idcirco
938 1579 1239 1661 pertinere
1278 1578 1352 1641 ad
1403 1577 1713 1641 iustitiam
1760 1577 2248 1655 distributivam,
2283 1578 2357 1639 ut
2387 1576 2548 1640 bona
2580 1575 2729 1640 haec
2753 1576 3133 1641 distribuan-

662 1683 769 1746 tur
798 1681 975 1744 iuxta
1006 1681 1230 1744 merita
1262 1678 1671 1763 singulorum.

752 1783 968 1848 Monet
1000 1786 1209 1847 tamen
1240 1782 1439 1865 Lug0,
1474 1779 1637 1861 quod
1678 1781 1728 1844 si
1769 1780 1957 1844 semel
1989 1780 2086 1843 vel
2118 1780 2348 1843 iterum
2381 1779 2606 1863 dignus
2630 1779 2919 1863 eligatur,
2955 1799 3132 1861 prae-

663 1886 949 1950 termisso
998 1886 1298 1968 digniore,
1332 1903 1453 1947 non
1494 1883 1781 1947 videatur
1810 1881 1966 1945 illud
1996 1882 2232 1946 morale
2279 1882 2620 1964 periculum
2658 1881 2868 1946 adesse
2898 1883 2973 1945 ut
3019 1883 3132 1947 eli-

660 1989 894 2073 gantur
931 1987 1189 2070 indigni,
1234 1987 1307 2050 ut
1354 1986 1523 2069 prior
1578 1986 1740 2049 ratio
1791 1984 2166 2061 affirmabat,
2207 1983 2371 2064 quod
2411 1982 2634 2047 saltem
2682 1983 2798 2047 sub
2842 1984 3130 2049 mortalis

661 2089 899 2172 peccati
930 2090 1109 2153 reatu
1141 2088 1363 2152 debeat
1391 2087 1695 2170 impediri.

751 2192 965 2256 Refert
1011 2192 1204 2256 etiam
1252 2191 1413 2256 idem
1460 2211 1509 2254 s.
1545 2191 1727 2273 Alph.
1764 2189 1910 2253 ibid.
1947 2189 2319 2253 sententiam
2351 2187 2651 2253 aientium
2675 2189 3011 2272 principem
3059 2190 3131 2253 li·

654 2296 782 2361 'cite
826 2314 1006 2379 posse
1054 2295 1310 2359 vendere
1360 2294 1561 2359 officia
1608 2292 1932 2369 secularia,
1967 2291 2130 2372 quod
2164 2290 2377 2355 docuit
2406 2310 2453 2354 s,
2489 2291 2760 2354 Thomas
2795 2309 2966 2374 opuS.
3019 2294 3124 2355 21.

661 2398 930 2462 Additur
962 2399 1169 2462 tamen
1204 2398 1280 2460 ab
1312 2395 1523 2460 eodem
1558 2415 1605 2457 s.
1641 2393 1825 2475 Alph.
1868 2413 2011 2456 cum
2043 2392 2182 2457 aliis
2207 2392 2310 2475 (cf.
2351 2392 2528 2478 Lugo
2564 2393 2718 2477 disp.
2753 2394 2857 2456 cit.
2891 2413 2950 2456 n.
2989 2395 3128 2476 24.)

659 2500 1001 2564 limitatio:
1036 2498 1369 2561 dummodo
1404 2496 1675 2560 venditio
1726 2495 1875 2559 haec
1924 2495 2007 2559 sit
2051 2497 2394 2561 necessaria
2441 2496 2709 2561 utilitati
2754 2496 3124 2581 reipublicae

659 2605 723 2667 et
755 2602 1089 2666 dummodo
1138 2601 1252 2663 fiat
1299 2600 1502 2683 dignis
1535 2603 1616 2675 et,
1666 2601 1974 2680 quantum
2027 2599 2161 2664 fieri
2216 2602 2443 2683 potest,
2492 2600 2876 2685 dignioribus
2937 2602 3127 2682 atque

659 2705 980 2769 moderato
1029 2703 1249 2785 pretio,
1290 2703 1364 2766 ut
1417 2701 1652 2765 scilicet
1697 2701 1937 2766 meritis
2000 2721 2122 2766 non
2171 2703 2420 2766 tantum
2457 2702 2694 2767 divitiis
2742 2723 2813 2767 ea
2865 2722 3124 2767 munera

657 2808 900 2891 possint
943 2808 1173 2888 patere.
1209 2806 1492 2871 Profecto
1526 2805 1579 2870 si
1612 2806 1843 2870 bonum
1876 2806 2248 2888 reipublicae
2279 2798 2438 2870 han&
2467 2806 2883 2872 venditionem
2914 2809 3125 2890 postu·

659 2910 773 2984 lat,
808 2907 1039 2990 poterit
1085 2927 1156 2971 ea
1202 2908 1335 2973 fieri
1381 2907 1606 2992 digniS,
1659 2909 1903 2972 omissis
1951 2908 2378 2992 dignioribus:
2428 2908 2542 2973 hoc
2589 2909 2750 2972 enim
2797 2908 3127 2974 detrimen·

657 3012 795 3074 tum
822 3010 1321 3093 compensabitur
1353 3029 1424 3074 eo
1458 3011 1616 3074 bono
1650 3011 2119 3092 praestantiore,
2155 3010 2318 3091 quod
2356 3010 2636 3094 princeps
2667 3030 2738 3075 ea
2769 3011 3122 3077 venditione

652 3112 939 3176 intendit.
974 3112 1191 3176 Monet
1234 3112 1413 3197 Lugo
1460 3113 1503 3176 1.
1538 3133 1589 3176 c.
1624 3134 1683 3177 n.
1721 3114 1781 3175 2.
1817 3112 2130 3176 difficilius
2168 3112 2348 3176 vendi
2397 3113 2620 3189 officia,
2669 3132 2775 3196 per
2821 3133 2980 3194 quae
3011 3115 3124 3178 im-

652 3214 921 3278 mediate
966 3214 1213 3280 iustitia
1260 3214 1754 3291 administratur,
1803 3214 2149 3279 cuiusmodi
2204 3216 2300 3279 est
2345 3213 2618 3279 officium
2665 3215 2926 3280 iudicis:
2975 3236 3121 3282 nam

656 3316 973 3382 difficilius
1021 3319 1117 3381 est
1160 3319 1224 3382 in
1272 3318 1369 3382 his
1417 3317 1876 3381 venditionibus
1925 3335 2115 3399 grave
2146 3316 2519 3399 reipublicae
2551 3317 2848 3381 damnum
2885 3337 3119 3382 cavere.

654 3417 964 3500 Ceterum,
1000 3441 1142 3485 cum
1190 3422 1341 3486 haec
1387 3420 1593 3503 praxis
1641 3438 1763 3484 non
1812 3419 1896 3482 sit
1943 3438 2050 3502 per
2097 3438 2160 3482 se
2191 3418 2564 3501 reipublicae
2597 3420 2982 3496 convenienS,
3017 3420 3121 3484 sed

650 3523 854 3588 solum
902 3524 980 3589 ob
1027 3523 1318 3588 evitanda
1349 3522 1589 3586 maiora
1625 3522 1854 3586 damna
1899 3521 2175 3585 adhiberi
2205 3521 2421 3604 possit,
2455 3522 2630 3604 patet
2666 3522 2831 3603 quod
2877 3541 2948 3586 ea
2995 3540 3115 3586 non

650 3627 833 3691 debet
854 3645 985 3691 esse
1017 3624 1327 3691 ordinaria
1358 3625 1520 3689 ratio
1568 3623 1975 3689 distribuendi
2022 3625 2269 3708 publica
2304 3643 2581 3688 munera.
2607 3625 2641 3662 *

1634 3798 1812 3864 Unde
1860 3797 2145 3862 resolves,

756 3956 943 4009 XXVI.
969 3957 1014 4007 1.
1036 3957 1242 4008 Peccant
1268 3952 1450 4007 domini
1475 3953 1707 4017 graviter,
1740 3957 1790 4006 t.
1820 3954 1862 4007 si
1889 3953 1993 4007 sine
2019 3952 2145 4005 iusta
2171 3967 2318 4006 causa
2345 3952 2611 4019 impediant
2637 3955 2863 4015 ramulos,
2893 3968 2953 4007 ne
2980 3953 3119 4008 testis

649 4041 842 4096 Missam
869 4039 1084 4104 audiant,
1108 4044 1185 4094 vel
1214 4040 1255 4092 si
1282 4038 1417 4092 testis
1442 4053 1592 4105 opera
1620 4037 1820 4092 servilia
1848 4038 2116 4104 imponant,
2140 4041 2215 4091 vet
2237 4037 2278 4090 si
2303 4037 2504 4091 iubeant
2530 4052 2605 4102 ea,
2628 4051 2754 4103 quae
2777 4037 2884 4091 sine
2912 4044 3117 4104 peccato

647 4125 755 4181 fleri
792 4142 886 4180 non
924 4134 1147 4192 possunt.
1173 4127 1295 4179 Nav.
1321 4139 1363 4176 c.
1394 4124 1476 4177 Η.
1505 4130 1624 4176 eta:
1654 4127 1702 4176 2.
1734 4122 1777 4175 si
1818 4122 2047 4188 peccandi
2084 4122 2391 4176 occasionem
2432 4120 2728 4189 permittant,
2771 4136 2882 4175 cum
2924 4122 3116 4190 possint

647 4210 899 4279 impedire,
925 4217 1009 4264 aut
1045 4210 1086 4263 si
1124 4209 1337 4273 graviter
1374 4207 1712 4274 delinquentes
1751 4221 1845 4258 non
1884 4205 2143 4271 corrigant,
2174 4211 2250 4259 vet
2291 4205 2589 4270 negligentes
2628 4205 2900 4260 necessaria
2939 4208 3001 4259 ad
3039 4221 3114 4260 sa·

649 4296 796 4348 intem
837 4310 932 4349 non
971 4302 1213 4355 moneant,
1243 4292 1528 4358 corripiant.
1558 4295 1675 4344 Bon.
1706 4294 1736 4343 Ι.
1765 4305 1806 4342 c.

740 4399 917 4473 835.
945 4403 1167 4468 Omnia
1199 4403 1367 4464 clara
1399 4399 1545 4463 sunt
1576 4397 1780 4480 quoad
1814 4398 2103 4481 primum.
2139 4399 2327 4464 Ratio
2361 4397 2609 4463 secundi
2642 4401 2762 4475 est3
2799 4398 2944 4480 quia
2976 4418 3116 4482 pro-

648 4505 941 4582 videntia,
976 4524 1163 4587 quam
1195 4501 1481 4566 dominus
1512 4519 1660 4584 erga
1691 4520 1866 4565 suam
1908 4501 2210 4565 familiam
2243 4501 2465 4565 habere
2513 4500 2711 4576 debet,
2747 4521 2809 4564 se
2846 4501 3115 4586 porrigit

650 4628 896 4691 quoque
934 4607 1011 4671 ad
1036 4604 1391 4669 familiares.
