<?xml version="1.0" encoding="UTF-8"?>
<!DOCTYPE html PUBLIC "-//W3C//DTD XHTML 1.0 Transitional//EN"
    "http://www.w3.org/TR/xhtml1/DTD/xhtml1-transitional.dtd">
<html xmlns="http://www.w3.org/1999/xhtml" xml:lang="en" lang="en">
 <head>
  <title>
</title>
<meta http-equiv="Content-Type" content="text/html;charset=utf-8" />
  <meta name='ocr-system' content='tesseract 3.04.00' />
  <meta name='ocr-capabilities' content='ocr_page ocr_carea ocr_par ocr_line ocrx_word'/>
</head>
<body>
  <div class='ocr_page' id='page_1' title='image "./opustheologicum00ballgoog/opustheologicum00ballgoog_0852.png"; bbox 0 0 3497 5147; ppageno 0'>
   <div class='ocr_carea' id='block_1_1' title="bbox 331 324 2795 402">
    <p class='ocr_par' dir='ltr' id='par_1_1' title="bbox 331 324 2795 402">
     <span class='ocr_line' id='line_1_1' title="bbox 331 324 2795 402; baseline -0.002 -19"><span class='ocrx_word' id='word_1_1' title='bbox 331 327 512 402; x_wconf 81' lang='lat'>[1129]</span> <span class='ocrx_word' id='word_1_2' title='bbox 586 341 739 389; x_wconf 78' lang='lat' dir='ltr'>Qum</span> <span class='ocrx_word' id='word_1_3' title='bbox 766 341 1165 388; x_wconf 66' lang='lat' dir='ltr'>ammanus</span> <span class='ocrx_word' id='word_1_4' title='bbox 1190 342 1274 381; x_wconf 73' lang='lat' dir='ltr'>An</span> <span class='ocrx_word' id='word_1_5' title='bbox 1302 340 1591 381; x_wconf 69' lang='lat' dir='ltr'>mmmmm</span> <span class='ocrx_word' id='word_1_6' title='bbox 1617 338 2146 380; x_wconf 70' lang='lat' dir='ltr'>monmsmsncum</span> <span class='ocrx_word' id='word_1_7' title='bbox 2167 337 2337 379; x_wconf 69' lang='lat' dir='ltr'>com..</span> <span class='ocrx_word' id='word_1_8' title='bbox 2372 339 2540 380; x_wconf 73' lang='lat' dir='ltr'>vnsP.</span> <span class='ocrx_word' id='word_1_9' title='bbox 2686 324 2795 378; x_wconf 84' lang='lat'>845</span> 
     </span>
    </p>
   </div>
   <div class='ocr_carea' id='block_1_2' title="bbox 330 434 2803 4520">
    <p class='ocr_par' dir='ltr' id='par_1_2' title="bbox 330 434 2798 624">
     <span class='ocr_line' id='line_1_2' title="bbox 333 434 2798 522; baseline -0.001 -18"><span class='ocrx_word' id='word_1_10' title='bbox 333 438 622 522; x_wconf 83' lang='lat' dir='ltr'>quocirca</span> <span class='ocrx_word' id='word_1_11' title='bbox 654 438 817 501; x_wconf 88' lang='lat' dir='ltr'>idem</span> <span class='ocrx_word' id='word_1_12' title='bbox 854 437 1057 501; x_wconf 85' lang='lat' dir='ltr'>valere</span> <span class='ocrx_word' id='word_1_13' title='bbox 1095 436 1168 501; x_wconf 90' lang='lat' dir='ltr'>de</span> <span class='ocrx_word' id='word_1_14' title='bbox 1205 437 1452 522; x_wconf 89' lang='lat' dir='ltr'>butyr0,</span> <span class='ocrx_word' id='word_1_15' title='bbox 1508 436 1840 520; x_wconf 74' lang='lat' dir='ltr'>postquam</span> <span class='ocrx_word' id='word_1_16' title='bbox 1885 434 2198 500; x_wconf 89' lang='lat' dir='ltr'>indultum</span> <span class='ocrx_word' id='word_1_17' title='bbox 2253 434 2377 500; x_wconf 86' lang='lat' dir='ltr'>fuit</span> <span class='ocrx_word' id='word_1_18' title='bbox 2429 436 2548 501; x_wconf 90' lang='lat' dir='ltr'>hoc</span> <span class='ocrx_word' id='word_1_19' title='bbox 2596 437 2798 501; x_wconf 87' lang='lat' dir='ltr'>condi-</span> 
     </span>
     <span class='ocr_line' id='line_1_3' title="bbox 330 538 1422 624; baseline -0.004 -18"><span class='ocrx_word' id='word_1_20' title='bbox 330 544 617 606; x_wconf 78' lang='lat' dir='ltr'><strong>mentum</strong></span> <span class='ocrx_word' id='word_1_21' title='bbox 658 559 768 624; x_wconf 89' lang='lat' dir='ltr'>pro</span> <span class='ocrx_word' id='word_1_22' title='bbox 807 538 989 604; x_wconf 89' lang='lat' dir='ltr'>unica</span> <span class='ocrx_word' id='word_1_23' title='bbox 1027 539 1422 603; x_wconf 80' lang='lat' dir='ltr'>comestione.</span> 
     </span>
    </p>

    <p class='ocr_par' dir='ltr' id='par_1_3' title="bbox 336 639 2798 1238">
     <span class='ocr_line' id='line_1_4' title="bbox 427 639 2798 725; baseline -0.003 -12"><span class='ocrx_word' id='word_1_24' title='bbox 427 639 615 713; x_wconf 73' lang='lat'>1129.</span> <span class='ocrx_word' id='word_1_25' title='bbox 667 641 726 707; x_wconf 82' lang='lat' dir='ltr'>S.</span> <span class='ocrx_word' id='word_1_26' title='bbox 760 641 1052 725; x_wconf 89' lang='lat' dir='ltr'>Ligorius</span> <span class='ocrx_word' id='word_1_27' title='bbox 1098 662 1158 706; x_wconf 92' lang='lat' dir='ltr'>n.</span> <span class='ocrx_word' id='word_1_28' title='bbox 1198 643 1389 705; x_wconf 80' lang='lat'>1029.</span> <span class='ocrx_word' id='word_1_29' title='bbox 1424 640 1814 723; x_wconf 78' lang='lat' dir='ltr'>quaestiones</span> <span class='ocrx_word' id='word_1_30' title='bbox 1847 640 2003 705; x_wconf 90' lang='lat' dir='ltr'>alias</span> <span class='ocrx_word' id='word_1_31' title='bbox 2051 642 2237 705; x_wconf 88' lang='lat' dir='ltr'>refert</span> <span class='ocrx_word' id='word_1_32' title='bbox 2282 642 2487 705; x_wconf 80' lang='lat' dir='ltr'>motas</span> <span class='ocrx_word' id='word_1_33' title='bbox 2521 641 2594 705; x_wconf 89' lang='lat' dir='ltr'>de</span> <span class='ocrx_word' id='word_1_34' title='bbox 2628 640 2798 725; x_wconf 86' lang='lat' dir='ltr'>legu-</span> 
     </span>
     <span class='ocr_line' id='line_1_5' title="bbox 336 743 2793 826; baseline -0.001 -16"><span class='ocrx_word' id='word_1_35' title='bbox 336 745 628 822; x_wconf 76' lang='lat' dir='ltr'>minibuS,</span> <span class='ocrx_word' id='word_1_36' title='bbox 668 744 875 808; x_wconf 86' lang='lat' dir='ltr'>herbis</span> <span class='ocrx_word' id='word_1_37' title='bbox 907 745 1097 809; x_wconf 90' lang='lat' dir='ltr'>coctis</span> <span class='ocrx_word' id='word_1_38' title='bbox 1129 744 1228 809; x_wconf 88' lang='lat' dir='ltr'>vel</span> <span class='ocrx_word' id='word_1_39' title='bbox 1258 743 1482 819; x_wconf 89' lang='lat' dir='ltr'>crudis,</span> <span class='ocrx_word' id='word_1_40' title='bbox 1519 745 1655 807; x_wconf 91' lang='lat' dir='ltr'>tum</span> <span class='ocrx_word' id='word_1_41' title='bbox 1681 744 1895 807; x_wconf 84' lang='lat' dir='ltr'>etiam</span> <span class='ocrx_word' id='word_1_42' title='bbox 1926 744 2000 808; x_wconf 94' lang='lat' dir='ltr'>de</span> <span class='ocrx_word' id='word_1_43' title='bbox 2032 762 2188 826; x_wconf 90' lang='lat' dir='ltr'>pane</span> <span class='ocrx_word' id='word_1_44' title='bbox 2220 745 2395 808; x_wconf 88' lang='lat' dir='ltr'>cocto</span> <span class='ocrx_word' id='word_1_45' title='bbox 2435 763 2578 808; x_wconf 90' lang='lat' dir='ltr'>cum</span> <span class='ocrx_word' id='word_1_46' title='bbox 2609 762 2793 825; x_wconf 90' lang='lat' dir='ltr'>aqua.</span> 
     </span>
     <span class='ocr_line' id='line_1_6' title="bbox 338 844 2798 927; baseline -0.001 -16"><span class='ocrx_word' id='word_1_47' title='bbox 338 848 420 912; x_wconf 83' lang='lat' dir='ltr'>Et</span> <span class='ocrx_word' id='word_1_48' title='bbox 449 847 656 911; x_wconf 87' lang='lat' dir='ltr'>varias</span> <span class='ocrx_word' id='word_1_49' title='bbox 703 845 890 910; x_wconf 86' lang='lat' dir='ltr'>refert</span> <span class='ocrx_word' id='word_1_50' title='bbox 927 846 1264 910; x_wconf 90' lang='lat' dir='ltr'>sententias</span> <span class='ocrx_word' id='word_1_51' title='bbox 1301 847 1678 909; x_wconf 74' lang='lat' dir='ltr'>Doctorum:</span> <span class='ocrx_word' id='word_1_52' title='bbox 1712 846 1777 908; x_wconf 93' lang='lat' dir='ltr'>in</span> <span class='ocrx_word' id='word_1_53' title='bbox 1815 846 2039 927; x_wconf 90' lang='lat' dir='ltr'>quibus</span> <span class='ocrx_word' id='word_1_54' title='bbox 2076 844 2485 909; x_wconf 87' lang='lat' dir='ltr'>diiudicandis</span> <span class='ocrx_word' id='word_1_55' title='bbox 2517 844 2798 909; x_wconf 87' lang='lat' dir='ltr'>habenda</span> 
     </span>
     <span class='ocr_line' id='line_1_7' title="bbox 341 946 2793 1033; baseline -0.002 -18"><span class='ocrx_word' id='word_1_56' title='bbox 341 953 434 1015; x_wconf 92' lang='lat' dir='ltr'>est</span> <span class='ocrx_word' id='word_1_57' title='bbox 479 968 725 1032; x_wconf 90' lang='lat' dir='ltr'>quoque</span> <span class='ocrx_word' id='word_1_58' title='bbox 772 948 934 1013; x_wconf 89' lang='lat' dir='ltr'>ratio</span> <span class='ocrx_word' id='word_1_59' title='bbox 966 948 1426 1033; x_wconf 86' lang='lat' dir='ltr'>principiorum,</span> <span class='ocrx_word' id='word_1_60' title='bbox 1462 967 1498 1011; x_wconf 91' lang='lat' dir='ltr'>a</span> <span class='ocrx_word' id='word_1_61' title='bbox 1531 946 1756 1029; x_wconf 85' lang='lat' dir='ltr'>quibus</span> <span class='ocrx_word' id='word_1_62' title='bbox 1795 947 2078 1029; x_wconf 87' lang='lat' dir='ltr'>pendent.</span> <span class='ocrx_word' id='word_1_63' title='bbox 2114 946 2233 1025; x_wconf 81' lang='lat' dir='ltr'>Qui</span> <span class='ocrx_word' id='word_1_64' title='bbox 2271 946 2436 1010; x_wconf 85' lang='lat' dir='ltr'>enim</span> <span class='ocrx_word' id='word_1_65' title='bbox 2481 947 2793 1025; x_wconf 89' lang='lat' dir='ltr'>statuunt,</span> 
     </span>
     <span class='ocr_line' id='line_1_8' title="bbox 342 1049 2798 1133; baseline -0.001 -16"><span class='ocrx_word' id='word_1_66' title='bbox 342 1052 506 1117; x_wconf 76' lang='lat' dir='ltr'>nihil</span> <span class='ocrx_word' id='word_1_67' title='bbox 539 1052 705 1116; x_wconf 78' lang='lat' dir='ltr'>sumi</span> <span class='ocrx_word' id='word_1_68' title='bbox 734 1071 922 1133; x_wconf 75' lang='lat' dir='ltr'>posse</span> <span class='ocrx_word' id='word_1_69' title='bbox 952 1050 1043 1114; x_wconf 84' lang='lat' dir='ltr'>ad</span> <span class='ocrx_word' id='word_1_70' title='bbox 1068 1049 1315 1114; x_wconf 79' lang='lat' dir='ltr'>modum</span> <span class='ocrx_word' id='word_1_71' title='bbox 1345 1050 1731 1127; x_wconf 72' lang='lat' dir='ltr'>nutritz&#39;oniS,</span> <span class='ocrx_word' id='word_1_72' title='bbox 1772 1049 1983 1132; x_wconf 89' lang='lat' dir='ltr'>palam</span> <span class='ocrx_word' id='word_1_73' title='bbox 2015 1052 2127 1128; x_wconf 89' lang='lat' dir='ltr'>est,</span> <span class='ocrx_word' id='word_1_74' title='bbox 2163 1068 2267 1113; x_wconf 91' lang='lat' dir='ltr'>eos</span> <span class='ocrx_word' id='word_1_75' title='bbox 2317 1049 2643 1114; x_wconf 86' lang='lat' dir='ltr'>admittere</span> <span class='ocrx_word' id='word_1_76' title='bbox 2676 1069 2798 1116; x_wconf 88' lang='lat' dir='ltr'>non</span> 
     </span>
     <span class='ocr_line' id='line_1_9' title="bbox 343 1152 1853 1238; baseline -0.003 -19"><span class='ocrx_word' id='word_1_77' title='bbox 343 1174 521 1238; x_wconf 89' lang='lat' dir='ltr'>posse</span> <span class='ocrx_word' id='word_1_78' title='bbox 550 1154 633 1234; x_wconf 92' lang='lat' dir='ltr'>id,</span> <span class='ocrx_word' id='word_1_79' title='bbox 667 1154 831 1238; x_wconf 91' lang='lat' dir='ltr'>quod</span> <span class='ocrx_word' id='word_1_80' title='bbox 878 1155 1095 1219; x_wconf 88' lang='lat' dir='ltr'>contra</span> <span class='ocrx_word' id='word_1_81' title='bbox 1119 1153 1452 1218; x_wconf 88' lang='lat' dir='ltr'>sentientes</span> <span class='ocrx_word' id='word_1_82' title='bbox 1487 1152 1853 1217; x_wconf 88' lang='lat' dir='ltr'>admittunt.</span> 
     </span>
    </p>

    <p class='ocr_par' dir='ltr' id='par_1_4' title="bbox 341 1255 2801 1632">
     <span class='ocr_line' id='line_1_10' title="bbox 433 1255 2801 1339; baseline -0.002 -17"><span class='ocrx_word' id='word_1_83' title='bbox 433 1256 947 1322; x_wconf 84' lang='lat' dir='ltr'>Salmanticenses</span> <span class='ocrx_word' id='word_1_84' title='bbox 981 1256 1119 1321; x_wconf 91' lang='lat' dir='ltr'>octo</span> <span class='ocrx_word' id='word_1_85' title='bbox 1153 1256 1367 1321; x_wconf 89' lang='lat' dir='ltr'>uncias</span> <span class='ocrx_word' id='word_1_86' title='bbox 1413 1255 1758 1319; x_wconf 89' lang='lat' dir='ltr'>admittunt</span> <span class='ocrx_word' id='word_1_87' title='bbox 1803 1274 1875 1318; x_wconf 83' lang='lat' dir='ltr'>ex</span> <span class='ocrx_word' id='word_1_88' title='bbox 1920 1255 2361 1339; x_wconf 85' lang='lat' dir='ltr'>leguminibus,</span> <span class='ocrx_word' id='word_1_89' title='bbox 2396 1256 2450 1319; x_wconf 89' lang='lat' dir='ltr'>si</span> <span class='ocrx_word' id='word_1_90' title='bbox 2483 1255 2611 1319; x_wconf 90' lang='lat' dir='ltr'>sint</span> <span class='ocrx_word' id='word_1_91' title='bbox 2657 1255 2801 1337; x_wconf 88' lang='lat' dir='ltr'>igne</span> 
     </span>
     <span class='ocr_line' id='line_1_11' title="bbox 342 1357 2794 1444; baseline -0.002 -19"><span class='ocrx_word' id='word_1_92' title='bbox 342 1360 552 1425; x_wconf 87' lang='lat' dir='ltr'>tosta:</span> <span class='ocrx_word' id='word_1_93' title='bbox 602 1361 834 1444; x_wconf 88' lang='lat' dir='ltr'>negant</span> <span class='ocrx_word' id='word_1_94' title='bbox 877 1359 1195 1443; x_wconf 86' lang='lat' dir='ltr'>legumina</span> <span class='ocrx_word' id='word_1_95' title='bbox 1239 1358 1404 1422; x_wconf 92' lang='lat' dir='ltr'>sumi</span> <span class='ocrx_word' id='word_1_96' title='bbox 1451 1375 1629 1440; x_wconf 89' lang='lat' dir='ltr'>posse</span> <span class='ocrx_word' id='word_1_97' title='bbox 1674 1360 1852 1422; x_wconf 90' lang='lat' dir='ltr'>cocta</span> <span class='ocrx_word' id='word_1_98' title='bbox 1900 1358 2106 1439; x_wconf 90' lang='lat' dir='ltr'>aquis;</span> <span class='ocrx_word' id='word_1_99' title='bbox 2156 1358 2323 1439; x_wconf 89' lang='lat' dir='ltr'>quia,</span> <span class='ocrx_word' id='word_1_100' title='bbox 2373 1357 2684 1439; x_wconf 90' lang='lat' dir='ltr'>inquiunt,</span> <span class='ocrx_word' id='word_1_101' title='bbox 2734 1357 2794 1421; x_wconf 91' lang='lat' dir='ltr'>id</span> 
     </span>
     <span class='ocr_line' id='line_1_12' title="bbox 341 1460 2799 1545; baseline -0.002 -17"><span class='ocrx_word' id='word_1_102' title='bbox 341 1481 463 1528; x_wconf 91' lang='lat' dir='ltr'>non</span> <span class='ocrx_word' id='word_1_103' title='bbox 497 1462 777 1527; x_wconf 83' lang='lat' dir='ltr'>admittit</span> <span class='ocrx_word' id='word_1_104' title='bbox 821 1461 1221 1527; x_wconf 89' lang='lat' dir='ltr'>consuetudo.</span> <span class='ocrx_word' id='word_1_105' title='bbox 1269 1461 1356 1525; x_wconf 89' lang='lat' dir='ltr'>At</span> <span class='ocrx_word' id='word_1_106' title='bbox 1402 1461 1541 1543; x_wconf 89' lang='lat' dir='ltr'>quis</span> <span class='ocrx_word' id='word_1_107' title='bbox 1588 1480 1751 1525; x_wconf 90' lang='lat' dir='ltr'>nunc</span> <span class='ocrx_word' id='word_1_108' title='bbox 1788 1460 1949 1545; x_wconf 89' lang='lat' dir='ltr'>apud</span> <span class='ocrx_word' id='word_1_109' title='bbox 1982 1480 2094 1525; x_wconf 90' lang='lat' dir='ltr'>nos</span> <span class='ocrx_word' id='word_1_110' title='bbox 2134 1461 2319 1539; x_wconf 89' lang='lat' dir='ltr'>dicat,</span> <span class='ocrx_word' id='word_1_111' title='bbox 2362 1460 2609 1525; x_wconf 88' lang='lat' dir='ltr'>obstare</span> <span class='ocrx_word' id='word_1_112' title='bbox 2660 1479 2799 1524; x_wconf 91' lang='lat' dir='ltr'>con·</span> 
     </span>
     <span class='ocr_line' id='line_1_13' title="bbox 341 1566 779 1632; baseline -0.005 0"><span class='ocrx_word' id='word_1_113' title='bbox 341 1566 779 1632; x_wconf 84' lang='lat' dir='ltr'>suetudinem?</span> 
     </span>
    </p>

    <p class='ocr_par' dir='ltr' id='par_1_5' title="bbox 343 1666 2800 2163">
     <span class='ocr_line' id='line_1_14' title="bbox 430 1666 2800 1751; baseline -0.001 -18"><span class='ocrx_word' id='word_1_114' title='bbox 430 1670 696 1733; x_wconf 85' lang='lat' dir='ltr'>Aliunde</span> <span class='ocrx_word' id='word_1_115' title='bbox 741 1668 796 1733; x_wconf 91' lang='lat' dir='ltr'>si</span> <span class='ocrx_word' id='word_1_116' title='bbox 842 1669 983 1733; x_wconf 87' lang='lat' dir='ltr'>octo</span> <span class='ocrx_word' id='word_1_117' title='bbox 1030 1668 1244 1732; x_wconf 89' lang='lat' dir='ltr'>uncias</span> <span class='ocrx_word' id='word_1_118' title='bbox 1289 1666 1460 1744; x_wconf 87' lang='lat' dir='ltr'>farri,</span> <span class='ocrx_word' id='word_1_119' title='bbox 1511 1685 1748 1751; x_wconf 83' lang='lat' dir='ltr'>oryzae,</span> <span class='ocrx_word' id='word_1_120' title='bbox 1806 1666 2113 1741; x_wconf 88' lang='lat' dir='ltr'>fabarum,</span> <span class='ocrx_word' id='word_1_121' title='bbox 2162 1667 2429 1731; x_wconf 88' lang='lat' dir='ltr'>cicerum</span> <span class='ocrx_word' id='word_1_122' title='bbox 2475 1686 2687 1732; x_wconf 90' lang='lat' dir='ltr'>sumas</span> <span class='ocrx_word' id='word_1_123' title='bbox 2734 1670 2800 1731; x_wconf 93' lang='lat' dir='ltr'>et</span> 
     </span>
     <span class='ocr_line' id='line_1_15' title="bbox 344 1768 2800 1853; baseline -0 -18"><span class='ocrx_word' id='word_1_124' title='bbox 344 1789 504 1853; x_wconf 88' lang='lat' dir='ltr'>aqua</span> <span class='ocrx_word' id='word_1_125' title='bbox 527 1774 703 1836; x_wconf 86' lang='lat' dir='ltr'>cocta</span> <span class='ocrx_word' id='word_1_126' title='bbox 739 1770 892 1834; x_wconf 90' lang='lat' dir='ltr'>velis</span> <span class='ocrx_word' id='word_1_127' title='bbox 916 1769 1250 1845; x_wconf 88' lang='lat' dir='ltr'>comedere,</span> <span class='ocrx_word' id='word_1_128' title='bbox 1276 1769 1667 1850; x_wconf 86' lang='lat' dir='ltr'>pulmentum</span> <span class='ocrx_word' id='word_1_129' title='bbox 1700 1768 2003 1833; x_wconf 83' lang='lat' dir='ltr'>eiusmodi</span> <span class='ocrx_word' id='word_1_130' title='bbox 2042 1768 2434 1846; x_wconf 84' lang='lat' dir='ltr'>exhibebunt,</span> <span class='ocrx_word' id='word_1_131' title='bbox 2461 1768 2627 1850; x_wconf 89' lang='lat' dir='ltr'>quod</span> <span class='ocrx_word' id='word_1_132' title='bbox 2662 1789 2800 1834; x_wconf 86' lang='lat' dir='ltr'>con—</span> 
     </span>
     <span class='ocr_line' id='line_1_16' title="bbox 343 1871 2798 1954; baseline -0 -16"><span class='ocrx_word' id='word_1_133' title='bbox 343 1873 604 1938; x_wconf 88' lang='lat' dir='ltr'>suetudo</span> <span class='ocrx_word' id='word_1_134' title='bbox 638 1874 701 1937; x_wconf 90' lang='lat' dir='ltr'>et</span> <span class='ocrx_word' id='word_1_135' title='bbox 730 1872 1075 1937; x_wconf 90' lang='lat' dir='ltr'>communis</span> <span class='ocrx_word' id='word_1_136' title='bbox 1114 1872 1469 1936; x_wconf 85' lang='lat' dir='ltr'>aestimatio</span> <span class='ocrx_word' id='word_1_137' title='bbox 1501 1871 1756 1936; x_wconf 88' lang='lat' dir='ltr'>habebit</span> <span class='ocrx_word' id='word_1_138' title='bbox 1788 1872 1882 1935; x_wconf 87' lang='lat' dir='ltr'>uti</span> <span class='ocrx_word' id='word_1_139' title='bbox 1913 1872 2061 1954; x_wconf 91' lang='lat' dir='ltr'>quid</span> <span class='ocrx_word' id='word_1_140' title='bbox 2093 1872 2376 1937; x_wconf 90' lang='lat' dir='ltr'>nimium.</span> <span class='ocrx_word' id='word_1_141' title='bbox 2412 1873 2584 1937; x_wconf 90' lang='lat' dir='ltr'>Idem</span> <span class='ocrx_word' id='word_1_142' title='bbox 2610 1872 2798 1937; x_wconf 89' lang='lat' dir='ltr'>dicito</span> 
     </span>
     <span class='ocr_line' id='line_1_17' title="bbox 344 1974 2799 2060; baseline 0 -21"><span class='ocrx_word' id='word_1_143' title='bbox 344 1975 416 2040; x_wconf 89' lang='lat' dir='ltr'>de</span> <span class='ocrx_word' id='word_1_144' title='bbox 453 1995 609 2060; x_wconf 90' lang='lat' dir='ltr'>pane</span> <span class='ocrx_word' id='word_1_145' title='bbox 653 1978 828 2040; x_wconf 88' lang='lat' dir='ltr'>cocto</span> <span class='ocrx_word' id='word_1_146' title='bbox 866 1996 1009 2040; x_wconf 84' lang='lat' dir='ltr'>cum</span> <span class='ocrx_word' id='word_1_147' title='bbox 1056 1995 1239 2059; x_wconf 89' lang='lat' dir='ltr'>aqua,</span> <span class='ocrx_word' id='word_1_148' title='bbox 1288 1975 1386 2039; x_wconf 85' lang='lat' dir='ltr'>vel</span> <span class='ocrx_word' id='word_1_149' title='bbox 1423 1975 1495 2038; x_wconf 88' lang='lat' dir='ltr'>de</span> <span class='ocrx_word' id='word_1_150' title='bbox 1543 1974 1897 2040; x_wconf 88' lang='lat' dir='ltr'>vermiculis</span> <span class='ocrx_word' id='word_1_151' title='bbox 1933 1994 2004 2038; x_wconf 87' lang='lat' dir='ltr'>ac</span> <span class='ocrx_word' id='word_1_152' title='bbox 2034 1974 2304 2057; x_wconf 88' lang='lat' dir='ltr'>pastillis</span> <span class='ocrx_word' id='word_1_153' title='bbox 2352 1975 2718 2058; x_wconf 87' lang='lat' dir='ltr'>(vermicelli</span> <span class='ocrx_word' id='word_1_154' title='bbox 2766 1996 2799 2040; x_wconf 91' lang='lat' dir='ltr'>e</span> 
     </span>
     <span class='ocr_line' id='line_1_18' title="bbox 344 2079 779 2163; baseline -0.002 -19"><span class='ocrx_word' id='word_1_155' title='bbox 344 2079 779 2163; x_wconf 85' lang='lat' dir='ltr'>maecheroni).</span> 
     </span>
    </p>

    <p class='ocr_par' dir='ltr' id='par_1_6' title="bbox 344 2180 2803 2573">
     <span class='ocr_line' id='line_1_19' title="bbox 434 2180 2801 2265; baseline 0 -20"><span class='ocrx_word' id='word_1_156' title='bbox 434 2180 495 2245; x_wconf 86' lang='lat' dir='ltr'>S.</span> <span class='ocrx_word' id='word_1_157' title='bbox 520 2182 876 2265; x_wconf 86' lang='lat' dir='ltr'>Alphonsus</span> <span class='ocrx_word' id='word_1_158' title='bbox 922 2180 1108 2246; x_wconf 90' lang='lat' dir='ltr'>refert</span> <span class='ocrx_word' id='word_1_159' title='bbox 1153 2183 1217 2245; x_wconf 87' lang='lat' dir='ltr'>et</span> <span class='ocrx_word' id='word_1_160' title='bbox 1263 2200 1385 2245; x_wconf 93' lang='lat' dir='ltr'>non</span> <span class='ocrx_word' id='word_1_161' title='bbox 1431 2181 1745 2264; x_wconf 88' lang='lat' dir='ltr'>improbat</span> <span class='ocrx_word' id='word_1_162' title='bbox 1790 2180 2162 2245; x_wconf 89' lang='lat' dir='ltr'>sententiam</span> <span class='ocrx_word' id='word_1_163' title='bbox 2209 2200 2442 2259; x_wconf 88' lang='lat' dir='ltr'>eorum,</span> <span class='ocrx_word' id='word_1_164' title='bbox 2493 2182 2602 2262; x_wconf 92' lang='lat' dir='ltr'>qui</span> <span class='ocrx_word' id='word_1_165' title='bbox 2646 2200 2801 2262; x_wconf 87' lang='lat' dir='ltr'>qua—</span> 
     </span>
     <span class='ocr_line' id='line_1_20' title="bbox 347 2283 2802 2367; baseline -0 -20"><span class='ocrx_word' id='word_1_166' title='bbox 347 2285 492 2348; x_wconf 87' lang='lat' dir='ltr'>tuor</span> <span class='ocrx_word' id='word_1_167' title='bbox 523 2285 634 2347; x_wconf 91' lang='lat' dir='ltr'>aut</span> <span class='ocrx_word' id='word_1_168' title='bbox 670 2284 940 2366; x_wconf 86' lang='lat' dir='ltr'>quinque</span> <span class='ocrx_word' id='word_1_169' title='bbox 986 2284 1200 2348; x_wconf 87' lang='lat' dir='ltr'>uncias</span> <span class='ocrx_word' id='word_1_170' title='bbox 1246 2284 1423 2367; x_wconf 89' lang='lat' dir='ltr'>panis</span> <span class='ocrx_word' id='word_1_171' title='bbox 1470 2302 1631 2365; x_wconf 90' lang='lat' dir='ltr'>aqua</span> <span class='ocrx_word' id='word_1_172' title='bbox 1677 2284 1886 2347; x_wconf 87' lang='lat' dir='ltr'>coctas</span> <span class='ocrx_word' id='word_1_173' title='bbox 1916 2301 2040 2347; x_wconf 92' lang='lat' dir='ltr'>non</span> <span class='ocrx_word' id='word_1_174' title='bbox 2070 2283 2378 2367; x_wconf 86' lang='lat' dir='ltr'>denegant</span> <span class='ocrx_word' id='word_1_175' title='bbox 2415 2283 2709 2366; x_wconf 88' lang='lat' dir='ltr'>additque</span> <span class='ocrx_word' id='word_1_176' title='bbox 2737 2283 2802 2347; x_wconf 89' lang='lat' dir='ltr'>id</span> 
     </span>
     <span class='ocr_line' id='line_1_21' title="bbox 346 2385 2803 2471; baseline 0 -21"><span class='ocrx_word' id='word_1_177' title='bbox 346 2403 383 2450; x_wconf 89' lang='lat' dir='ltr'>a</span> <span class='ocrx_word' id='word_1_178' title='bbox 430 2385 670 2452; x_wconf 87' lang='lat' dir='ltr'>fortiori</span> <span class='ocrx_word' id='word_1_179' title='bbox 716 2385 837 2451; x_wconf 90' lang='lat' dir='ltr'>dici</span> <span class='ocrx_word' id='word_1_180' title='bbox 881 2406 1060 2470; x_wconf 90' lang='lat' dir='ltr'>posse</span> <span class='ocrx_word' id='word_1_181' title='bbox 1099 2386 1171 2450; x_wconf 90' lang='lat' dir='ltr'>de</span> <span class='ocrx_word' id='word_1_182' title='bbox 1201 2385 1621 2471; x_wconf 86' lang='lat' dir='ltr'>leguminibus</span> <span class='ocrx_word' id='word_1_183' title='bbox 1656 2385 2004 2467; x_wconf 90' lang='lat' dir='ltr'>herbisque,</span> <span class='ocrx_word' id='word_1_184' title='bbox 2038 2405 2197 2467; x_wconf 93' lang='lat' dir='ltr'>quae</span> <span class='ocrx_word' id='word_1_185' title='bbox 2227 2386 2433 2450; x_wconf 88' lang='lat' dir='ltr'>minus</span> <span class='ocrx_word' id='word_1_186' title='bbox 2465 2386 2803 2451; x_wconf 88' lang='lat' dir='ltr'>nutrimen-</span> 
     </span>
     <span class='ocr_line' id='line_1_22' title="bbox 344 2485 2329 2573; baseline -0.001 -19"><span class='ocrx_word' id='word_1_187' title='bbox 344 2488 479 2554; x_wconf 90' lang='lat' dir='ltr'>tum</span> <span class='ocrx_word' id='word_1_188' title='bbox 512 2489 806 2573; x_wconf 86' lang='lat' dir='ltr'>praebent</span> <span class='ocrx_word' id='word_1_189' title='bbox 837 2508 1026 2571; x_wconf 89' lang='lat' dir='ltr'>quam</span> <span class='ocrx_word' id='word_1_190' title='bbox 1056 2487 1253 2572; x_wconf 78' lang='lat' dir='ltr'>panis,</span> <span class='ocrx_word' id='word_1_191' title='bbox 1288 2485 1381 2553; x_wconf 83' lang='lat' dir='ltr'>Cf.</span> <span class='ocrx_word' id='word_1_192' title='bbox 1421 2486 1596 2573; x_wconf 86' lang='lat' dir='ltr'>Gury</span> <span class='ocrx_word' id='word_1_193' title='bbox 1628 2489 1752 2553; x_wconf 87' lang='lat' dir='ltr'>vol.</span> <span class='ocrx_word' id='word_1_194' title='bbox 1791 2488 1848 2550; x_wconf 92' lang='lat'>1.</span> <span class='ocrx_word' id='word_1_195' title='bbox 1886 2488 1943 2571; x_wconf 64' lang='grc' dir='ltr'>ἓ.</span> <span class='ocrx_word' id='word_1_196' title='bbox 1986 2489 2136 2552; x_wconf 84' lang='grc'><strong>500.</strong></span> <span class='ocrx_word' id='word_1_197' title='bbox 2173 2507 2232 2571; x_wconf 92' lang='lat' dir='ltr'>q.</span> <span class='ocrx_word' id='word_1_198' title='bbox 2271 2489 2329 2552; x_wconf 87' lang='lat'>7.</span> 
     </span>
    </p>

    <p class='ocr_par' dir='ltr' id='par_1_7' title="bbox 343 2590 2803 3495">
     <span class='ocr_line' id='line_1_23' title="bbox 432 2590 2798 2676; baseline 0 -19"><span class='ocrx_word' id='word_1_199' title='bbox 432 2592 783 2673; x_wconf 83' lang='lat' dir='ltr'>Quaeritur,</span> <span class='ocrx_word' id='word_1_200' title='bbox 834 2592 925 2656; x_wconf 92' lang='lat' dir='ltr'>ait</span> <span class='ocrx_word' id='word_1_201' title='bbox 971 2590 1145 2676; x_wconf 87' lang='lat' dir='ltr'>Gury</span> <span class='ocrx_word' id='word_1_202' title='bbox 1192 2593 1236 2656; x_wconf 91' lang='lat' dir='ltr'>l.</span> <span class='ocrx_word' id='word_1_203' title='bbox 1268 2611 1318 2656; x_wconf 91' lang='lat' dir='ltr'>c.</span> <span class='ocrx_word' id='word_1_204' title='bbox 1354 2612 1412 2673; x_wconf 91' lang='lat' dir='ltr'>q.</span> <span class='ocrx_word' id='word_1_205' title='bbox 1449 2592 1533 2670; x_wconf 82' lang='grc'>6.,</span> <span class='ocrx_word' id='word_1_206' title='bbox 1568 2612 1647 2656; x_wconf 90' lang='lat' dir='ltr'>an</span> <span class='ocrx_word' id='word_1_207' title='bbox 1679 2592 1867 2657; x_wconf 88' lang='lat' dir='ltr'>liceat</span> <span class='ocrx_word' id='word_1_208' title='bbox 1898 2592 1961 2655; x_wconf 94' lang='lat' dir='ltr'>in</span> <span class='ocrx_word' id='word_1_209' title='bbox 2007 2593 2266 2657; x_wconf 85' lang='lat' dir='ltr'>coenula</span> <span class='ocrx_word' id='word_1_210' title='bbox 2314 2592 2409 2656; x_wconf 91' lang='lat' dir='ltr'>uti</span> <span class='ocrx_word' id='word_1_211' title='bbox 2446 2592 2688 2658; x_wconf 90' lang='lat' dir='ltr'>iusculo</span> <span class='ocrx_word' id='word_1_212' title='bbox 2727 2613 2798 2658; x_wconf 82' lang='lat' dir='ltr'>ex</span> 
     </span>
     <span class='ocr_line' id='line_1_24' title="bbox 344 2694 2797 2779; baseline 0 -21"><span class='ocrx_word' id='word_1_213' title='bbox 344 2695 548 2758; x_wconf 86' lang='lat' dir='ltr'>herbis</span> <span class='ocrx_word' id='word_1_214' title='bbox 593 2696 783 2759; x_wconf 89' lang='lat' dir='ltr'>coctis</span> <span class='ocrx_word' id='word_1_215' title='bbox 829 2715 970 2760; x_wconf 90' lang='lat' dir='ltr'>cum</span> <span class='ocrx_word' id='word_1_216' title='bbox 1017 2713 1200 2777; x_wconf 90' lang='lat' dir='ltr'>aqua,</span> <span class='ocrx_word' id='word_1_217' title='bbox 1251 2696 1443 2772; x_wconf 86' lang='lat' dir='ltr'>acet0,</span> <span class='ocrx_word' id='word_1_218' title='bbox 1495 2695 1627 2758; x_wconf 90' lang='lat' dir='ltr'>oleo</span> <span class='ocrx_word' id='word_1_219' title='bbox 1677 2696 1790 2760; x_wconf 88' lang='lat' dir='ltr'>aut</span> <span class='ocrx_word' id='word_1_220' title='bbox 1834 2695 1979 2760; x_wconf 83' lang='lat' dir='ltr'>vino</span> <span class='ocrx_word' id='word_1_221' title='bbox 2026 2694 2297 2760; x_wconf 88' lang='lat' dir='ltr'>decocto.</span> <span class='ocrx_word' id='word_1_222' title='bbox 2348 2695 2431 2759; x_wconf 84' lang='lat' dir='ltr'>Et</span> <span class='ocrx_word' id='word_1_223' title='bbox 2467 2696 2797 2779; x_wconf 89' lang='lat' dir='ltr'>respondet</span> 
     </span>
     <span class='ocr_line' id='line_1_25' title="bbox 344 2796 2800 2876; baseline -0 -14"><span class='ocrx_word' id='word_1_224' title='bbox 344 2797 735 2876; x_wconf 86' lang='lat' dir='ltr'>affirmative,</span> <span class='ocrx_word' id='word_1_225' title='bbox 783 2797 903 2862; x_wconf 91' lang='lat' dir='ltr'>nisi</span> <span class='ocrx_word' id='word_1_226' title='bbox 948 2796 1328 2863; x_wconf 88' lang='lat' dir='ltr'>consuetudo</span> <span class='ocrx_word' id='word_1_227' title='bbox 1377 2797 1754 2874; x_wconf 86' lang='lat' dir='ltr'>adversetur,</span> <span class='ocrx_word' id='word_1_228' title='bbox 1803 2798 1942 2861; x_wconf 92' lang='lat' dir='ltr'>tum</span> <span class='ocrx_word' id='word_1_229' title='bbox 1989 2816 2132 2862; x_wconf 87' lang='lat' dir='ltr'>vero</span> <span class='ocrx_word' id='word_1_230' title='bbox 2183 2798 2273 2862; x_wconf 91' lang='lat' dir='ltr'>ait</span> <span class='ocrx_word' id='word_1_231' title='bbox 2309 2816 2430 2862; x_wconf 92' lang='lat' dir='ltr'>non</span> <span class='ocrx_word' id='word_1_232' title='bbox 2471 2816 2601 2863; x_wconf 89' lang='lat' dir='ltr'>esse</span> <span class='ocrx_word' id='word_1_233' title='bbox 2633 2817 2800 2862; x_wconf 88' lang='lat' dir='ltr'>com-</span> 
     </span>
     <span class='ocr_line' id='line_1_26' title="bbox 343 2898 2799 2984; baseline 0 -20"><span class='ocrx_word' id='word_1_234' title='bbox 343 2899 683 2984; x_wconf 88' lang='lat' dir='ltr'>putandam</span> <span class='ocrx_word' id='word_1_235' title='bbox 714 2900 779 2964; x_wconf 91' lang='lat' dir='ltr'>in</span> <span class='ocrx_word' id='word_1_236' title='bbox 810 2900 1048 2983; x_wconf 90' lang='lat' dir='ltr'>pondus</span> <span class='ocrx_word' id='word_1_237' title='bbox 1081 2918 1307 2981; x_wconf 88' lang='lat' dir='ltr'>aquam</span> <span class='ocrx_word' id='word_1_238' title='bbox 1340 2901 1452 2964; x_wconf 89' lang='lat' dir='ltr'>aut</span> <span class='ocrx_word' id='word_1_239' title='bbox 1481 2899 1715 2976; x_wconf 82' lang='lat' dir='ltr'>vinum,</span> <span class='ocrx_word' id='word_1_240' title='bbox 1748 2898 1900 2964; x_wconf 90' lang='lat' dir='ltr'>bene</span> <span class='ocrx_word' id='word_1_241' title='bbox 1923 2902 2131 2964; x_wconf 90' lang='lat' dir='ltr'>tamen</span> <span class='ocrx_word' id='word_1_242' title='bbox 2159 2901 2383 2980; x_wconf 91' lang='lat' dir='ltr'>oleum,</span> <span class='ocrx_word' id='word_1_243' title='bbox 2409 2901 2585 2966; x_wconf 83' lang='lat' dir='ltr'>iuxta</span> <span class='ocrx_word' id='word_1_244' title='bbox 2616 2899 2799 2980; x_wconf 85' lang='lat' dir='ltr'>Viva,</span> 
     </span>
     <span class='ocr_line' id='line_1_27' title="bbox 343 3000 2803 3090; baseline 0 -23"><span class='ocrx_word' id='word_1_245' title='bbox 343 3003 492 3085; x_wconf 90' lang='lat' dir='ltr'>quia</span> <span class='ocrx_word' id='word_1_246' title='bbox 521 3002 708 3067; x_wconf 90' lang='lat' dir='ltr'>habet</span> <span class='ocrx_word' id='word_1_247' title='bbox 738 3004 1045 3068; x_wconf 88' lang='lat' dir='ltr'>rationem</span> <span class='ocrx_word' id='word_1_248' title='bbox 1076 3002 1214 3067; x_wconf 94' lang='lat' dir='ltr'>cibi.</span> <span class='ocrx_word' id='word_1_249' title='bbox 1255 3000 1414 3066; x_wconf 88' lang='lat' dir='ltr'>Cum</span> <span class='ocrx_word' id='word_1_250' title='bbox 1460 3004 1667 3067; x_wconf 90' lang='lat' dir='ltr'>tamen</span> <span class='ocrx_word' id='word_1_251' title='bbox 1703 3002 1825 3067; x_wconf 89' lang='lat' dir='ltr'>olei</span> <span class='ocrx_word' id='word_1_252' title='bbox 1861 3004 2281 3069; x_wconf 88' lang='lat' dir='ltr'>modicissima</span> <span class='ocrx_word' id='word_1_253' title='bbox 2314 3024 2456 3089; x_wconf 88' lang='lat' dir='ltr'>pars</span> <span class='ocrx_word' id='word_1_254' title='bbox 2507 3006 2803 3090; x_wconf 82' lang='lat' dir='ltr'>adiunga-</span> 
     </span>
     <span class='ocr_line' id='line_1_28' title="bbox 344 3105 2803 3190; baseline 0 -20"><span class='ocrx_word' id='word_1_255' title='bbox 344 3108 468 3185; x_wconf 92' lang='lat' dir='ltr'>tur,</span> <span class='ocrx_word' id='word_1_256' title='bbox 504 3105 698 3171; x_wconf 88' lang='lat' dir='ltr'>Vivae</span> <span class='ocrx_word' id='word_1_257' title='bbox 730 3105 1178 3188; x_wconf 83' lang='lat' dir='ltr'>animadversio</span> <span class='ocrx_word' id='word_1_258' title='bbox 1208 3105 1487 3188; x_wconf 88' lang='lat' dir='ltr'>aliaeque</span> <span class='ocrx_word' id='word_1_259' title='bbox 1516 3105 1579 3170; x_wconf 91' lang='lat' dir='ltr'>id</span> <span class='ocrx_word' id='word_1_260' title='bbox 1610 3125 1826 3190; x_wconf 87' lang='lat' dir='ltr'>genus,</span> <span class='ocrx_word' id='word_1_261' title='bbox 1852 3106 2113 3171; x_wconf 86' lang='lat' dir='ltr'>leviores</span> <span class='ocrx_word' id='word_1_262' title='bbox 2150 3106 2458 3184; x_wconf 87' lang='lat' dir='ltr'>videntur,</span> <span class='ocrx_word' id='word_1_263' title='bbox 2493 3126 2681 3189; x_wconf 90' lang='lat' dir='ltr'>quarn</span> <span class='ocrx_word' id='word_1_264' title='bbox 2729 3109 2803 3170; x_wconf 89' lang='lat' dir='ltr'>ut</span> 
     </span>
     <span class='ocr_line' id='line_1_29' title="bbox 345 3208 2797 3296; baseline 0 -23"><span class='ocrx_word' id='word_1_265' title='bbox 345 3209 444 3274; x_wconf 88' lang='lat' dir='ltr'>vel</span> <span class='ocrx_word' id='word_1_266' title='bbox 474 3209 828 3296; x_wconf 88' lang='lat' dir='ltr'>Theologus</span> <span class='ocrx_word' id='word_1_267' title='bbox 858 3210 935 3275; x_wconf 87' lang='lat' dir='ltr'>iis</span> <span class='ocrx_word' id='word_1_268' title='bbox 968 3211 1126 3275; x_wconf 90' lang='lat' dir='ltr'>serio</span> <span class='ocrx_word' id='word_1_269' title='bbox 1156 3210 1525 3273; x_wconf 88' lang='lat' dir='ltr'>immoretur</span> <span class='ocrx_word' id='word_1_270' title='bbox 1554 3209 1654 3273; x_wconf 87' lang='lat' dir='ltr'>vel</span> <span class='ocrx_word' id='word_1_271' title='bbox 1683 3210 2093 3274; x_wconf 89' lang='lat' dir='ltr'>confessarius</span> <span class='ocrx_word' id='word_1_272' title='bbox 2117 3208 2476 3292; x_wconf 90' lang='lat' dir='ltr'>scrupulose</span> <span class='ocrx_word' id='word_1_273' title='bbox 2501 3209 2797 3290; x_wconf 88' lang='lat' dir='ltr'>inquirat,</span> 
     </span>
     <span class='ocr_line' id='line_1_30' title="bbox 344 3308 2802 3398; baseline -0 -24"><span class='ocrx_word' id='word_1_274' title='bbox 344 3329 415 3375; x_wconf 91' lang='lat' dir='ltr'>eo</span> <span class='ocrx_word' id='word_1_275' title='bbox 446 3312 547 3375; x_wconf 84' lang='lat' dir='ltr'>vel</span> <span class='ocrx_word' id='word_1_276' title='bbox 577 3314 798 3398; x_wconf 83' lang='lat' dir='ltr'>magis,</span> <span class='ocrx_word' id='word_1_277' title='bbox 834 3311 1000 3394; x_wconf 92' lang='lat' dir='ltr'>quod</span> <span class='ocrx_word' id='word_1_278' title='bbox 1030 3311 1308 3375; x_wconf 88' lang='lat' dir='ltr'>minutae</span> <span class='ocrx_word' id='word_1_279' title='bbox 1338 3309 1696 3375; x_wconf 88' lang='lat' dir='ltr'>huiusmodi</span> <span class='ocrx_word' id='word_1_280' title='bbox 1741 3309 2177 3392; x_wconf 88' lang='lat' dir='ltr'>dispositiones</span> <span class='ocrx_word' id='word_1_281' title='bbox 2221 3308 2538 3372; x_wconf 86' lang='lat' dir='ltr'>iudaicum</span> <span class='ocrx_word' id='word_1_282' title='bbox 2591 3311 2802 3392; x_wconf 88' lang='lat' dir='ltr'>potius</span> 
     </span>
     <span class='ocr_line' id='line_1_31' title="bbox 346 3410 1567 3495; baseline 0 -21"><span class='ocrx_word' id='word_1_283' title='bbox 346 3430 533 3491; x_wconf 90' lang='lat' dir='ltr'>quam</span> <span class='ocrx_word' id='word_1_284' title='bbox 568 3414 873 3478; x_wconf 84' lang='lat' dir='ltr'>Ecclesiae</span> <span class='ocrx_word' id='word_1_285' title='bbox 905 3412 1197 3495; x_wconf 89' lang='lat' dir='ltr'>spiritum</span> <span class='ocrx_word' id='word_1_286' title='bbox 1228 3410 1567 3475; x_wconf 85' lang='lat' dir='ltr'>redoleant.</span> 
     </span>
    </p>

    <p class='ocr_par' dir='ltr' id='par_1_8' title="bbox 344 3509 2801 3802">
     <span class='ocr_line' id='line_1_32' title="bbox 434 3509 2800 3595; baseline 0.001 -21"><span class='ocrx_word' id='word_1_287' title='bbox 434 3509 612 3577; x_wconf 84' lang='lat' dir='ltr'>Certe</span> <span class='ocrx_word' id='word_1_288' title='bbox 658 3514 1110 3579; x_wconf 86' lang='lat' dir='ltr'>concedendum</span> <span class='ocrx_word' id='word_1_289' title='bbox 1142 3514 1255 3591; x_wconf 87' lang='lat' dir='ltr'>est,</span> <span class='ocrx_word' id='word_1_290' title='bbox 1306 3514 1378 3576; x_wconf 92' lang='lat' dir='ltr'>ut</span> <span class='ocrx_word' id='word_1_291' title='bbox 1423 3513 1563 3595; x_wconf 90' lang='lat' dir='ltr'>quis</span> <span class='ocrx_word' id='word_1_292' title='bbox 1610 3531 1831 3595; x_wconf 89' lang='lat' dir='ltr'>panem</span> <span class='ocrx_word' id='word_1_293' title='bbox 1878 3513 2021 3577; x_wconf 84' lang='lat' dir='ltr'>vino</span> <span class='ocrx_word' id='word_1_294' title='bbox 2071 3512 2346 3595; x_wconf 86' lang='lat' dir='ltr'>intingat</span> <span class='ocrx_word' id='word_1_295' title='bbox 2394 3515 2457 3576; x_wconf 91' lang='lat' dir='ltr'>et</span> <span class='ocrx_word' id='word_1_296' title='bbox 2487 3512 2576 3576; x_wconf 91' lang='lat' dir='ltr'>sic</span> <span class='ocrx_word' id='word_1_297' title='bbox 2608 3513 2800 3577; x_wconf 89' lang='lat' dir='ltr'>etiam</span> 
     </span>
     <span class='ocr_line' id='line_1_33' title="bbox 348 3612 2801 3699; baseline 0 -23"><span class='ocrx_word' id='word_1_298' title='bbox 348 3614 487 3677; x_wconf 91' lang='lat' dir='ltr'>octo</span> <span class='ocrx_word' id='word_1_299' title='bbox 524 3616 736 3679; x_wconf 90' lang='lat' dir='ltr'>uncias</span> <span class='ocrx_word' id='word_1_300' title='bbox 760 3616 936 3699; x_wconf 89' lang='lat' dir='ltr'>panis</span> <span class='ocrx_word' id='word_1_301' title='bbox 967 3616 1130 3693; x_wconf 88' lang='lat' dir='ltr'>edat,</span> <span class='ocrx_word' id='word_1_302' title='bbox 1171 3614 1318 3698; x_wconf 83' lang='lat' dir='ltr'>quia</span> <span class='ocrx_word' id='word_1_303' title='bbox 1349 3614 1523 3678; x_wconf 90' lang='lat' dir='ltr'>nulla</span> <span class='ocrx_word' id='word_1_304' title='bbox 1558 3612 2010 3678; x_wconf 86' lang='lat' dir='ltr'>interveniente</span> <span class='ocrx_word' id='word_1_305' title='bbox 2057 3613 2547 3691; x_wconf 88' lang='lat' dir='ltr'>fermentatione,</span> <span class='ocrx_word' id='word_1_306' title='bbox 2586 3613 2801 3677; x_wconf 80' lang='lat' dir='ltr'>vinum</span> 
     </span>
     <span class='ocr_line' id='line_1_34' title="bbox 344 3717 1005 3802; baseline 0.008 -23"><span class='ocrx_word' id='word_1_307' title='bbox 344 3734 468 3780; x_wconf 91' lang='lat' dir='ltr'>non</span> <span class='ocrx_word' id='word_1_308' title='bbox 502 3718 597 3780; x_wconf 88' lang='lat' dir='ltr'>est</span> <span class='ocrx_word' id='word_1_309' title='bbox 634 3717 750 3781; x_wconf 92' lang='lat' dir='ltr'>nisi</span> <span class='ocrx_word' id='word_1_310' title='bbox 799 3721 1005 3802; x_wconf 87' lang='lat' dir='ltr'>potus.</span> 
     </span>
    </p>

    <p class='ocr_par' dir='ltr' id='par_1_9' title="bbox 332 3817 2803 4520">
     <span class='ocr_line' id='line_1_35' title="bbox 432 3817 2801 3907; baseline -0 -23"><span class='ocrx_word' id='word_1_311' title='bbox 432 3817 720 3884; x_wconf 76' lang='lat' dir='ltr'>Ceterum</span> <span class='ocrx_word' id='word_1_312' title='bbox 754 3821 1079 3903; x_wconf 85' lang='lat' dir='ltr'>prudentia</span> <span class='ocrx_word' id='word_1_313' title='bbox 1111 3820 1323 3907; x_wconf 84' lang='lat' dir='ltr'>exigit,</span> <span class='ocrx_word' id='word_1_314' title='bbox 1353 3821 1424 3884; x_wconf 91' lang='lat' dir='ltr'>ut</span> <span class='ocrx_word' id='word_1_315' title='bbox 1455 3820 1657 3884; x_wconf 88' lang='lat' dir='ltr'>multa</span> <span class='ocrx_word' id='word_1_316' title='bbox 1690 3818 2045 3883; x_wconf 86' lang='lat' dir='ltr'>discretioni</span> <span class='ocrx_word' id='word_1_317' title='bbox 2075 3817 2351 3882; x_wconf 89' lang='lat' dir='ltr'>fidelium</span> <span class='ocrx_word' id='word_1_318' title='bbox 2388 3819 2801 3901; x_wconf 89' lang='lat' dir='ltr'>reliquantur,</span> 
     </span>
     <span class='ocr_line' id='line_1_36' title="bbox 341 3920 2799 4008; baseline -0.001 -20"><span class='ocrx_word' id='word_1_319' title='bbox 341 3925 403 3988; x_wconf 90' lang='lat' dir='ltr'>et</span> <span class='ocrx_word' id='word_1_320' title='bbox 434 3922 842 3988; x_wconf 84' lang='lat' dir='ltr'>confessarius</span> <span class='ocrx_word' id='word_1_321' title='bbox 888 3924 1105 4006; x_wconf 89' lang='lat' dir='ltr'>utique</span> <span class='ocrx_word' id='word_1_322' title='bbox 1150 3924 1454 4008; x_wconf 84' lang='lat' dir='ltr'>corrigere</span> <span class='ocrx_word' id='word_1_323' title='bbox 1486 3922 1686 3998; x_wconf 89' lang='lat' dir='ltr'>debet,</span> <span class='ocrx_word' id='word_1_324' title='bbox 1726 3921 1781 3986; x_wconf 91' lang='lat' dir='ltr'>si</span> <span class='ocrx_word' id='word_1_325' title='bbox 1812 3923 1974 3986; x_wconf 90' lang='lat' dir='ltr'>certe</span> <span class='ocrx_word' id='word_1_326' title='bbox 2007 3940 2291 3986; x_wconf 86' lang='lat' dir='ltr'>excessus</span> <span class='ocrx_word' id='word_1_327' title='bbox 2342 3920 2799 4005; x_wconf 81' lang='lat' dir='ltr'>deprehendat3</span> 
     </span>
     <span class='ocr_line' id='line_1_37' title="bbox 336 4023 2803 4109; baseline -0 -19"><span class='ocrx_word' id='word_1_328' title='bbox 336 4025 442 4090; x_wconf 86' lang='lat' dir='ltr'>sed</span> <span class='ocrx_word' id='word_1_329' title='bbox 473 4028 693 4109; x_wconf 90' lang='lat' dir='ltr'>sponte</span> <span class='ocrx_word' id='word_1_330' title='bbox 723 4026 854 4109; x_wconf 91' lang='lat' dir='ltr'>ipse</span> <span class='ocrx_word' id='word_1_331' title='bbox 900 4026 1102 4091; x_wconf 89' lang='lat' dir='ltr'>necin</span> <span class='ocrx_word' id='word_1_332' title='bbox 1150 4025 1449 4091; x_wconf 91' lang='lat' dir='ltr'>tribunali</span> <span class='ocrx_word' id='word_1_333' title='bbox 1495 4023 1914 4109; x_wconf 88' lang='lat' dir='ltr'>poenitentiae</span> <span class='ocrx_word' id='word_1_334' title='bbox 1947 4043 2057 4088; x_wconf 92' lang='lat' dir='ltr'>nec</span> <span class='ocrx_word' id='word_1_335' title='bbox 2089 4024 2152 4088; x_wconf 93' lang='lat' dir='ltr'>in</span> <span class='ocrx_word' id='word_1_336' title='bbox 2184 4024 2574 4088; x_wconf 90' lang='lat' dir='ltr'>catechismis</span> <span class='ocrx_word' id='word_1_337' title='bbox 2623 4025 2803 4089; x_wconf 88' lang='lat' dir='ltr'>debet</span> 
     </span>
     <span class='ocr_line' id='line_1_38' title="bbox 332 4126 2799 4211; baseline -0.002 -19"><span class='ocrx_word' id='word_1_338' title='bbox 332 4128 432 4192; x_wconf 92' lang='lat' dir='ltr'>his</span> <span class='ocrx_word' id='word_1_339' title='bbox 463 4129 931 4211; x_wconf 88' lang='lat' dir='ltr'>quaestionibus</span> <span class='ocrx_word' id='word_1_340' title='bbox 962 4127 1171 4192; x_wconf 87' lang='lat' dir='ltr'>fideles</span> <span class='ocrx_word' id='word_1_341' title='bbox 1203 4147 1441 4192; x_wconf 82' lang='lat' dir='ltr'>vexare.</span> <span class='ocrx_word' id='word_1_342' title='bbox 1476 4127 1557 4192; x_wconf 84' lang='lat' dir='ltr'>Et</span> <span class='ocrx_word' id='word_1_343' title='bbox 1587 4128 1651 4191; x_wconf 92' lang='lat' dir='ltr'>in</span> <span class='ocrx_word' id='word_1_344' title='bbox 1686 4126 1851 4191; x_wconf 89' lang='lat' dir='ltr'>hisce</span> <span class='ocrx_word' id='word_1_345' title='bbox 1883 4144 2127 4209; x_wconf 89' lang='lat' dir='ltr'>quoque</span> <span class='ocrx_word' id='word_1_346' title='bbox 2158 4145 2281 4190; x_wconf 90' lang='lat' dir='ltr'>non</span> <span class='ocrx_word' id='word_1_347' title='bbox 2322 4126 2653 4189; x_wconf 90' lang='lat' dir='ltr'>minimum</span> <span class='ocrx_word' id='word_1_348' title='bbox 2692 4126 2799 4189; x_wconf 89' lang='lat' dir='ltr'>tri-</span> 
     </span>
     <span class='ocr_line' id='line_1_39' title="bbox 335 4227 2795 4314; baseline -0.002 -18"><span class='ocrx_word' id='word_1_349' title='bbox 335 4231 649 4296; x_wconf 90' lang='lat' dir='ltr'>buendum</span> <span class='ocrx_word' id='word_1_350' title='bbox 687 4234 781 4296; x_wconf 91' lang='lat' dir='ltr'>est</span> <span class='ocrx_word' id='word_1_351' title='bbox 812 4229 1259 4307; x_wconf 88' lang='lat' dir='ltr'>consuetudini,</span> <span class='ocrx_word' id='word_1_352' title='bbox 1295 4249 1451 4312; x_wconf 90' lang='lat' dir='ltr'>quae</span> <span class='ocrx_word' id='word_1_353' title='bbox 1486 4251 1541 4294; x_wconf 79' lang='lat' dir='ltr'>v,</span> <span class='ocrx_word' id='word_1_354' title='bbox 1578 4250 1670 4314; x_wconf 83' lang='lat' dir='ltr'>gr.</span> <span class='ocrx_word' id='word_1_355' title='bbox 1720 4230 1897 4312; x_wconf 88' lang='lat' dir='ltr'>panis</span> <span class='ocrx_word' id='word_1_356' title='bbox 1945 4250 2087 4293; x_wconf 91' lang='lat' dir='ltr'>cum</span> <span class='ocrx_word' id='word_1_357' title='bbox 2138 4247 2300 4310; x_wconf 88' lang='lat' dir='ltr'>aqua</span> <span class='ocrx_word' id='word_1_358' title='bbox 2350 4228 2510 4292; x_wconf 89' lang='lat' dir='ltr'>cocti</span> <span class='ocrx_word' id='word_1_359' title='bbox 2561 4227 2795 4310; x_wconf 88' lang='lat' dir='ltr'>aliquid</span> 
     </span>
     <span class='ocr_line' id='line_1_40' title="bbox 339 4328 2795 4419; baseline -0.002 -21"><span class='ocrx_word' id='word_1_360' title='bbox 339 4353 461 4399; x_wconf 92' lang='lat' dir='ltr'>non</span> <span class='ocrx_word' id='word_1_361' title='bbox 508 4336 698 4419; x_wconf 86' lang='lat' dir='ltr'>negat</span> <span class='ocrx_word' id='word_1_362' title='bbox 733 4335 878 4410; x_wconf 89' lang='lat' dir='ltr'>illis,</span> <span class='ocrx_word' id='word_1_363' title='bbox 919 4333 1026 4416; x_wconf 88' lang='lat' dir='ltr'>qui</span> <span class='ocrx_word' id='word_1_364' title='bbox 1061 4333 1242 4397; x_wconf 89' lang='lat' dir='ltr'>aliter</span> <span class='ocrx_word' id='word_1_365' title='bbox 1280 4333 1600 4398; x_wconf 89' lang='lat' dir='ltr'>stomacho</span> <span class='ocrx_word' id='word_1_366' title='bbox 1647 4333 2005 4397; x_wconf 89' lang='lat' dir='ltr'>laborarent</span> <span class='ocrx_word' id='word_1_367' title='bbox 2052 4350 2160 4396; x_wconf 90' lang='lat' dir='ltr'>nec</span> <span class='ocrx_word' id='word_1_368' title='bbox 2193 4329 2348 4394; x_wconf 90' lang='lat' dir='ltr'>alios</span> <span class='ocrx_word' id='word_1_369' title='bbox 2397 4328 2574 4394; x_wconf 89' lang='lat' dir='ltr'>facile</span> <span class='ocrx_word' id='word_1_370' title='bbox 2607 4330 2795 4404; x_wconf 90' lang='lat' dir='ltr'>cibos,</span> 
     </span>
     <span class='ocr_line' id='line_1_41' title="bbox 344 4435 1574 4520; baseline -0.002 -20"><span class='ocrx_word' id='word_1_371' title='bbox 344 4438 567 4501; x_wconf 88' lang='lat' dir='ltr'>saltem</span> <span class='ocrx_word' id='word_1_372' title='bbox 604 4438 768 4502; x_wconf 91' lang='lat' dir='ltr'>solos</span> <span class='ocrx_word' id='word_1_373' title='bbox 803 4456 874 4501; x_wconf 90' lang='lat' dir='ltr'>ac</span> <span class='ocrx_word' id='word_1_374' title='bbox 904 4435 1163 4520; x_wconf 83' lang='lat' dir='ltr'>frigidos</span> <span class='ocrx_word' id='word_1_375' title='bbox 1196 4436 1574 4519; x_wconf 85' lang='lat' dir='ltr'>paterentur.</span> 
     </span>
    </p>
   </div>
  </div>
 </body>
</html>
