3497 5147
693 330 806 386 200
886 346 1098 386 'rnac'n
1132 346 1185 385 v.
1213 345 1375 385 secr.
1404 343 1493 385 111.
1520 345 1605 383 nn
1629 344 1951 384 caurum-is
1976 342 2366 384 pnancmvns.
2393 342 2589 384 cAPu‘r
2615 344 2680 383 11.
2707 343 2848 383 nun.
2878 345 2932 384 v.
3006 328 3152 403 [274]

692 461 822 504 non
857 441 1205 505 servandus
1237 463 1298 504 »ι
1336 443 1544 504 tamen
1578 441 1736 503 hanc
1767 439 2052 524 regulam
2090 438 2359 503 subiciit.
2400 462 2436 497 «
2472 439 2563 502 Ex
2595 439 2926 522 praedictis
2963 440 3161 524 igitur

695 543 941 608 videtur
972 542 1316 619 dicendum,
1352 542 1517 624 quod
1549 542 1658 606 ubi
1704 542 1768 605 in
1815 541 2172 605 huiusmodi
2221 542 2543 606 ornatibus
2580 541 2892 607 confessor
2924 544 3162 607 invenit

694 642 864 707 clare
895 648 959 707 et
1000 643 1439 707 indubitanter
1484 644 1768 719 mortale,
1802 646 2011 707 tamen
2044 662 2165 707 non
2214 644 2518 720 absolvat,
2554 644 2672 707 nisi
2720 646 3030 727 proponat
3062 646 3164 709 ab·

695 746 925 810 stinere
974 766 1009 809 a
1048 746 1163 809 tali
1210 746 1481 809 crimine.
1524 744 1588 809 Si
1636 764 1780 809 vero
1829 764 1948 809 non
1999 747 2203 827 potest
2248 745 2410 809 clare
2448 746 2773 829 percipere,
2813 749 3032 811 utrum
3077 748 3162 812 sit

695 848 980 924 mortale,
1017 867 1140 912 non
1180 848 1424 912 videtur
1461 850 1611 912 tunc
1657 847 2118 929 praecipitanda
2151 848 2460 911 sententia
2494 848 2596 930 (ut
2626 848 2779 912 dicit
2810 848 3159 913 Gulielmus

696 949 759 1012 in
792 949 1065 1031 quodam
1096 949 1333 1032 simili),
1362 950 1596 1014 scilicet
1628 952 1701 1013 ut
1731 949 1992 1032 deneget
2022 950 2271 1032 propter
2302 951 2418 1014 hoc
2451 950 2906 1015 absolutionem
2940 952 3039 1016 vel
3067 951 3158 1015 illi

695 1051 890 1115 faciat
942 1052 1383 1116 conscientiam
1437 1051 1509 1114 (16
1565 1052 1854 1126 mortali3
1905 1051 2052 1132 quia
2104 1051 2381 1116 faciendo
2437 1054 2652 1135 postea
2713 1055 2933 1116 contra
2984 1053 3157 1130 illud,

694 1154 945 1218 etiamsi
977 1154 1133 1218 illud
1182 1173 1302 1218 non
1352 1155 1514 1218 esset
1551 1154 1835 1227 mortale,
1869 1154 1925 1217 ei
1973 1154 2091 1216 erit
2121 1154 2421 1230 mortale3
2458 1154 2605 1235 quia
2644 1173 2824 1218 omne
2856 1153 3022 1237 quod
3068 1157 3159 1219 est

640 1318 649 1327 ,
692 1258 913 1320 contra
961 1256 1425 1330 conscientiam,
1461 1256 1747 1319 aedificat
1785 1255 1861 1319 ad
1908 1255 2316 1338 gehennam...
2356 1256 2586 1320 Fateor
2623 1258 2853 1334 tamen,
2890 1255 3050 1337 quod
3098 1258 3160 1320 et

697 1358 1150 1441 praedicatores
1182 1359 1244 1422 in
1279 1358 1684 1441 praedicando
1726 1360 1790 1421 et
1820 1358 2194 1422 confessores
2226 1358 2290 1420 in
2325 1356 2643 1421 audientia
2688 1358 3159 1435 confessionum,

696 1460 921 1524 debent
954 1460 1105 1523 talia
1140 1461 1437 1524 detestari
1462 1462 1525 1524 et
1556 1460 1922 1544 persuadere
1955 1458 2033 1522 ad
2064 1458 2524 1537 dimittendum,
2552 1479 2694 1523 cum
2727 1460 2855 1524 sint
2885 1461 3080 1524 nimia
3104 1462 3164 1525 et

696 1563 1039 1627 excessiva:
1074 1583 1200 1627 non
1240 1567 1445 1626 tamen
1476 1564 1568 1625 ita
1602 1562 1961 1625 indistincte
1992 1581 2271 1624 asserere
2301 1580 2430 1624 esse
2462 1560 2760 1624 mortalia
2783 1587 2844 1625 ».

807 1698 1075 1751 LXXtht.
1110 1699 1189 1748 Η.
1219 1699 1424 1750 peccant
1451 1695 1597 1749 etiam
1634 1694 1869 1758 graviter,
1895 1694 1979 1759 qui
2014 1701 2327 1758 componunt,
2354 1694 2655 1756 describunt,
2684 1702 3060 1760 repraesentant
3083 1695 3160 1748 vel

698 1782 902 1848 pingunt
942 1781 1096 1848 turpia
1136 1789 1183 1834 et
1223 1784 1281 1835 ad
1319 1780 1570 1834 libidinem
1609 1779 1938 1846 provocantia.
1971 1781 2090 1831 Bon.
2122 1782 2316 1843 Sancti„
2343 1785 2391 1831 et
2415 1778 2524 1833 Fin.
2552 1782 2582 1832 Ι.
2609 1795 2653 1832 6.
2679 1794 2723 1833 6.
2755 1781 2837 1833 10.

790 1885 971 1959 274.
1008 1890 1268 1974 Singula
1300 1890 1487 1954 verba
1518 1889 1801 1973 indigent
1831 1887 2346 1962 consideratione;
2389 1888 2535 1968 quia
2582 1887 2856 1952 diversas
2890 1890 3160 1953 rationes

698 1991 988 2056 exhibent
1019 1992 1429 2075 participandi
1462 1992 1580 2055 hoc
1610 1990 1991 2055 scandalum.
2028 1989 2088 2053 S.
2123 1990 2306 2071 Alph.
2340 1989 2491 2054 bene
2522 1991 2586 2054 in
2616 1991 2678 2054 h.
2712 1992 2755 2055 l.
2792 1990 2969 2057 addit
3005 2012 3163 2056 com-

698 2096 995 2176 ponentes
1028 2095 1092 2157 et
1127 2096 1380 2177 agentes
1413 2092 1763 2157 comoedias
1789 2095 2018 2174 turpes.

790 2196 872 2258 Et
904 2195 1108 2277 quoad
1157 2198 1368 2277 turpes
1415 2194 1718 2278 imagines
1765 2196 2020 2276 peccant
2065 2213 2185 2257 non
2240 2195 2424 2260 modo
2471 2194 2793 2278 pingentes
2842 2198 2957 2259 aut
3012 2197 3165 2259 scu]-

699 2301 933 2380 peuteS,
984 2297 1089 2362 sed
1136 2299 1200 2361 et
1245 2298 1487 2379 publice
1536 2298 1924 2379 exponentes.
1976 2295 2074 2358 lta
2121 2296 2229 2377 qui
2275 2296 2595 2371 Venerem,
2643 2295 2993 2360 Adonidem
3049 2301 3159 2362 etc.

702 2400 960 2465 detectis
1008 2400 1307 2482 pudendis
1353 2402 1467 2465 aut
1503 2399 1814 2482 diaphano
1861 2398 1999 2461 velo
2049 2399 2278 2479 opertis
2311 2401 2644 2481 exponunt.
2671 2400 2874 2462 Diana
2914 2401 3069 2464 tom.
3107 2401 3160 2463 7.

701 2505 781 2566 tr.
819 2504 877 2566 5.
913 2524 973 2567 n.
1010 2506 1068 2567 2.

790 2608 978 2671 Recte
1012 2608 1219 2671 tamen
1257 2606 1601 2690 distingues
1638 2604 1942 2688 imagines
1981 2604 2187 2668 viriles
2220 2624 2256 2667 a
2288 2604 2714 2668 muliebribus
2755 2605 2963 2670 Tectis
3002 2608 3164 2670 enim

699 2709 1059 2786 inhonestis,
1087 2709 1299 2773 licebit
1322 2708 1519 2772 nudas
1543 2708 1810 2771 maxime
1837 2707 2044 2770 viriles
2075 2707 2357 2791 pingere:
2392 2707 2596 2788 excipe
2618 2706 2741 2771 nisi
2763 2708 2930 2772 actio
2963 2711 3162 2793 turpis

701 2813 1030 2897 pingatur;
1066 2832 1260 2894 neque
1292 2812 1456 2875 enim
1486 2814 1636 2875 tunc
1673 2810 1990 2875 excusabit
2022 2810 2320 2892 opificem,
2357 2810 2520 2892 quod
2559 2810 2753 2874 oculis
2801 2830 2909 2876 eae
2955 2816 3162 2895 partes

699 2934 821 2980 non
870 2918 1228 2998 appareant.

791 3016 1112 3082 Interdum
1145 3018 1353 3080 tamen
1390 3016 1537 3080 licet
1568 3017 1680 3079 aut
1711 3016 1961 3097 pingere
1999 3015 2112 3077 aut
2149 3013 2438 3097 effingere
2462 3014 2820 3079 inhonestas
2853 3018 3086 3098 parteS‚
3112 3019 3162 3082 si

703 3120 1000 3183 honestus
1034 3119 1118 3182 sit
1149 3117 1309 3194 finis,
1344 3138 1402 3182 v.
1438 3138 1529 3202 gr.
1558 3136 1668 3201 pro
1695 3116 2030 3180 medicinae
2069 3115 2312 3192 studiis,
2348 3134 2470 3179 non
2507 3104 2681 3179 secus
2721 3136 2791 3180 ac
2822 3116 2974 3183 licet
3006 3119 3165 3183 dete-

701 3241 865 3305 gere,
901 3220 953 3284 si
986 3220 1062 3283 ad
1102 3220 1467 3285 medendum
1500 3237 1655 3303 opus
1686 3219 1893 3282 fuerit.

789 3324 1062 3386 Possunt
1109 3325 1319 3386 autem
1366 3322 1657 3388 collocari
1702 3322 1766 3384 in
1815 3320 2060 3403 publico
2108 3321 2264 3394 loco,
2314 3321 2366 3384 si
2415 3320 2624 3402 turpia
2672 3322 3056 3403 operiantur,
3090 3323 3163 3388 ad

704 3428 993 3490 ornatum
1018 3425 1148 3489 scil.
1174 3427 1238 3489 et
1263 3425 1763 3489 ostentationem.
1787 3422 2063 3486 Prudens
2090 3425 2299 3487 autem
2324 3422 2734 3488 confessarius
2755 3423 3165 3491 intentionem

701 3527 1032 3592 scitabitur
1064 3528 1125 3590 et
1157 3546 1308 3590 num
1340 3526 1660 3608 coopertas
1691 3525 1784 3588 ita
1815 3523 2142 3598 retineant,
2178 3524 2251 3587 ut
2283 3542 2404 3587 non
2437 3523 2617 3588 facilc
2650 3526 2928 3590 amoveri
2961 3528 3162 3592 velum

701 3630 918 3712 possit.
954 3628 1208 3693 Ostendi
1248 3629 1540 3711 poterunt
1571 3627 1701 3691 sine
1732 3627 1871 3691 velo
1910 3626 2124 3708 peritis
2148 3627 2210 3689 in
2239 3629 2373 3690 arte
2404 3629 2467 3690 et
2498 3627 2688 3690 simul
2720 3628 3014 3695 scandalo
3046 3650 3163 3695 nou

704 3730 883 3794 facile
918 3731 1214 3794 obnoxiis.

810 3863 1038 3915 Lxxtx.
1060 3865 1206 3929 Resp.
1230 3865 1278 3914 6.
1309 3865 1469 3915 Potest
1501 3861 1762 3927 aliquando
1800 3859 2013 3926 permitti
2052 3857 2263 3927 proximi
2301 3858 2457 3922 ruina,
2483 3861 2678 3924 quando
2703 3859 2749 3913 is
2776 3870 2975 3928 paratus
3000 3871 3073 3917 est
3104 3866 3160 3916 ad

705 3950 882 4001 malum
922 3956 969 4000 et
1008 3950 1131 4001 alter
1170 3963 1263 4000 non
1304 3947 1523 4009 intendit,
1562 3954 1615 4000 ut
1654 3953 1838 4013 peccet,
1877 3948 1962 4000 sed
2017 3951 2200 4000 tantum
2239 3959 2334 3998 non
2389 3947 2655 3999 auterendo
2694 3946 3021 4009 occasionem,
3059 3964 3162 4015 pcr-

705 4031 851 4084 mittit
890 4047 1036 4085 unum
1075 4039 1345 4098 peccatum,
1371 4046 1431 4084 ne
1469 4034 1586 4084 ssant
1627 4032 1784 4098 plura,
1813 4031 1878 4083 ita
1920 4038 1972 4083 ut
2011 4028 2262 4096 permissio
2302 4028 2364 4082 sit
2403 4029 2687 4095 impeditiva
2727 4029 2929 4084 maioris
2969 4033 3093 4086 mali.

792 4127 970 4202 275.
1006 4132 1097 4194 De
1129 4131 1245 4195 hac
1282 4130 1560 4194 doctrina
1606 4129 1709 4194 vix
1756 4130 1888 4193 ulla
1935 4131 2030 4193 est
2074 4128 2401 4192 dubitandi
2445 4129 2629 4193 ratio.
2664 4129 2745 4192 Et
2793 4129 2847 4193 si
2895 4150 2945 4193 s.
2979 4131 3154 4214 Alph.

704 4235 811 4297 lib.
855 4237 914 4297 2.
956 4255 1015 4298 n.
1067 4236 1170 4297 55.
1221 4233 1315 4298 uti
1364 4232 1843 4316 probabiliorem
1888 4233 2076 4296 habet
2123 4231 2514 4309 senteutiam,
2564 4250 2722 4313 quae
2769 4231 2950 4297 docet
2985 4234 3154 4298 licere

703 4337 911 4399 minus
942 4337 1180 4400 malum
1210 4335 1471 4399 suadere
1504 4335 1582 4400 ad
1617 4336 1822 4398 maius
1855 4333 2199 4411 vitandum,
2241 4352 2277 4396 a
2315 4332 2560 4397 fortiori
2593 4334 2655 4397 id
2688 4334 2860 4398 valet
2890 4334 2963 4399 de
2996 4355 3151 4399 mera

704 4439 1121 4520 permissione.
1157 4438 1236 4501 Et
1275 4438 1544 4514 adverte,
1585 4456 1634 4501 s.
1668 4437 1852 4518 Alph.
1887 4436 1974 4499 ibi
2006 4434 2432 4517 quaestionem
2472 4434 2669 4499 facere
2700 4435 2894 4500 etiam
2925 4437 2998 4502 (16
3029 4457 3152 4520 per-

704 4542 1017 4618 missione,
1036 4541 1182 4604 licet
1206 4541 1267 4604 in
1294 4539 1793 4622 responsionibus
1810 4539 2176 4603 immoretur
2199 4538 2404 4602 solum
2427 4538 2588 4601 circa
2613 4536 2770 4600 mali
2789 4540 3148 4612 suaszbnem,

704 4647 770 4709 in
803 4665 925 4727 qua
959 4642 1158 4709 maior
1196 4642 1405 4705 adesse
1438 4641 1682 4704 videtur
1714 4640 2069 4704 difficultas
