3497 5147
310 349 419 425 [84]
1348 362 1437 403 nn
1471 363 1741 405 nannum
2709 352 2784 406 59

311 461 733 544 praesumitur
776 458 1144 526 haereticus.
1197 458 1591 543 Quamquam
1635 460 1700 525 id
1744 461 2215 544 relinquendum
2263 463 2508 529 videtur
2554 463 2783 529 iudicio

313 563 711 647 prudentum,
760 564 868 646 qui
914 582 1047 627 rem
1094 563 1299 629 totam
1345 582 1417 628 ex
1464 564 1748 629 omnibus
1797 564 2105 631 adiunctis
2153 585 2516 649 perpensam
2562 566 2783 632 diiudi-

315 668 455 730 cent
500 666 619 749 (a).
2741 738 2742 741 Ἴ

404 765 533 840 83.
574 767 912 848 Quaeritur
958 788 1038 832 an
1071 767 1417 833 haereticus
1454 767 1793 833 censendus
1831 768 1934 846 sit,
1968 769 2078 851 qui
2110 788 2431 836 assensum
2464 775 2654 856 negat
2697 772 2786 836 di·

318 874 496 937 vinae
542 870 910 935 revelationi
955 870 1236 954 privatae
1282 870 1399 934 sibi
1446 869 1647 935 factae
1694 871 1746 935 si
1795 870 2172 936 sufficienter
2209 874 2264 937 ei
2312 873 2397 937 sit
2443 875 2781 957 proposita.

319 973 616 1056 Quaestio
648 992 773 1038 non
810 974 906 1038 est
935 974 1056 1039 nisi
1101 974 1175 1038 de
1207 992 1299 1051 eo,
1338 973 1434 1039 cui
1476 972 1644 1038 facta
1678 973 1981 1039 divinitus
2010 974 2310 1040 revelatio
2356 977 2470 1041 est.

406 1077 628 1141 Verior
650 1077 717 1140 et
738 1077 1127 1141 communior
1149 1075 1457 1141 sententia
1481 1077 1597 1154 est,
1623 1095 1767 1140 eum
1798 1095 2048 1159 peccare
2079 1079 2296 1142 contra
2328 1078 2512 1144 fidem
2545 1098 2615 1144 ac
2652 1098 2784 1144 esse

320 1198 459 1244 vere
496 1180 615 1243 hoc
644 1179 969 1261 peccatum
999 1177 1406 1243 infidelitatis.
1446 1178 1627 1260 Lugo
1674 1178 1831 1262 disp.
1869 1180 1972 1243 20.
2013 1200 2073 1244 n.
2108 1180 2215 1244 35.
2256 1181 2446 1246 Ratio
2478 1181 2602 1259 est3
2637 1182 2788 1263 quia

322 1300 533 1364 reapse
565 1299 689 1345 non
719 1279 916 1345 credit
944 1281 1098 1345 Dec.

407 1384 536 1447 Iste
584 1384 794 1447 tamen
839 1400 963 1447 non
1008 1381 1350 1447 incurreret
1387 1400 1615 1465 poenas
1669 1381 2126 1449 haereticorum
2178 1402 2290 1449 nec
2336 1384 2488 1450 adeo
2536 1386 2787 1468 proprio

324 1502 506 1549 sensu
551 1483 973 1567 appellaretur
1018 1483 1394 1563 haereticus3
1457 1504 1579 1550 non
1627 1486 1792 1551 enim
1838 1486 2097 1552 discedit
2143 1506 2180 1551 a
2239 1486 2539 1565 doctrina,
2597 1506 2788 1568 quam

322 1586 589 1651 Ecclesia
637 1586 948 1669 proponit.
997 1585 1161 1650 Nam
1198 1589 1272 1651 ut
1319 1586 1547 1652 dicitur
1577 1587 1641 1651 in
1666 1585 2057 1653 Catechismo
2090 1588 2373 1654 Romano
2413 1592 2572 1672 part.
2609 1591 2657 1653 I.
2709 1589 2788 1654 ad

323 1688 430 1753 IX.
464 1688 641 1753 artic.
674 1686 886 1772 Symb.
922 1688 982 1770 §-
1021 1689 1078 1752 1.
1115 1688 1195 1752 ad
1218 1688 1407 1754 verba
1441 1686 1641 1753 Credo
1664 1687 1967 1753 Sanctam
2001 1688 2356 1754 Ecclesiam
2384 1689 2783 1754 catholicam:

332 1816 366 1848 «
395 1789 535 1855 Non
581 1791 744 1855 enim
789 1791 1071 1873 quisque,
1106 1794 1180 1856 ut
1217 1792 1488 1874 primum
1526 1792 1590 1856 in
1636 1791 1756 1856 fide
1788 1792 2084 1875 peccavit,
2118 1792 2465 1857 haereticus
2498 1792 2790 1857 dicendus

330 1894 457 1970 est;
491 1893 593 1957 sed
640 1895 747 1975 qui
776 1893 1085 1959 Ecclesiae
1132 1894 1509 1959 auctoritate
1541 1893 1843 1978 neglecta,
1877 1894 2103 1977 impias
2140 1894 2457 1978 opiniones
2488 1895 2789 1978 pertinaci

328 1995 537 2061 animo
570 1997 783 2061 tuetur
811 2022 873 2060 ›.
914 1997 1093 2081 Lugo
1125 1996 1282 2079 disp.
1319 1998 1424 2061 20.
1463 2017 1566 2062 nn.
1606 1997 1849 2061 35.-44.

411 2093 540 2169 84.
583 2099 760 2179 Quod
806 2118 955 2164 sane
999 2099 1356 2181 requiratur
1401 2099 1762 2183 pertinacia,
1811 2101 1886 2166 ut
1932 2100 2159 2183 aliquis
2203 2100 2552 2167 haereticus
2598 2102 2681 2166 sit
2726 2102 2792 2165 et

324 2200 572 2268 dicatur
620 2204 809 2285 atque
856 2202 1008 2268 adeo
1053 2202 1335 2268 incurrat
1376 2222 1607 2285 poenas
1654 2203 2119 2283 ecclesiasticas,
2171 2224 2381 2270 omnes
2412 2204 2690 2270 fatentur
2725 2204 2790 2267 et

317 2322 428 2387 pro
477 2305 650 2369 certo
682 2305 914 2369 habent
957 2307 1022 2369 et
1068 2306 1279 2388 aperte
1326 2306 1698 2388 supponitur
1741 2307 1806 2370 in
1840 2306 2099 2371 decretis
2130 2308 2553 2372 conciliorum.
2586 2305 2782 2386 Quae·

316 2405 440 2471 stio
489 2406 631 2470 tota
679 2408 775 2470 est
805 2409 1043 2488 quanta
1073 2408 1137 2471 et
1167 2406 1372 2489 qualis
1404 2407 1624 2473 debeat
1663 2428 1794 2474 esse
1825 2409 2183 2475 huiusmodi
2214 2408 2573 2491 pertinacia.
2606 2408 2787 2493 Lugo

316 2508 473 2593 disp.
512 2510 622 2575 20.
655 2529 716 2573 n.
761 2509 909 2575 154.

406 2610 625 2677 Videri
654 2613 865 2696 potest
894 2611 1073 2697 Lugo
1099 2612 1142 2677 l.
1176 2632 1228 2677 c.
1261 2633 1322 2677 n.
1360 2613 1531 2692 155„
1556 2613 1667 2677 ubi
1691 2613 1870 2678 affert
1892 2613 2305 2698 etymologias
2337 2614 2402 2678 et
2424 2631 2561 2678 eam
2584 2613 2789 2698 magis

316 2715 565 2798 probat,
588 2734 750 2797 quae
782 2714 1030 2780 deducit
1061 2733 1131 2780 ex
1153 2735 1275 2795 per
1305 2718 1370 2780 et
1403 2719 1610 2793 tenax,
1645 2716 1717 2779 ut
1748 2715 2057 2798 particula
2077 2735 2199 2795 per
2230 2716 2313 2780 sit
2334 2715 2642 2781 intensiva
2666 2734 2788 2779 non

312 2834 493 2882 secus
526 2836 600 2882 ac
628 2817 696 2882 in
740 2817 911 2883 vocis
941 2816 1306 2898 percupide,
1344 2820 1775 2897 peramanter,
1821 2820 1933 2880 etc.
1983 2818 2046 2881 et
2091 2816 2397 2901 significet
2442 2818 2634 2881 nimis
2677 2821 2793 2880 aut

307 2917 572 2998 fortiter
617 2923 827 2985 ωηατ.
876 2919 1052 2985 Licet
1098 2921 1312 2986 autem
1358 2922 1694 3003 usurpetur
1727 2920 1920 2985 etiam
1965 2921 2030 2984 in
2076 2920 2305 2985 bonam
2350 2922 2612 3003 partem,
2660 2939 2789 2985 sae-

308 3023 452 3105 pius
502 3024 723 3088 tamen
770 3022 834 3085 in
881 3023 1115 3087 malam
1162 3024 1407 3106 partem
1452 3023 1754 3107 accipitur
1801 3025 1866 3087 et
1909 3022 1974 3087 in
2021 3042 2168 3088 casu
2215 3025 2434 3089 nostro
2480 3023 2792 3108 significat

308 3125 621 3191 vitiosam
665 3127 732 3189 et
762 3125 1142 3190 obstinatam
1176 3126 1577 3191 tenacitatem
1608 3125 1951 3190 sententiae
1981 3125 2265 3209 propriae
2296 3128 2511 3191 contra
2543 3145 2793 3191 sensum

305 3227 655 3293 Ecclesiae.

393 3329 616 3396 Notat
651 3328 910 3407 Auctor,
954 3328 1120 3411 quod
1180 3329 1462 3412 pertinax
1519 3329 1653 3394 heic
1690 3349 1814 3394 non
1874 3331 1988 3407 est,
2046 3330 2155 3412 qui
2209 3330 2413 3394 Solimi
2456 3331 2691 3394 acriter
2735 3331 2797 3393 et

301 3432 637 3497 mordicus
666 3432 1042 3510 sententiam
1069 3450 1253 3495 suam
1277 3433 1484 3496 tuetur
1505 3451 1526 3493 .·
1559 3450 1757 3514 neque
1796 3432 1860 3496 id
1893 3449 2050 3514 opus
2081 3450 2233 3496 esse.

395 3536 651 3619 Utique
686 3533 958 3612 fuerunt,
997 3533 1107 3616 qui
1137 3536 1447 3618 negarunt
1484 3534 1694 3599 adesse
1740 3533 2166 3618 pertinaciam,
2218 3535 2552 3616 antequam
2583 3552 2796 3597 errans

306 3640 657 3704 moneatur
700 3636 774 3700 de
821 3655 932 3702 suo
981 3655 1185 3701 errore
1232 3638 1296 3701 et
1340 3635 1750 3701 monitionem
1795 3637 2187 3711 contemnat3
2238 3635 2491 3718 proinde
2536 3634 2791 3718 quidam

310 3740 658 3825 exigebant
704 3739 984 3821 aliquam
1030 3737 1327 3820 temporis
1374 3737 1769 3802 durationem
1814 3756 2073 3819 eamque
2122 3755 2244 3802 non
2292 3737 2618 3816 modicam,
2667 3756 2794 3821 qua

308 3841 841 3928 incorrigibilitas
895 3843 1223 3923 appareret
1268 3841 1331 3905 et
1377 3839 1716 3906 obstinatio
1764 3840 1980 3906 contra
2042 3838 2355 3906 adhibitas
2398 3842 2790 3907 monitiones.

306 3944 499 4029 Apud
548 3945 737 4028 Lugo
786 3941 860 4005 de
906 3941 1055 4006 Fid.
1106 3943 1262 4025 disp.
1312 3944 1418 4006 20.
1467 3962 1526 4006 n.
1556 3942 1726 4028 ἡ156.
1776 3941 1883 4006 ubi
1931 3942 2124 4007 etiam
2169 3942 2397 4008 adsunt
2441 3963 2654 4008 eorum
2704 3962 2799 4008 ar-

304 4053 656 4219 ἓᾚὲἲιξέ
704 4151 827 4217 duo
873 4152 1010 4217 heic
1054 4151 1534 4228 confunduntur,
1583 4170 1800 4235 nempe
1852 4152 1917 4215 1⁰
1947 4152 2097 4234 quid
2144 4153 2300 4217 satis
2333 4152 2438 4229 sit,
2476 4154 2551 4218 ut
2581 4153 2795 4217 reatus

185 4239 192 4246 ¹
302 4256 682 4323 incurratur
712 4253 777 4318 in
810 4253 945 4320 foro
983 4254 1096 4319 Dei
1129 4256 1192 4319 et
1224 4257 1293 4318 2⁰
1323 4253 1470 4337 quid
1502 4253 1637 4319 fieri
1673 4256 2036 4319 consuescat
2068 4254 2131 4319 iu
2171 4254 2304 4319 foro
2339 4256 2608 4319 externo,

383 4526 454 4577 (ι)
482 4522 639 4573 Quae
667 4517 791 4565 fides
819 4520 1062 4565 debeatur
1089 4520 1342 4565 Ecclesiae
1372 4519 1768 4574 definitionibus,
1794 4534 1924 4576 qnae
1952 4536 2053 4566 non
2083 4527 2355 4566 versantur
2383 4524 2516 4566 circa
2544 4535 2623 4567 res
2654 4534 2792 4565 reve·

306 4589 465 4645 latu,
493 4590 737 4634 dicemus
760 4589 818 4632 in
847 4588 949 4632 fine
976 4588 1130 4632 huius
1157 4591 1278 4631 teet.
1308 4588 1367 4632 E.
