3497 5147
715 357 830 412 588
1023 371 1236 413 macr.
1262 373 1340 413 v1.
1367 371 1530 413 soor.
1558 373 1646 414 111.
1670 373 1757 413 ma
1781 373 2004 414 ‘mm-10
2023 373 2244 414 ruane.
2269 372 2600 414 nmanom.
2624 372 2766 414 nun.
2787 372 2868 413 ιν.
3027 357 3176 426 [798]

716 471 951 534 populum
988 467 1161 521 audire
1199 467 1395 522 Missam
1420 468 1468 522 in
1497 468 1732 522 Parocnia
1755 467 1902 535 idque
1926 470 2137 523 suadere
2161 470 2349 532 deceat,
2387 467 2584 521 minime
2621 469 2837 529 deceret.
2873 467 2924 519 id
2953 466 3176 532 (pubuee

713 554 1024 621 praesertim)
1053 553 1340 607 dissuadere
1350 568 1364 618 ;
1392 568 1500 607 nam
1526 552 1641 607 inde
1667 555 1894 608 scandala
1935 561 1982 607 et
2011 553 2195 621 proprii
2223 552 2428 607 Parocbi
2454 560 2767 619 contemptus
2788 551 2928 617 sequi
2955 559 3176 619 possent.

713 640 772 690 Et
796 641 890 691 boc
916 646 1008 704 est,
1034 640 1164 704 quod
1192 637 1362 691 Sixtus
1388 653 1565 691 cavere
1587 637 1759 691 voluit.
1784 637 1988 701 Deinde,
2011 646 2116 691 esto
2142 639 2336 704 antiqua
2368 641 2534 691 forsan
2554 637 2715 702 aliqua
2742 635 2848 689 iura
2868 635 2916 689 id
2943 639 3173 704 habeant,

708 723 783 778 eis
822 724 1177 792 posterioribus
1216 726 1534 791 temporibus,
1575 741 1663 793 per
1704 725 1838 779 varia
1872 726 2125 793 privilegia
2157 734 2501 793 receptamque
2540 724 2942 778 consuetudinem
2983 725 3173 779 univer·

710 813 879 873 salem,
907 819 982 864 est
1007 813 1311 874 derogatum.
1337 810 1491 866 Caiet.
1518 813 1654 875 Lugo
1681 820 1729 863 et
1759 810 1906 865 ceteri
1933 815 2174 865 Auctores
2198 809 2280 864 eit.

817 899 914 951 Nec
954 899 1119 949 obstat
1155 898 1204 948 2.
1244 897 1376 961 qnod
1416 898 1597 949 multos
1634 896 1926 950 canonistas
1963 909 2070 948 eam
2107 894 2387 961 opinionem
2424 902 2624 948 secutos
2659 894 2854 948 asserit.
2891 897 3012 948 Esto
3035 895 3170 950 ‘ettim

706 981 824 1035 otim
860 981 1059 1046 quidam
1098 980 1171 1034 sic
1208 978 1478 1034 senserint:
1518 984 1612 1034 boc
1651 988 1811 1034 tamen
1850 989 2082 1048 tempore,
2111 987 2223 1047 post
2262 987 2336 1034 tot
2373 987 2546 1033 ettam
2574 983 2732 1047 ampla
2758 979 3032 1045 missilem,
3060 988 3171 1047 post

712 1077 808 1121 tam
846 1069 1026 1121 claram
1054 1074 1102 1120 et
1130 1065 1413 1120 diuturnam
1444 1065 1862 1127 consuetudinem,
1891 1073 2002 1132 post
2026 1065 2338 1119 Eminentiss.
2364 1065 2699 1120 cardinalium
2739 1064 3093 1120 declarationes
3119 1073 3170 1120 et

705 1153 924 1220 ipsorum
964 1152 1108 1205 etiam
1151 1149 1432 1204 Pontificum
1475 1159 1588 1203 nota
1626 1153 1821 1202 decreta
1862 1150 2107 1204 contraria
2144 1153 2217 1216 (ut
2250 1150 2344 1203 vid.
2372 1166 2475 1216 seq.
2504 1152 2693 1217 Resp.),
2721 1163 2780 1203 an
2808 1149 2958 1215 aliqui
2995 1150 3043 1203 id
3084 1152 3166 1204 do·

702 1245 861 1299 ceant,
898 1237 1081 1291 nescio,

812 1325 910 1377 Nec
938 1325 984 1376 3.
1009 1327 1147 1377 locus
1168 1323 1388 1378 Trident.
1416 1324 1561 1391 paulo
1591 1328 1701 1374 ante
1728 1321 1775 1374 in
1805 1335 1931 1388 resp.
1961 1321 2154 1384 citatus⁹
2181 1335 2321 1386 quem
2345 1318 2531 1382 obiicit,
2555 1327 2604 1373 ut
2628 1325 2759 1386 patet
2778 1334 2838 1373 ex
2860 1318 2981 1386 ipsis
3001 1320 3164 1374 verbis

705 1414 755 1461 et
781 1408 1113 1462 declaratione
1139 1407 1380 1462 Eminent.
1405 1406 1732 1462 cardinalium
1760 1409 2130 1470 Auetorumque
2151 1405 2398 1458 communi
2427 1405 2771 1471 explicatione.

812 1495 1030 1546 XXXV.
1065 1495 1213 1558 Resp.
1243 1495 1289 1545 2.
1318 1492 1591 1559 Episcopus
1623 1505 1717 1544 non
1745 1497 1908 1556 potest
1945 1488 2183 1550 censuris,
2217 1489 2411 1543 mulctis
2448 1488 2656 1554 aliisque
2680 1489 2853 1557 poenis
2887 1503 3063 1553 cogere
3093 1493 3160 1544 ad

704 1577 995 1631 audiendam
1025 1577 1219 1631 Missam
1253 1576 1301 1630 in
1330 1576 1581 1630 parocbia.
1615 1580 1697 1629 Est
1723 1583 1893 1629 contra
1920 1577 2102 1628 March.
2132 1579 2162 1628 Ι.
2189 1589 2230 1627 c.
2262 1574 2343 1627 ubi
2382 1573 2466 1636 ait,
2493 1573 2793 1643 Requlares
2820 1575 2899 1628 ita
2922 1589 3163 1629 commu-

704 1662 853 1716 niter
872 1662 1219 1731 respondere,
1245 1667 1309 1716 ut
1332 1661 1762 1731 pricileyiorum
1789 1675 2026 1714 suoram
2051 1658 2303 1731 fimbrias
2329 1659 2682 1729 magnificent
2705 1662 2754 1713 et
2780 1657 3014 1712 dilatent
3030 1659 3164 1731 phy·

700 1746 930 1800 lacten-ia
952 1752 999 1799 et
1025 1752 1190 1798 contra
1211 1748 1477 1799 Auctorem
1494 1743 1834 1800 Parochiani
1852 1743 2162 1798 obedientis.
2189 1744 2331 1796 Ratio
2354 1750 2514 1796 aulem
2536 1750 2626 1808 est,
2646 1744 2777 1809 quia,
2802 1751 2853 1797 ut
2873 1744 2940 1799 ait
2960 1747 3157 1811 Navar.,

704 1831 974 1897 Episcopus
1014 1846 1109 1883 non
1148 1838 1310 1897 potest
1350 1831 1522 1884 tollere
1564 1831 1675 1894 (nec
1712 1829 2028 1895 restringere)
2068 1828 2146 1881 ius
2171 1834 2497 1881 communest
2520 1830 2795 1892 generalem
2836 1828 2989 1882 totius
3025 1829 3162 1884 orbis

702 1913 1122 1969 consuetudinem.
1148 1918 1215 1967 lta
1237 1917 1416 1968 docent
1436 1924 1631 1981 praeter
1648 1917 1812 1968 Auctt.
1833 1928 1941 1980 sup.
1965 1914 2067 1967 citt.
2081 1929 2121 1967 s.
2141 1918 2253 1967 Ant.
2276 1929 2323 1979 p.
2339 1915 2388 1966 2.
2413 1912 2484 1966 tit.
2507 1917 2556 1966 9.
2577 1928 2621 1967 c.
2647 1917 2729 1967 40.
2749 1914 2802 1981 ξ.
2826 1917 2875 1966 4.
2893 1916 2944 1967 d.
2961 1916 3008 1968 4.
3021 1917 3159 1980 sylv.

705 2015 754 2051 v.
775 1999 967 2053 Missa.
1001 2001 1159 2053 Tolet.
1181 2002 1348 2064 Laym.
1372 2000 1457 2052 lib.
1481 2001 1529 2053 t.
1552 2007 1587 2052 t.
1607 2000 1658 2052 7.
1686 2014 1792 2067 cap.
1820 2002 1871 2051 3.
1891 2005 1984 2052 etc.
2006 2005 2054 2051 et
2074 2013 2318 2052 commun.
2344 2013 2513 2051 omnes
2532 1999 2771 2063 Tbeologi
2796 2006 2846 2052 et
2863 1997 3160 2053 Canonistae

703 2083 924 2137 moderni
954 2087 1256 2150 ali'eruntque
1289 2088 1419 2137 Azor
1455 2092 1488 2137 t.
1514 2089 1560 2137 t.
1589 2084 1673 2137 lib.
1693 2086 1746 2137 7.
1769 2100 1873 2150 cap.
1905 2089 1950 2137 8.
1974 2092 2162 2150 quaest.
2188 2087 2235 2137 6.
2262 2092 2311 2136 et
2334 2083 2477 2136 Card.
2500 2086 2635 2147 Lugo
2662 2084 2754 2137 dis.
2779 2087 2862 2137 22.
2891 2085 2974 2138 lib.
2999 2088 3044 2138 i.
3069 2101 3158 2153 pro

704 2171 792 2220 bac
832 2167 1066 2221 sententia
1108 2167 1486 2222 declarationem
1518 2168 1849 2222 Cardinalium
1879 2169 1924 2221 in
1954 2168 2225 2221 Tridentin.
2252 2183 2375 2233 quae
2402 2183 2638 2234 expresse
2665 2171 2836 2221 babet:
2861 2168 2984 2222 Non
3000 2184 3158 2238 posse

700 2256 1074 2312 ordinarium
1100 2256 1319 2312 mulctis
1346 2261 1397 2312 et
1422 2258 1614 2326 poenis
1653 2271 1845 2327 coyere
1871 2257 1945 2311 ad
1982 2255 2320 2311 audiendam
2347 2257 2579 2312 Missam
2617 2257 2703 2312 vel
2730 2256 3057 2313 Conciouem
3096 2260 3154 2314 in

692 2343 929 2413 propria
947 2341 1237 2407 Parochia,
1260 2343 1422 2396 etiam
1444 2342 1505 2396 in
1522 2357 1657 2397 casu
1679 2342 2045 2411 neqliqentiae
2063 2345 2116 2395 et
2141 2342 2535 2397 contumaciae.
2558 2346 2634 2404 Et,
2656 2341 2821 2407 siquis
2842 2344 2920 2396 bis
2940 2347 3152 2409 duobus,

680 2437 924 2496 -tanquam
944 2428 1288 2492 angularibus,
1314 2428 1477 2481 minus
1494 2430 1626 2490 ndat,
1654 2430 1815 2490 legere
1836 2435 1997 2493 potest
2017 2429 2222 2481 eandem
2240 2427 2619 2481 declarationem
2640 2432 2768 2494 apud
2785 2430 2933 2482 Barb.
2952 2428 3001 2482 in
3016 2431 3152 2485 Trid.

692 2528 817 2567 sess.
839 2517 922 2566 22.
944 2528 1052 2580 cap.
1077 2516 1125 2565 8.
1148 2511 1213 2566 de
1230 2512 1434 2580 Sacris.
1456 2511 1609 2565 Miss.
1634 2520 1681 2566 et
1701 2526 1823 2565 sess
1847 2511 1930 2563 24.
1953 2509 2018 2565 de
2040 2511 2220 2581 Resor.
2243 2528 2285 2564 c.
2309 2513 2357 2565 4.
2378 2527 2424 2564 n.
2447 2514 2528 2563 12.
2552 2514 2668 2565 ltem
2686 2519 2825 2566 tract.
2847 2512 2913 2567 de
2936 2513 3081 2585 Offic.
3100 2521 3153 2570 et

688 2603 879 2668 potest.
907 2598 1160 2660 Parochi,
1192 2597 1274 2650 ubi
1313 2600 1516 2650 eandem
1545 2596 1833 2650 sententiam
1861 2599 2007 2649 Barb.
2033 2596 2140 2663 ipse
2161 2596 2379 2662 sequitur
2404 2605 2451 2650 et
2481 2612 2565 2663 pro
2594 2612 2648 2651 ea
2676 2612 2818 2664 supra
2854 2598 3025 2662 viginti
3049 2604 3148 2654 Au·

690 2693 854 2738 ctores
880 2684 1096 2736 celebres
1125 2681 1298 2749 partim
1332 2683 1628 2747 TheologoS,
1657 2681 1833 2747 partim
1859 2681 2164 2744 Canonistas,
2192 2696 2286 2747 qua
2316 2683 2599 2745 Regula-res,
2625 2697 2719 2747 qua
2746 2697 2841 2735 non
2880 2686 3149 2747 Regulares

689 2770 823 2822 citat.
840 2769 967 2820 Vide
988 2766 1230 2822 eiusdem
1256 2766 1618 2821 Remissiones
1640 2765 1686 2819 in
1705 2766 1925 2819 Tritlent.
1949 2766 2175 2831 impress.
2197 2766 2492 2833 Antuerpiae
2516 2771 2655 2820 Anno
2681 2768 2828 2821 1644.
2850 2775 2898 2822 et
2923 2772 3146 2824 Zerolam

691 2854 751 2906 in
778 2852 960 2907 Prosci
984 2851 1295 2921 Episcopali
1321 2868 1366 2917 p.
1396 2855 1443 2903 2.
1473 2866 1519 2903 v.
1548 2850 1837 2908 Parochia.
1868 2858 1914 2903 et
1942 2866 1988 2917 p.
2025 2853 2070 2904 t.
2101 2866 2148 2903 v.
2176 2851 2364 2916 Missa,
2393 2851 2445 2920 ξ.
2475 2854 2523 2904 6.
2554 2854 2683 2905 ldem
2722 2852 2948 2907 dissertis
2979 2856 3146 2910 verbis

690 2938 1217 2992 conflrmantClemens
1234 2940 1357 2991 Vlll.
1372 2943 1511 2990 Auno
1540 2940 1553 2988 l
1570 2939 1688 2989 592.
1708 2938 1792 2988 22.
1808 2939 2036 2989 Decemb.
2051 2937 2252 2989 decreto
2275 2951 2382 2997 suc,
2398 2935 2525 2989 circa
2549 2941 2672 2989 banc
2694 2936 2847 3004 ipsam
2864 2947 3146 2996 controver-

688 3025 808 3079 siam
832 3025 985 3079 Duaci
1006 3026 1284 3089 excitatam,
1304 3042 1401 3093 quo
1425 3041 1530 3079 eam
1554 3026 1751 3092 dirimit,
1773 3026 1848 3079 bis
1872 3025 2061 3078 verbis:
2087 3026 2373 3080 Praesenti
2396 3030 2589 3081 nostro
2609 3026 2822 3082 decreto
2840 3031 3144 3101 sancimus,

687 3111 848 3165 licere
860 3109 1208 3164 secularibus
1232 3108 1540 3180 Christique
1558 3109 1808 3179 fidelibus
1829 3110 2128 3173 universis,
2151 3112 2351 3164 Missas
2366 3108 2556 3164 diebus
2578 3111 2877 3167 Dominicis
2899 3117 2952 3168 et
2970 3115 3142 3173 Pestis

686 3195 816 3249 aliis
843 3194 1152 3248 maioribus
1178 3194 1379 3248 audire
1405 3195 1462 3247 in
1492 3194 1724 3249 ecclesiis
1753 3198 1864 3248 lam
1892 3193 2162 3247 Fratrum
2195 3192 2670 3257 Praedicatoram,
2703 3212 2870 3267 quam
2897 3199 3140 3257 aliorum

687 3279 1126 3333 Mendicantium
1152 3294 1363 3334 necnon
1402 3279 1565 3333 etiam
1594 3277 1810 3347 Colleqi.
1836 3278 2085 3334 Societat.
2116 3280 2230 3333 IES
2240 3280 2299 3341 U,
2327 3279 2489 3333 iaxta
2532 3296 2726 3334 eoram
2759 3282 3054 3354 pricileyia
3095 3293 3143 3343 et

684 3363 946 3433 antiquas
974 3362 1416 3427 consuetudine3‚
1448 3361 1743 3416 dammodo
1773 3361 1831 3415 id
1867 3363 1925 3416 in
1952 3367 2320 3432 contemptum
2349 3364 2760 3419 Parochialiam
2786 3366 3140 3425 ecclesiarum

684 3462 801 3503 non
825 3446 1108 3517 sociante!
1127 3454 1240 3503 tam
1265 3448 1422 3502 dictis
1443 3447 1740 3501 Fratribus
1763 3447 2249 3503 Praedicatoribas
2270 3463 2334 3503 ac
2359 3448 2696 3518 Presbyteris
2717 3449 2892 3505 dictae
2909 3452 3141 3510 Societa-

681 3539 770 3604 tia,
796 3554 964 3609 quam
984 3538 1111 3592 aliis
1128 3537 1512 3607 privileyiatis,
1535 3536 1736 3607 quibas
1759 3537 1816 3591 id
1832 3537 1967 3593 Sede
1988 3540 2297 3608 Apostolica
2319 3538 2601 3594 indultam
2623 3544 2699 3593 est
2721 3539 2933 3598 idoneis
2955 3547 3138 3599 tomen

680 3629 728 3678 et
754 3622 824 3678 ab
855 3622 1165 3679 Ordinario
1203 3620 1539 3692 approbatis,
1572 3627 1795 3692 peccata
1819 3638 1943 3688 sua,
1985 3625 2148 3678 etiam
2181 3622 2666 3692 Quadraqesimali
2703 3628 2752 3679 et
2793 3624 3056 3682 Pascltali
3092 3635 3139 3684 et

682 3710 876 3781 quovis
900 3709 1009 3763 alio
1037 3714 1277 3779 tempore
1312 3709 1562 3779 confiteri
1599 3708 1738 3763 licite
1773 3724 1931 3779 posse
1958 3712 2050 3763 etc.
2079 3711 2220 3775 Quod
2260 3710 2299 3759 si
2342 3725 2460 3761 vero
2501 3709 2630 3763 dicta
2671 3710 2923 3778 privilegia
2960 3721 3007 3766 et
3046 3714 3138 3769 alia

682 3794 857 3848 similia
897 3793 1076 3847 elarius
1103 3809 1398 3857 cognoscere
1423 3795 1572 3857 lubet,
1604 3793 1892 3860 inspiciatur
1924 3796 1997 3853 (ut
2024 3793 2117 3844 alia
2153 3797 2356 3855 taceam)
2383 3792 2734 3861 Compendium
2763 3796 3135 3863 Privilegiorum

681 3877 939 3932 societatis
981 3879 1136 3939 uisu,
1179 3878 1261 3930 ubi
1300 3887 1495 3945 praeter
1534 3878 1711 3932 Leonis
1751 3880 1832 3940 X„
1871 3881 2002 3929 clara
2043 3874 2152 3927 sunt
2196 3880 2343 3929 verba
2391 3879 2523 3931 Pauli
2564 3880 2639 3932 ΙΙΙ.
2678 3880 2727 3933 in
2775 3883 2977 3935 Extrav.
3025 3887 3134 3938 data

681 3967 822 4016 Anno
855 3963 1004 4016 ⁴549.
1034 3965 1238 4017 Kalend.
1268 3965 1468 4016 Novem.
1491 3979 1615 4028 quae
1654 3962 1846 4029 incipit:
1877 3962 2024 4015 Licet
2060 3959 2335 4017 debitam:
2374 3980 2467 4029 qua
2507 3964 2762 4019 omnibus
2805 3964 3133 4040 Chrislifide·

684 4044 845 4111 libus,
863 4047 1261 4118 cuiuscumque
1280 4046 1624 4111 conditionis,
1649 4046 1747 4115 qui
1765 4044 1921 4099 verbi
1943 4045 2038 4099 Dei
2047 4045 2558 4114 praedicationibus
2581 4050 2636 4103 in
2661 4050 2875 4119 templis
2891 4053 3132 4109 eiusdem

675 4129 959 4186 Socieeatis
985 4131 1363 4201 interfuerint,
1390 4130 1646 4191 concedit,
1674 4135 1738 4183 ut
1765 4127 1958 4183 ibidem
1986 4129 2186 4184 Missas
2209 4132 2409 4186 audire
2433 4134 2486 4186 et
2502 4132 2868 4190 Sacramenta
2894 4140 3135 4207 recipere

675 4214 843 4270 libere
868 4220 917 4270 et
950 4216 1091 4271 licite
1118 4216 1339 4270 valeant
1363 4230 1538 4283 neque
1562 4214 1637 4268 ad
1662 4213 1719 4267 id
1743 4213 1818 4265 ad
1845 4215 2193 4269 Parocht'ales
2223 4216 2487 4272 Ecclesiae
2527 4217 2779 4274 accedere
2816 4224 3130 4277 teneantur.

678 4303 850 4362 Porr0‚
892 4315 951 4353 ne
990 4301 1099 4367 quis
1126 4300 1344 4361 miretur,
1374 4307 1469 4352 tam
1494 4303 1648 4366 ampla
1680 4297 1931 4365 privilegia
1961 4300 2281 4364 Regularibus
2309 4318 2539 4355 concessa
2568 4319 2592 4354 a
2624 4303 2769 4357 variis
2797 4306 3129 4367 Pontificibus,

672 4385 883 4452 placebit
907 4385 1151 4451 inspicere
1171 4400 1341 4437 corum
1363 4386 1544 4446 BullaS,
1568 4384 1613 4436 in
1636 4383 1812 4449 quibus
1834 4385 2045 4451 reperiet
2065 4386 2246 4439 motiva
2268 4387 2584 4451 gravissima:
2618 4397 2699 4442 aut
2719 4390 2760 4442 si
2781 4406 2868 4444 nec
2891 4392 3132 4459 inspicere

672 4467 824 4533 lubet,
865 4471 1102 4533 recogitet
1140 4473 1325 4535 saltem,
1356 4469 1509 4521 Deum
1540 4468 1697 4535 ipsum
1724 4471 2001 4524 innocentio
2032 4474 2128 4537 lll.‚
2154 4474 2268 4525 dum
2315 4473 2434 4526 vidit
2465 4474 2730 4527 Ecclesiam
2759 4477 3128 4533 Lateranensem

670 4555 763 4608 iam
799 4555 892 4607 iam
932 4554 1190 4619 ruituram,
1231 4553 1505 4606 ostendisse
1544 4570 1647 4608 eam
1675 4556 1938 4611 sustentari
1969 4573 1993 4610 a
2020 4573 2058 4611 S.
2089 4557 2342 4611 Dominico
2371 4566 2418 4612 et
2446 4575 2483 4611 S.
2514 4560 2788 4613 Francisco.
2816 4562 3125 4626 Consideret‚
