3497 5147
372 376 524 451 [926]
1423 389 1507 429 nn
1543 387 1792 432 nummo
2731 368 2836 424 687

368 507 490 554 non
538 506 714 553 secus
762 505 834 550 ac
880 486 1039 550 alter
1086 487 1149 551 et
1196 486 1483 568 quamvis
1514 485 1714 551 victor
1762 483 2055 562 discedat,
2089 501 2285 565 neque
2334 482 2595 546 victoria
2641 499 2846 575 neque

369 591 505 674 ipsa
537 590 673 655 sola
720 588 1065 671 acceptatio
1114 587 1306 652 duelli
1352 587 1795 671 argumentum
1842 587 1956 663 est,
1989 585 2156 668 quod
2203 586 2362 649 alter
2408 584 2492 648 sit
2535 581 2838 647 mentitus

372 695 484 758 aut
514 691 680 775 quod
717 691 917 755 honor
946 690 1070 767 ille,
1106 710 1228 773 quo
1267 710 1330 755 se
1366 690 1599 755 iniuste
1633 689 1950 772 privatum
1989 688 2159 767 dicit,
2194 688 2249 752 ei
2280 686 2596 752 debeatur.

457 796 652 859 Porro
700 812 844 857 cum
889 811 1121 876 poenae
1159 795 1374 858 contra
1412 791 1760 857 duellantes
1808 792 1885 856 ab
1923 790 2197 857 Ecclesia
2244 790 2673 865 decernuntur,
2724 787 2840 852 hoc

371 897 576 980 ipsum
624 894 903 959 duellum
952 895 1198 978 privata
1246 894 1621 960 auctoritate
1668 895 2027 977 susceptum
2072 892 2545 978 intelligendum
2583 893 2703 955 est:
2753 890 2843 955 lo-

372 1000 651 1082 quuntur
680 998 844 1063 enim
882 996 1214 1061 Pontifices
1260 996 1335 1061 de
1381 995 1864 1080 provocantibus
1911 996 1975 1059 et
2021 994 2486 1079 acceptantibus
2532 993 2838 1069 duellum3

371 1101 596 1166 idcirco
635 1100 708 1165 de
738 1099 817 1164 iis
863 1098 1211 1181 loquuntur
1256 1099 1367 1181 qui
1413 1099 1661 1183 propria
1710 1097 2109 1175 auctoritate,
2158 1116 2280 1162 non
2329 1097 2528 1162 coacti
2576 1116 2612 1161 a
2659 1115 2840 1179 supe-

371 1205 534 1268 riore
581 1202 689 1285 qui
732 1201 797 1266 id
842 1201 1100 1266 subinde
1145 1200 1424 1286 legitime
1471 1201 1774 1284 imperare
1821 1200 2037 1284 possit,
2087 1200 2306 1265 ineunt
2350 1199 2666 1284 singulare
2712 1216 2841 1261 cer—

375 1308 603 1371 tamen.
640 1307 674 1344 *

464 1404 639 1479 925.
688 1407 779 1471 Ex
824 1407 975 1471 data
1023 1405 1376 1471 definitione
1422 1406 1623 1490 liquet
1667 1405 1994 1471 discrimen
2041 1406 2204 1470 inter
2250 1404 2528 1470 duellum
2575 1404 2638 1468 et
2685 1402 2842 1466 alias

374 1510 565 1575 etiam
598 1510 873 1574 armatas
905 1508 1367 1593 congressiones
1398 1509 1696 1592 privatas.

463 1613 685 1695 Itaque
736 1611 803 1675 1⁰
849 1610 1053 1675 differt
1099 1611 1377 1676 duellum
1424 1630 1461 1675 a
1506 1611 1658 1688 rixa,
1694 1629 1838 1674 cum
1885 1608 2139 1692 quidam
2187 1628 2258 1672 ex
2304 1608 2544 1691 impetu
2589 1608 2716 1672 irae
2765 1606 2843 1671 ad

376 1737 651 1803 pugnam
698 1736 761 1781 se
808 1716 1234 1800 provocanteS,
1269 1715 1488 1779 statim
1535 1713 2047 1799 congrediuntur3
2098 1712 2269 1776 deest
2301 1713 2464 1776 enim
2496 1710 2843 1776 essentialis

374 1820 667 1897 conditiO,
702 1818 868 1901 quod
906 1817 1021 1882 fiat
1052 1838 1122 1882 ex
1154 1817 1456 1882 condicto.

556 1922 625 1985 20
655 1920 871 2003 Neque
908 1921 1004 1986 est
1041 1919 1340 1996 duellum,
1374 1920 1428 1984 si
1465 1919 1576 2002 qui
1608 1918 1747 1983 odio
1781 1938 1845 1983 se
1883 1920 2340 2002 prosequenteS‚
2376 1917 2625 1983 obviam
2671 1916 2841 1993 facti,

378 2045 442 2090 se
474 2025 552 2089 ad
583 2043 860 2109 pugnam
892 2022 1166 2088 excitant
1196 2022 1619 2105 districtisque
1650 2021 1878 2107 gladiis
1910 2021 2133 2085 mutuo
2166 2021 2229 2084 in
2261 2039 2326 2085 se
2357 2020 2624 2085 irruunt.
2654 2018 2841 2084 Ratio

379 2127 593 2191 eadem
625 2145 697 2191 30
726 2125 790 2190 in
823 2125 1033 2208 priori.

558 2227 627 2290 3⁰
658 2225 723 2291 Si
746 2226 931 2291 iidem
957 2227 1298 2309 provocant
1320 2245 1384 2291 se
1408 2246 1478 2290 ex
1504 2224 1787 2291 condicto
1813 2225 1891 2289 ad
1916 2224 2108 2290 talem
2131 2224 2338 2290 locum
2365 2227 2428 2289 et
2451 2225 2671 2291 statim
2695 2223 2846 2287 illuc

377 2330 642 2415 pergant
685 2328 893 2411 ibique
956 2348 1129 2394 arma
1184 2330 1528 2405 conserant,
1577 2328 1755 2393 iuxta
1803 2328 2046 2410 aliquos
2105 2327 2380 2393 nondum
2426 2328 2522 2391 est
2569 2326 2846 2391 duellum

377 2430 572 2515 (apud
608 2430 923 2496 Bonacina
958 2430 1033 2494 de
1079 2428 1377 2495 Oensumzs
1408 2430 1564 2514 disp.
1602 2432 1662 2494 2.
1696 2450 1754 2512 q.
1791 2430 1852 2493 3.
1888 2451 1948 2513 p.
1983 2430 2089 2494 48.
2123 2449 2183 2494 n.
2223 2430 2348 2514 7.);
2390 2430 2540 2512 quia
2586 2447 2709 2494 non
2740 2428 2848 2492 ha-

377 2535 557 2601 betur
594 2532 899 2599 condictio
948 2532 1249 2618 temporis
1291 2532 1443 2598 adde
1481 2536 1542 2598 et
1583 2552 1905 2598 armorum
1952 2535 2140 2616 atque
2180 2532 2424 2599 videtur
2456 2534 2664 2617 potius
2711 2549 2849 2617 pro-

378 2636 619 2714 secutio
658 2636 826 2700 rixae
873 2654 945 2699 ex
993 2635 1233 2718 impetu
1278 2636 1406 2700 irae
1456 2636 1729 2714 obortae,
1771 2655 1960 2719 quam
2008 2636 2286 2702 duellum
2319 2656 2391 2701 ex
2428 2637 2709 2701 condicto
2749 2654 2848 2700 su-

378 2740 676 2822 sceptum.
726 2735 906 2818 Quod
959 2736 1210 2820 quidem
1253 2737 1319 2801 in
1364 2739 1745 2820 quaestione,
1798 2758 1876 2803 an
1923 2757 2155 2823 poenae
2185 2739 2600 2819 incurrantur,
2641 2741 2848 2805 tenere

379 2842 544 2906 licet.
586 2838 764 2905 Certe
810 2841 865 2904 si
911 2839 1234 2905 conflictus
1280 2840 1442 2904 inter
1488 2840 1644 2906 duos
1694 2861 1768 2905 ex
1804 2842 2142 2925 improviso
2193 2843 2474 2908 oboritur
2511 2844 2575 2907 et
2610 2843 2730 2926 ipsi
2777 2860 2850 2906 ex

381 2943 596 3008 eodem
638 2942 806 3006 rixae
852 2942 1094 3023 impetu
1141 2941 1218 3006 ad
1267 2941 1476 3007 locum
1524 2943 1795 3025 aliquem
1858 2943 2148 3009 idoneum
2195 2965 2266 3009 ex
2315 2965 2511 3028 aequo
2559 2947 2847 3030 pergunt,

380 3063 607 3129 poenas
637 3062 759 3108 non
795 3043 1140 3123 incurrunt,
1177 3046 1249 3108 ut
1285 3044 1624 3109 declaravit
1659 3064 1707 3110 s.
1742 3043 1936 3131 Cong.
1973 3044 2156 3111 Cone.
2186 3049 2246 3111 5.
2276 3048 2508 3112 octobr.
2537 3049 2624 3131 (Ρ)
2655 3048 2845 3111 1744.

383 3147 546 3231 apud
584 3144 829 3211 Scavini
866 3145 959 3210 ed.
996 3147 1055 3209 8.
1092 3148 1244 3211 tom.
1282 3147 1342 3210 2.
1378 3167 1437 3230 p.
1472 3147 1622 3211 480.

559 3246 632 3311 4⁰
677 3247 798 3328 Qui
840 3247 905 3311 in
952 3249 1207 3313 ecclesia
1269 3252 1643 3332 provocatus
1692 3252 1766 3315 ut
1813 3250 1952 3315 inde
2001 3254 2176 3316 exeat
2223 3251 2302 3315 ad
2357 3251 2652 3328 duellum,
2703 3252 2846 3331 exit,

380 3352 630 3435 propter
675 3350 1104 3426 reverentiam,
1156 3351 1233 3415 ab
1281 3370 1371 3428 ea,
1422 3369 1544 3416 non
1592 3352 1820 3416 dicitur
1879 3353 2199 3436 designare
2256 3353 2483 3416 locum.
2535 3354 2850 3418 Bonacina

382 3454 529 3518 ibid.
564 3474 622 3518 n.
661 3454 726 3518 8.

564 3558 631 3618 5⁰
662 3556 728 3622 Si
757 3556 897 3638 quis
935 3555 1117 3620 alteri
1152 3555 1336 3620 offert
1367 3554 1646 3619 duellum
1680 3573 1941 3637 eumque
1986 3556 2204 3620 statim
2237 3554 2600 3640 aggreditur
2639 3558 2701 3619 et
2731 3555 2852 3633 hic,

382 3658 573 3723 etiam
612 3659 878 3741 acceptis
916 3659 1133 3736 armiS,
1167 3677 1231 3723 se
1263 3657 1551 3734 defendit,
1586 3658 1765 3740 patet
1797 3675 1917 3722 non
1958 3677 2087 3722 esse
2119 3657 2417 3722 duellum.

564 3761 632 3823 6⁰
663 3760 728 3826 Si
766 3761 905 3843 quis
944 3781 1092 3827 cum
1139 3761 1261 3827 alio
1310 3760 1701 3837 contendenS,
1738 3760 1993 3824 domum
2026 3760 2223 3826 currit
2260 3780 2434 3825 arma
2467 3762 2851 3844 sumpturus,

384 3863 557 3928 nulla
588 3863 753 3928 facta
800 3865 1238 3947 provocatione
1272 3884 1343 3929 ac
1377 3883 1658 3929 reversus
1690 3865 1990 3947 provocat
2021 3863 2341 3928 inimicum
2375 3867 2438 3929 et
2470 3863 2852 3950 aggreditur,

385 3967 630 4031 nullum
660 3967 756 4031 est
789 3966 1087 4032 duellum.

570 4069 636 4132 7⁰
666 4067 794 4133 Nec
825 4070 980 4133 satis
1016 4071 1110 4134 est
1156 4070 1210 4135 si
1260 4070 1400 4152 quis
1448 4069 1614 4134 dicat
1662 4068 1863 4146 alteri,
1898 4069 2130 4134 lacesso
2166 4070 2226 4134 te
2259 4069 2336 4133 ad
2375 4069 2671 4145 duellum,
2705 4070 2857 4151 quin

386 4170 668 4257 designet
699 4172 927 4250 locum,
952 4174 1225 4256 tempuS,
1260 4191 1467 4237 arma:
1503 4171 1776 4238 nondum
1809 4172 2041 4236 scilicet
2074 4172 2337 4237 habetur
2370 4191 2440 4236 ea
2473 4171 2854 4254 provocatiO,

387 4294 546 4357 quae
578 4272 805 4338 dicitur
835 4274 1195 4356 provocatio
1235 4273 1312 4337 ad
1347 4274 1644 4340 duellum.

478 4373 650 4448 926.
685 4375 720 4415 *
756 4376 825 4438 8⁰
856 4373 1019 4453 Quid
1044 4375 1096 4439 si
1130 4376 1490 4457 provocatio
1526 4380 1636 4441 aut
1669 4377 2012 4460 acceptatio
2045 4376 2128 4441 sit
2159 4376 2325 4452 ficta,
2352 4394 2422 4441 eo
2455 4376 2622 4458 quod
2645 4395 2858 4460 reapse

384 4478 544 4543 desit
575 4476 839 4542 intentio
880 4475 1069 4540 duelli
1112 4478 1224 4539 aut
1270 4495 1441 4559 spem
1472 4480 1705 4542 certam
1736 4479 1965 4544 habeat
1995 4498 2334 4564 provocans
2383 4481 2495 4543 aut
2534 4481 2859 4562 acceptans

388 4584 666 4650 duellum
699 4584 777 4648 ab
813 4581 955 4646 aliis
990 4579 1362 4665 impeditum
1399 4581 1524 4646 iri?
