3497 5147
318 328 463 404 [458]
992 342 1247 385 smomA
1285 343 1450 385 rums
1488 343 1689 384 mvmr
1726 344 1808 383 isar
1847 343 2095 384 1111113111
2674 332 2782 387 345

402 440 557 505 Heic
604 460 654 506 3.
704 439 888 524 Alph.
937 460 997 504 n.
1039 440 1144 504 69.
1192 439 1381 504 refert
1428 439 1874 522 quaestionem,
1925 459 2003 504 an
2051 440 2324 505 venditio
2373 442 2650 508 beneficii
2696 444 2782 508 sit

318 544 579 609 simonia
609 544 764 609 iuris
796 543 1009 621 divini,
1037 563 1116 607 an
1140 544 1555 607 ecclesiastici.
1596 543 1677 606 Et
1708 543 1909 607 relata
1941 543 2247 607 sententia
2279 544 2642 622 Doctorum,
2671 545 2778 626 qui

318 646 466 710 iuris
513 645 915 710 ecclesiastici
960 664 1092 709 esse
1139 664 1275 709 eam
1323 645 1537 709 dicunt
1582 667 1641 710 n.
1693 646 1821 721 69„
1856 644 1996 708 dein
2044 665 2101 708 n.
2156 645 2258 709 70.
2299 646 2776 729 probabiliorem

316 747 463 812 dicit
508 747 880 812 sententiam
920 747 1389 825 affirmantium,
1425 767 1563 811 eam
1595 766 1726 812 esse
1757 747 1911 812 iuris
1945 747 2157 824 divini,
2194 748 2271 812 ob
2303 748 2775 831 inseparabilem

314 850 747 915 connexionem
794 850 954 915 inter
1000 850 1373 932 temporales
1420 850 1657 914 reditus
1704 851 1768 913 et
1812 849 1912 914 ius
1961 849 2038 912 ad
2087 849 2290 914 officia
2337 850 2772 916 ecclesiastica.

316 951 733 1017 Veruntamen
786 953 1064 1017 concedit
1094 954 1176 1030 id,
1212 952 1379 1034 quod
1423 952 1574 1016 facit
1605 972 1715 1035 pro
1750 953 1940 1035 priori
1988 953 2314 1027 sententia,
2349 972 2526 1035 posse
2558 974 2774 1038 nempe

316 1054 490 1119 Rom.
529 1053 896 1120 Pontificem
929 1074 1213 1138 separare
1244 1056 1343 1119 ius
1382 1055 1457 1119 ad
1490 1054 1726 1119 reditus
1767 1075 1803 1118 a
1837 1055 1970 1119 iure
2003 1054 2080 1118 ad
2118 1073 2313 1132 sacra,
2355 1057 2417 1118 et
2456 1056 2662 1120 iubere
2700 1058 2776 1120 ut

310 1176 489 1239 super
512 1156 808 1221 beneficia
830 1157 1230 1240 imponantur
1254 1157 1591 1240 pensiones,
1619 1157 1958 1242 separando
1983 1157 2142 1222 hanc
2165 1159 2405 1241 partem
2430 1157 2768 1223 fructuum.

393 1259 717 1343 Separatio
764 1259 917 1323 iuris
966 1258 1043 1323 ad
1090 1278 1264 1323 sacra
1314 1279 1349 1322 a
1396 1260 1528 1324 iure
1577 1261 1653 1324 ad
1701 1260 1936 1324 reditus
1976 1260 2414 1344 percipiendOS,
2450 1262 2555 1343 qui
2591 1262 2773 1326 vendi

309 1363 566 1446 possint,
601 1362 929 1445 contingit,
970 1362 1216 1443 quando
1265 1362 1404 1444 quis
1442 1363 1609 1427 locat
1654 1362 1918 1427 fundum
1965 1362 2260 1427 beneficii.
2301 1363 2557 1427 Locatio
2607 1365 2771 1428 enim

308 1465 459 1528 nihil
490 1466 588 1529 est
627 1464 815 1541 aliud,
855 1483 1043 1546 quam
1093 1465 1288 1546 pretio
1337 1465 1545 1545 aliquo
1594 1464 1802 1529 cedere
1850 1465 2032 1528 alteri
2077 1465 2176 1528 ius
2225 1463 2304 1527 ad
2350 1465 2768 1547 percipiendos

309 1567 544 1632 fructus
576 1567 771 1631 fundi.
804 1568 997 1631 Porro
1030 1568 1384 1632 huiusmodi
1417 1567 1646 1631 locatio
1674 1568 1769 1631 est
1796 1567 2013 1649 utique
2045 1567 2286 1643 illicita,
2314 1566 2368 1629 si
2392 1567 2560 1630 ultra
2586 1568 2769 1631 trien-

306 1675 477 1739 nium
524 1675 639 1738 fiat
683 1675 812 1739 sine
856 1675 1107 1739 licentia
1154 1674 1600 1749 ecclesiastica3
1637 1694 1783 1738 nam
1830 1693 1936 1757 per
1981 1674 2319 1737 triennium
2348 1674 2496 1738 licet
2543 1694 2614 1738 ex
2660 1675 2769 1739 Ec-

304 1779 526 1843 clesiae
554 1779 940 1845 concessione
970 1779 1130 1842 hanc
1159 1778 1532 1842 locationem
1574 1777 1790 1841 facere.
1823 1777 2019 1858 Atqui
2051 1776 2217 1858 quod
2262 1776 2396 1840 fieri
2442 1778 2649 1859 potest
2696 1797 2766 1842 ex

308 1880 613 1945 Ecclesiae
633 1882 1018 1946 concessione
1050 1881 1365 1945 evidenter
1387 1881 1655 1963 pertinet
1688 1880 1765 1944 ad
1799 1879 2126 1944 materiam
2149 1879 2303 1943 iuris
2328 1879 2762 1958 ecclesiastici3

306 2002 505 2064 neque
550 1984 708 2047 enim
753 1985 963 2067 posset
1007 1983 1281 2047 Ecclesia
1327 1982 1678 2065 dispensare
1727 1983 1839 2046 aut
1885 1981 2198 2045 licentiam
2242 1980 2405 2058 dare,
2442 1981 2550 2045 ubi
2582 1982 2655 2046 de
2688 1983 2765 2047 si-

299 2085 513 2149 monia
559 2086 711 2150 iuris
757 2086 951 2150 divini
999 2086 1229 2170 agitur.

384 2183 569 2258 458.
602 2188 756 2253 Ηο10
788 2188 1044 2271 proinde
1076 2189 1421 2272 generatim
1449 2188 1808 2253 instituitur
1839 2187 2142 2269 quaestio,
2178 2205 2256 2250 an
2287 2186 2474 2251 liceat
2504 2187 2763 2252 vendere

292 2292 357 2355 et
392 2310 597 2356 emere
629 2293 970 2375 temporale
1010 2311 1314 2356 annexum
1345 2290 1677 2374 spirituali.
1714 2290 1781 2355 Si
1812 2310 2116 2355 annexum
2149 2290 2232 2354 sit
2266 2291 2606 2372 temporale
2644 2291 2764 2374 spi·

296 2393 515 2458 rituali
540 2395 969 2459 antecedenter
993 2394 1080 2476 (n.
1110 2396 1308 2478 243),
1338 2394 1671 2459 dummodo
1697 2394 1938 2458 ratione
1971 2393 2316 2476 spiritualis
2342 2394 2579 2466 annexi,
2606 2396 2760 2477 puta

288 2497 794 2575 consecrationis,
821 2497 1261 2561 benedictionis
1285 2499 1423 2573 etc„
1443 2516 1566 2560 11011
1589 2497 1728 2579 plus
1755 2496 1888 2581 exig
1898 2498 2041 2560 atur
2065 2515 2255 2578 quam
2278 2514 2374 2558 res
2399 2497 2759 2578 temporalis

288 2600 771 2685 independenter
801 2619 837 2664 a
870 2601 1182 2683 spirituali
1213 2601 1400 2676 valet,
1434 2600 1497 2664 id
1528 2620 1635 2683 per
1666 2620 1729 2664 se
1761 2600 1925 2663 licet.
1961 2598 2147 2662 Ratio
2180 2600 2294 2675 est,
2327 2598 2475 2680 quia
2505 2617 2602 2662 res
2634 2619 2762 2663 ma-

283 2703 533 2768 terialis
564 2722 673 2786 per
704 2703 1092 2767 accedentem
1115 2703 1639 2775 consecrationem
1668 2703 1784 2766 etc.
1819 2721 1941 2766 non
1976 2702 2214 2766 amittit
2240 2701 2512 2765 valorem
2551 2720 2755 2781 suum,

285 2806 385 2869 cui
418 2805 549 2870 soli
578 2804 908 2888 respondet
943 2805 1213 2888 pretium
1245 2804 1586 2887 temporale
1619 2804 1786 2886 quod
1815 2804 2020 2868 datur.
2056 2802 2121 2868 Si
2153 2823 2296 2868 vero
2345 2804 2596 2887 propter
2633 2805 2757 2888 spi-

281 2909 517 2973 rituale
555 2926 880 2985 annexum,
915 2909 1249 2991 augeretur
1280 2906 1569 2988 pretium,
1602 2907 1730 2971 iam
1761 2906 1917 2969 illud
1964 2907 2147 2989 pretii
2195 2908 2602 2990 augmentum
2649 2906 2757 2970 da-

279 3012 452 3075 retur
491 3028 618 3094 pro
664 3008 979 3092 spirituali
1025 3009 1089 3073 et
1134 3011 1296 3073 esset
1342 3009 1625 3074 simonia.
1675 3009 1932 3074 Dictum
1978 3010 2074 3073 est
2106 3029 2228 3088 per
2274 3029 2338 3072 se
2361 3030 2381 3087 ,·
2429 3009 2577 3090 quia
2624 3008 2758 3072 fieri

274 3116 507 3196 potest,
547 3113 623 3176 ut
653 3111 1067 3176 ecclesiastica
1097 3112 1233 3196 lege
1265 3112 1668 3195 prohibeatur
1701 3112 1912 3193 aliqua
1943 3112 2302 3176 huiusmodi
2334 3110 2626 3175 venditio.
2656 3111 2756 3174 Ita

268 3235 321 3279 0.
353 3216 467 3280 Εα
499 3234 692 3297 quae,
724 3213 799 3277 de
833 3213 1136 3292 Simonia,
1170 3215 1533 3297 prohibetur
1564 3214 1838 3279 venditio
1872 3214 2031 3278 sacri
2053 3211 2380 3278 Crismatis
2406 3213 2754 3294 (Reiffenst.

270 3318 313 3381 l.
354 3321 416 3383 5.
454 3318 569 3382 tit.
613 3318 675 3380 3.
711 3337 812 3381 nn.
847 3317 1175 3380 321.-325.
1217 3314 1595 3400 Schmalzgr.
1632 3316 1766 3380 eod.
1807 3317 1907 3380 tit.
1949 3337 2008 3380 n.
2050 3317 2222 3398 152).
2266 3314 2490 3379 Suarez
2539 3315 2612 3378 de
2660 3313 2756 3379 Si-

274 3423 491 3488 monia
528 3442 583 3486 c.
628 3421 730 3482 14.

358 3526 485 3589 Per
519 3544 591 3589 se
618 3542 765 3607 ergo
799 3522 979 3587 vendi
1011 3524 1272 3606 possunt
1304 3522 1555 3605 templa,
1592 3522 1811 3586 calices
1844 3523 1982 3586 etc.:
2012 3521 2343 3585 advertunt
2376 3523 2582 3583 tamen
2616 3520 2752 3582 DD.

264 3628 439 3709 quod
464 3626 659 3705 calix,
692 3625 883 3691 vestis
908 3644 1081 3689 sacra
1113 3625 1357 3709 integra
1384 3624 1564 3689 vendi
1594 3626 1856 3706 possunt
1882 3623 2061 3687 alteri
2087 3622 2393 3686 Ecclesiae
2426 3620 2503 3703 (s.
2531 3620 2751 3684 Thom.

268 3728 331 3792 in
362 3732 428 3794 4.
468 3730 555 3794 D.
586 3729 693 3792 25.
721 3747 781 3809 q.
807 3729 869 3791 3.
895 3747 946 3791 0.
976 3729 1035 3792 2.
1064 3728 1148 3809 (11.
1183 3729 1310 3811 3.):
1346 3728 1399 3791 si
1425 3745 1568 3791 vero
1596 3725 1943 3814 vendantur
1967 3725 2043 3789 ad
2071 3744 2219 3790 usus
2245 3725 2555 3808 profanos,
2583 3723 2755 3808 prius

263 3830 613 3915 confringi,
664 3829 858 3895 dissui
906 3829 1129 3894 debent
1175 3831 1286 3907 ita,
1319 3830 1394 3893 ut
1438 3828 1965 3913 consecrationem
2003 3828 2301 3892 amittant
2347 3827 2754 3910 (Anthentica

264 3932 639 3999 Praeterea
683 3930 751 3996 C.
787 3931 861 3995 dc
891 3952 976 3996 ss.
1016 3930 1367 4015 Ecclesiae),
1401 3932 1690 3996 manente
1722 3951 1787 3995 re
1825 3931 2136 3995 materiali
2169 3951 2308 3995 cum
2357 3950 2470 3995 3110
2519 3931 2750 3995 valore.

262 4036 449 4116 Quod
483 4055 642 4101 cum
672 4035 734 4098 in
768 4034 1018 4118 templis
1050 4034 1183 4098 fieri
1230 4036 1528 4117 nequeat3
1580 4035 1667 4099 sic
1699 4034 1863 4098 enim
1911 4053 2032 4098 non
2065 4034 2353 4098 venderes
2386 4033 2507 4096 11131
2539 4052 2756 4116 conge-

259 4138 419 4204 riem
453 4137 772 4220 lapidum,
807 4137 947 4200 hinc
979 4137 1187 4219 plures
1212 4144 1461 4222 negant,
1490 4138 1723 4221 templa
1748 4136 1928 4202 vendi
1955 4156 2132 4221 posse
2158 4136 2554 4219 (Benedictus
2577 4135 2751 4199 XIV.

256 4263 360 4324 qq.
405 4240 585 4307 Gan.
620 4260 680 4322 q.
718 4240 897 4323 142.)
941 4240 1136 4305 innixi
1182 4240 1383 4305 verbis
1429 4261 1479 4304 c.
1529 4240 1878 4321 Querelam,
1915 4240 1988 4304 de
2029 4238 2351 4303 Simonia:
2384 4237 2551 4320 quod
2590 4239 2757 4302 sicut

257 4349 381 4412 emi
402 4368 548 4413 mm
566 4346 805 4425 potuit,
830 4347 927 4410 ita
949 4367 1060 4410 nec
1106 4346 1333 4410 redimi
1363 4346 1637 4410 ecclesia.
1673 4346 1790 4412 Sed
1822 4348 1921 4426 cf„
1959 4346 2305 4430 Schmalzg.
2340 4347 2395 4409 1.
2424 4366 2474 4409 0.
2512 4367 2570 4410 11.
2602 4347 2749 4410 164.

256 4448 445 4516 Certe
498 4448 770 4514 vendere
817 4467 939 4513 non
978 4450 1187 4514 licebit
1233 4450 1310 4513 ad
1357 4469 1507 4514 usus
1554 4450 1867 4533 profanoS,
1902 4449 2007 4514 sed
2056 4450 2108 4512 si
2157 4449 2233 4513 ad
2280 4468 2527 4513 sacrum
2565 4468 2749 4513 usum

260 4553 609 4627 vendatur,
643 4570 753 4614 cur
783 4570 907 4615 non
945 4552 1153 4615 licebit
1183 4552 1246 4615 in
1280 4552 1532 4633 templo,
1568 4551 1733 4632 quod
1779 4552 1925 4615 licet
1955 4551 2019 4614 in
2052 4551 2286 4615 calice?
2334 4549 2624 4614 Ceterum
2663 4568 2751 4613 re-
