3497 5147
342 319 450 411 [781
850 356 936 395 ma
972 356 1413 399 mannan-Am
1449 358 1529 397 m
1565 356 1750 399 vtms
1789 356 1962 397 mum
1999 355 2309 400 opposrns
2740 346 2812 400 49

1365 541 1638 609 CAPUT
1670 544 1780 608 IV.

876 703 958 749 na
989 702 1417 749 mammam
1438 703 1517 749 m*
1548 703 1726 751 vrrus
1757 703 1924 751 From
1948 693 2269 752 opposrms,

447 844 691 897 xxx1v.
718 846 965 911 Respond.
986 846 1029 897 t.
1048 843 1310 898 infidelitas
1326 846 1593 910 generatim
1622 852 1695 899 est
1724 846 1919 913 triplex.
1947 847 2145 902 Prima
2170 847 2349 902 dieitur
2367 848 2619 914 Negativa‚
2641 865 2807 905 eorum

341 927 544 992 scilicet,
571 927 654 993 qui
679 926 799 981 nihil
828 942 1037 994 unquam
1065 930 1126 981 de
1158 929 1252 981 nde
1290 929 1601 983 audiverunt.
1630 932 1768 998 Quae
1808 946 1903 983 non
1945 941 2039 985 tam
2079 939 2154 986 est
2183 940 2451 999 peccatum,
2478 948 2622 999 quam
2651 950 2806 1000 poena

341 1012 556 1080 peecati3
581 1011 711 1078 quia,
741 1011 784 1065 si
810 1011 1051 1074 fecissent,
1071 1013 1200 1077 quod
1226 1012 1275 1065 in
1301 1012 1422 1080 ipsis
1458 1021 1576 1079 erat,
1606 1016 1740 1068 Deus
1766 1018 1910 1068 fldem
1938 1015 2010 1069 eis
2035 1030 2132 1070 non
2167 1017 2520 1071 abscondisset.
2547 1018 2806 1074 Secunda

340 1096 523 1152 dicitnr
558 1097 835 1159 Contraria,
861 1111 1032 1151 eorum
1057 1096 1259 1160 scilicet,
1286 1098 1372 1163 qui
1409 1100 1553 1152 fldem
1592 1099 1686 1153 sibi
1724 1100 2027 1155 sufficienter
2054 1101 2356 1169 propositam
2384 1106 2462 1156 vel
2490 1110 2803 1158 contemnunt

341 1184 422 1236 vel
458 1181 505 1236 ei
541 1182 882 1237 contradicunt
919 1179 1239 1249 pertinaciter,
1270 1189 1322 1237 ut
1361 1183 1606 1237 haeretiei.
1656 1184 1840 1239 Tertia
1866 1184 2044 1239 dicitur
2081 1185 2348 1251 privativa,
2386 1190 2520 1253 quod
2560 1189 2803 1256 privative

342 1273 620 1334 opponatur
656 1266 772 1320 fidei
809 1273 857 1320 et
884 1273 958 1321 est
981 1265 1242 1332 culpabilis
1266 1266 1537 1331 ignorantia
1560 1272 1639 1321 vet
1668 1283 1811 1323 error
1841 1269 1969 1323 circa
1995 1285 2075 1323 res
2108 1268 2237 1324 fidei.
2257 1272 2431 1325 Tuom.
2454 1274 2630 1326 Sancti.
2652 1275 2806 1338 Vasq.

346 1352 515 1416 Laym.
542 1367 585 1404 c.
618 1353 696 1404 10.

430 1455 554 1530 73.
593 1460 915 1544 Laymann
960 1460 1068 1523 lib.
1104 1462 1163 1523 2.
1198 1462 1380 1525 tract.
1427 1461 1483 1524 1.
1518 1481 1650 1544 cap.
1695 1463 1799 1525 12.
1834 1482 1892 1525 n.
1929 1463 1990 1526 3.
2021 1484 2034 1525 ε
2091 1488 2126 1521 ‹<
2159 1464 2329 1528 Inter
2373 1464 2807 1531 infidelitatem

342 1582 506 1625 mere
550 1562 906 1644 negativam
936 1581 1007 1626 ac
1043 1582 1295 1645 prorsus
1332 1563 1715 1646 inculpatam
1767 1564 1954 1646 atque
2001 1564 2438 1644 infidelitatem
2481 1565 2809 1646 formalem

344 1684 414 1729 ac
458 1665 703 1748 proprie
734 1663 986 1741 dictam,
1014 1665 1345 1728 statuenda
1392 1665 1487 1728 est
1531 1666 1734 1729 media
1781 1665 2134 1743 infidelium,
2192 1686 2381 1747 quam
2427 1667 2624 1731 dicere
2672 1689 2808 1751 pos-

342 1786 561 1832 sumus
590 1766 731 1831 fidei
750 1767 1062 1846 privative
1110 1767 1470 1846 oppositam.
1496 1767 1707 1849 anue
1733 1767 1904 1831 aliud
1930 1787 2050 1832 non
2077 1770 2189 1845 est,
2225 1788 2413 1851 quam
2450 1769 2808 1853 ignorantia

346 1869 448 1932 vel
480 1888 645 1932 error
675 1869 737 1931 in
766 1870 946 1933 rebus
976 1868 1137 1945 fidei,
1178 1868 1504 1952 culpabilis
1543 1869 1812 1950 quidem,
1846 1868 1962 1932 sed
1986 1870 2122 1933 sine
2139 1871 2521 1950 pertinacia.
2555 1873 2719 1938 Puta
2753 1874 2807 1939 si

346 1970 691 2035 catholicus
736 1970 959 2053 aliquis
1006 1970 1134 2035 sive
1180 1990 1505 2036 romanam
1552 1973 1615 2035 et
1663 1971 2072 2037 orthodoxam
2120 1972 2303 2037 fidem
2350 1974 2682 2057 professus,
2731 1998 2802 2041 ex

343 2072 619 2136 vincibili
662 2073 1017 2157 ignorantia
1066 2073 1416 2155 opinionem
1464 2073 1739 2155 aliquam
1788 2093 1967 2138 verae
2005 2074 2146 2139 fidei
2184 2077 2562 2141 contrariam
2594 2079 2805 2143 teneat

338 2175 599 2257 paratus
632 2174 839 2238 tamen
863 2193 999 2239 eam
1030 2177 1295 2249 mutare,
1322 2176 1376 2239 si
1399 2177 1616 2239 contra
1648 2175 1959 2242 Ecclesiae
1993 2196 2242 2242 sensum
2280 2197 2352 2241 ac
2384 2178 2804 2246 definitionem

340 2295 473 2341 esse
510 2277 699 2341 sciret
728 2301 792 2340 ›.

427 2378 631 2443 Aliter
668 2378 820 2444 Voit
850 2381 1005 2445 tom.
1043 2380 1099 2443 1.
1134 2399 1194 2443 n.
1222 2379 1403 2443 367.:
1439 2403 1475 2441 ‹
1498 2378 1643 2444 Alia
1675 2383 1770 2444 est
1798 2378 2087 2459 formalis
2119 2400 2310 2463 eaque
2348 2381 2447 2446 vel
2457 2384 2800 2463 privativa,

337 2501 497 2565 quae
544 2483 640 2546 est
686 2482 1012 2565 culpabilis
1060 2482 1333 2546 carentia
1371 2480 1513 2546 fidei
1542 2482 1606 2546 in
1639 2500 1730 2560 eo,
1781 2483 1888 2565 qui
1923 2483 2018 2548 vel
2048 2501 2172 2547 non
2204 2484 2343 2547 vult
2375 2484 2587 2549 audire
2617 2486 2802 2552 fidem

339 2585 439 2650 vel
485 2585 541 2650 ei
586 2585 974 2666 sufficienter
998 2585 1359 2666 propositae
1389 2604 1516 2648 non
1546 2585 1848 2649 assentiri
1878 2585 1976 2649 vel
2020 2604 2145 2650 non
2190 2584 2517 2667 inquirere,
2557 2590 2803 2670 quando

343 2688 621 2752 tenetur:
662 2689 760 2753 vel
807 2689 1077 2772 positiva
1116 2689 1228 2752 aut
1258 2688 1601 2764 contraria,
1636 2707 1796 2770 quae
1844 2690 1937 2753 est
1969 2689 2242 2752 carentia
2272 2688 2416 2754 fidei
2459 2690 2526 2755 in
2571 2710 2662 2770 e0,
2696 2693 2805 2775 qui

344 2790 720 2856 sufficienter
772 2791 1124 2874 propositae
1171 2790 1479 2867 dissentit,
1529 2789 1810 2874 negando
1859 2790 2188 2854 veritatem
2234 2790 2379 2855 fidei
2424 2791 2522 2856 vel
2566 2798 2809 2859 eontra·

340 2894 509 2958 rium
544 2914 819 2959 errorem
865 2892 1199 2959 asserendo
1232 2919 1268 2952 »
1282 2943 1297 2957 .

429 2996 690 3084 Struggl
729 3000 912 3062 tract.
952 2998 1015 3063 4.
1054 3018 1113 3079 q.
1155 2997 1214 3060 2.
1250 3017 1311 3060 n.
1358 2996 1415 3060 1.
1456 2995 1790 3080 distinguit
1851 2996 2083 3079 pariter
2127 2998 2501 3080 neyativam,
2534 3000 2804 3079 prii-ati-

341 3120 481 3164 vam
512 3103 575 3164 et
604 3100 1009 3177 contrariam,
1042 3119 1114 3163 ac
1145 3098 1522 3182 privativam
1555 3097 1803 3162 definit:
1838 3123 1872 3156 «
1901 3098 2016 3162 Est
2046 3100 2320 3165 carentia
2350 3100 2493 3164 fidei
2524 3102 2801 3167 subiecto

339 3204 552 3288 capaci
598 3223 708 3268 seu
754 3202 1006 3268 omissio
1046 3199 1407 3265 voluntaria
1436 3220 1732 3265 assensus
1763 3199 1917 3280 fidei
1946 3201 2015 3263 in
2045 3221 2131 3278 eo,
2160 3202 2261 3266 cui
2290 3201 2440 3267 fides
2472 3203 2570 3267 vel
2609 3205 2803 3287 aliqui

339 3308 471 3372 eius
506 3306 755 3371 articuli
781 3307 930 3370 sunt
952 3304 1329 3369 sufficienter
1366 3303 1670 3387 propositi
1694 3303 1925 3385 absque
1963 3321 2218 3369 assensu
2242 3306 2453 3369 tamen
2484 3308 2795 3372 contrario

340 3411 454 3475 aut
500 3408 1000 3474 contradictorio.
1038 3406 1215 3471 Licet
1257 3406 1455 3491 igitur
1502 3406 1648 3471 talis
1694 3405 2029 3470 infidelitas
2076 3406 2387 3489 privativa
2455 3408 2540 3472 sit
2598 3428 2804 3492 pecca-

338 3512 607 3588 minosa,
634 3511 843 3575 tamen
866 3529 988 3575 non
1013 3507 1285 3573 excludit
1316 3508 1601 3573 habitum
1641 3507 1782 3572 fidei
1807 3508 1978 3591 prius
2016 3509 2291 3574 infusum
2322 3508 2453 3591 (sed
2489 3513 2797 3592 quomodo

341 3634 462 3680 non
512 3611 860 3677 excluditur
904 3611 1158 3675 habitus
1189 3609 1351 3689 fidei,
1385 3630 1527 3674 cum
1566 3630 1694 3690 non
1742 3611 1836 3674 vis
1886 3611 2173 3675 assentiri
2219 3612 2362 3694 post
2393 3612 2802 3678 sufficientem

342 3715 869 3800 propositionem?
900 3715 1026 3779 imo
1059 3712 1372 3795 quomodo
1402 3711 1568 3776 nolle
1600 3713 1665 3801 in
1702 3731 1842 3776 eam
1865 3712 2150 3776 assentiri
2180 3730 2302 3776 non
2328 3715 2422 3777 est
2460 3713 2635 3779 aetus
2667 3735 2807 3781 con-

345 3820 575 3883 trarius
613 3816 757 3882 fidei
774 3818 831 3900 P)
855 3835 995 3880 cum
1028 3835 1149 3880 non
1189 3815 1273 3879 sit
1294 3817 1616 3898 peccatum
1642 3814 2112 3893 commissionis,
2139 3815 2244 3881 sed
2267 3836 2417 3900 pure
2449 3819 2800 3884 omissionis

342 3923 559 3987 contra
594 3920 989 4005 praeceptum
1028 3918 1189 3982 fidei.
1223 3917 1564 3982 Infidelitas
1583 3917 1861 3997 positiva
1905 3937 2013 3982 seu
2044 3920 2356 3984 contraria
2391 3921 2487 3986 est
2518 3941 2802 3987 assensus

338 4024 649 4108 positivus
696 4021 1041 4087 contrarius
1090 4020 1186 4084 vel
1235 4019 1750 4085 contradictorius
1796 4039 1975 4086 verae
2011 4019 2216 4087 fidei...
2250 4021 2426 4087 Unde
2471 4023 2623 4088 haec
2667 4024 2802 4088 infi-

340 4127 564 4192 delitas
622 4124 911 4209 positiva,
975 4122 1221 4205 quando
1285 4125 1381 4186 est
1444 4123 1784 4187 deliberata
1831 4124 1893 4187 et
1940 4122 2291 4188 mortaliter
2352 4125 2795 4207 peccaminosa,

340 4229 611 4296 excludit
648 4226 936 4292 habitum
970 4225 1145 4300 fidei;
1185 4225 1332 4306 quia
1365 4225 1461 4289 est
1498 4227 1820 4308 peccatum
1866 4225 2317 4291 commissionis
2371 4229 2585 4292 contra
2633 4248 2803 4312 prae·

340 4336 589 4417 ceptum
634 4329 778 4394 fidei
823 4328 999 4410 eique
1031 4327 1336 4391 contrarie
1370 4328 1703 4411 opponitur
1733 4352 1794 4391 ».

428 4431 946 4499 Salmanticenses
991 4429 1173 4493 tract.
1210 4430 1314 4493 21.
1348 4449 1479 4513 cap.
1509 4431 1569 4493 3.
1597 4451 1656 4494 n.
1688 4430 1745 4493 1.
1780 4430 2136 4494 nullatenus
2169 4430 2564 4514 distinguunt
2583 4433 2798 4512 priva

345 4539 531 4600 ticam
569 4555 607 4599 a
652 4532 1011 4598 contraria:
1068 4530 1476 4610 «Peccatum,
1526 4532 1692 4613 quod
1737 4532 2092 4596 immediate
2141 4533 2473 4616 opponitur
2504 4533 2663 4608 fidei,
2706 4532 2798 4593 est

501 4669 794 4721 Baranam,
820 4663 992 4710 uorat.
1018 4664 1167 4706 'Temo
1195 4663 1259 4706 11.
2582 4663 2609 4705 4
