3497 5147
789 362 897 416 356
988 378 1198 424 macr.
1230 378 1308 417 VI.
1340 377 1498 417 sncr.
1527 379 1566 417 1.
1596 379 1678 418 on
1703 377 1896 419 ramo
1921 376 2137 416 ruane.
2167 373 2491 416 mccAmGr.
2517 373 2650 415 cAP.
2677 373 2741 414 11.
2767 373 2911 416 nnn.
2943 373 3032 414 111.
3100 357 3244 434 [469]

780 472 1016 537 tradita
1063 472 1135 536 de
1183 473 1492 547 scandalo,
1531 474 1635 538 ubi
1670 494 1740 538 ex
1784 492 1832 537 3.
1868 473 2106 537 Τ1101113
2155 475 2218 536 01
2263 470 2619 556 Augustino
2666 472 2729 534 01
2775 470 3090 534 communi
3120 471 3243 534 sta·

781 575 996 638 tutum
1052 579 1164 650 est,
1220 577 1400 639 licere
1447 577 1666 659 cuique
1716 577 1793 641 ob
1838 575 2140 639 rationem
2188 573 2482 637 notabilis
2529 573 2675 636 boni
2724 572 2823 637 sui
2880 573 3232 655 permittere

777 680 1100 759 peccatum
1141 679 1416 756 alteriue,
1457 678 1620 760 quod
1659 698 1729 741 ex
1761 697 1929 741 mera
1961 677 2146 741 huius
2178 675 2421 740 malitia
2454 675 2762 758 provenit.

868 774 1042 848 469.
1070 779 1308 844 Auctor
1352 781 1487 844 heic
1532 780 1980 864 praetermittit
2025 779 2180 843 alios
2228 796 2426 855 033113,
2462 778 2688 861 quibus
2720 779 2868 843 licet
2898 779 3045 842 dare
3069 778 3240 862 spiri-

776 880 950 944 tuale
984 884 1056 945 ut
1088 882 1398 946 obtineam
1433 883 1791 965 temporale,
1827 881 1992 964 quod
2029 881 2153 944 iam
2201 880 2459 944 debetur
2495 880 2650 944 mihi
2697 881 2888 945 titulo
2936 881 3232 958 iustitiae,

778 982 881 1047 sed
930 984 1132 1047 solum
1166 1004 1271 1066 per
1308 985 1679 1049 iniustitiam
1716 985 1871 1048 mihi
1919 984 2291 1066 denegatur:
2327 1002 2386 1046 v.
2425 1002 2518 1066 gr.

962 1088 1028 1148 1⁰
1060 1086 1150 1149 Ne
1184 1087 1473 1150 amittam
1503 1088 1824 1170 proprium
1856 1084 2158 1149 creditum
2191 1102 2298 1147 seu
2337 1083 2634 1148 debitum.

960 1190 1027 1250 20
1066 1188 1152 1252 Ut
1185 1208 1420 1251 servem
1455 1189 1672 1252 vitam.

956 1291 1025 1352 3⁰
1056 1292 1118 1356 Si
1153 1292 1394 1356 debitor
1439 1292 1645 1373 inique
1678 1291 1921 1355 differat
1952 1289 2144 1354 debiti
2185 1289 2579 1353 solutionem.

956 1392 1026 1455 4⁰
1057 1392 1149 1456 Ne
1182 1412 1279 1457 me
1326 1393 1465 1474 quis
1499 1392 1756 1457 occidat.

956 1496 1024 1558 5⁰
1056 1495 1147 1559 Ne
1201 1497 1338 1577 quis
1371 1514 1468 1559 me
1500 1495 1781 1560 infamet.

958 1599 1026 1659 6⁰
1059 1597 1120 1662 Si
1154 1597 1445 1681 impedire
1469 1598 1655 1662 velim
1680 1597 1851 1661 aliud
1873 1597 2112 1661 malum
2143 1594 2374 1659 iniuste
2405 1594 2562 1659 mihi
2593 1594 2979 1660 inferendum
3007 1594 3100 1660 Cf.
3124 1615 3238 1659 nu-

774 1718 976 1764 meros
1009 1700 1158 1762 436.
1194 1718 1320 1782 seq.

865 1801 1185 1867 Convertit
1218 1804 1428 1866 autem
1464 1801 1539 1865 A.
1579 1804 1783 1866 totam
1829 1801 2312 1866 controversiam
2351 1798 2428 1862 ad
2465 1818 2680 1862 casum
2726 1800 3116 1883 impediendi,
3163 1821 3237 1865 ne

774 1905 912 1986 quis
946 1905 1151 1968 obstet
1181 1905 1601 1968 consecutioni
1636 1903 1932 1967 beneficii.

862 2000 1042 2074 470.
1104 2005 1196 2069 Ne
1252 2010 1463 2069 autem
1510 2026 1828 2088 perperam
1876 2006 2257 2089 accipiantur
2310 2005 2496 2069 verba
2541 2005 2853 2084 Auctoris,
2904 2008 3011 2089 qui
3058 2007 3228 2086 dicit,

772 2126 950 2191 posse
999 2108 1217 2171 redimi
1267 2109 1653 2171 vexationem
1702 2109 1780 2171 ab
1824 2109 2033 2190 inique
2076 2108 2443 2188 impediente
2475 2107 2832 2173 electionem
2856 2111 2955 2175 vel
2989 2130 3234 2192 posses-

771 2211 1008 2273 sionem
1037 2210 1330 2282 beneficii,
1381 2211 1531 2274 bene
1582 2209 1954 2274 advertenda
2004 2214 2150 2275 sunt
2196 2211 2382 2275 verba
2431 2238 2514 2268 =
2560 2211 2650 2274 ad
2690 2212 2860 2293 quod
2900 2213 3004 2276 ius
3047 2215 3121 2278 in
3162 2236 3234 2277 re

770 2309 1072 2375 habes—
992 2359 1072 2368 -
1114 2315 1176 2376 01
1221 2313 1338 2376 rite
1376 2311 1888 2376 considerandum
1939 2316 2050 2389 est,
2100 2313 2409 2394 quomodo
2457 2315 2575 2378 1100
2621 2315 2995 2398 principium
3043 2317 3234 2401 appli-

767 2416 941 2477 cetur
986 2413 1392 2478 diversimode
1441 2414 1518 2477 ad
1556 2414 1912 2477 electionem
1960 2416 2024 2478 et
2071 2415 2147 2478 ad
2175 2416 2648 2496 possessionem.

858 2515 1027 2596 Quae
1052 2516 1460 2581 consideratio
1488 2516 1830 2582 adhibenda
1855 2519 1948 2582 est
1973 2517 2162 2581 etiam
2191 2519 2352 2583 circa
2382 2518 2560 2583 illam
2592 2520 2964 2585 sententiam
2998 2542 3048 2587 3.
3078 2523 3235 2589 Τ110-

769 2639 926 2695 11130,
962 2638 1149 2701 quam
1187 2620 1460 2701 alioquin
1494 2639 1602 2683 ceu
1634 2621 1917 2704 regulam
1951 2622 2014 2684 in
2053 2622 2167 2685 hac
2197 2642 2262 2685 re
2295 2624 2593 2687 Doctores
2631 2624 2835 2688 solent
2868 2626 3142 2708 proferre
3172 2630 3233 2691 et

768 2723 863 2785 est
898 2721 1253 2785 huiusmodi
1286 2741 1355 2785 ex
1392 2724 1449 2784 2.
1487 2724 1547 2786 2.
1582 2743 1640 2804 q.
1686 2725 1832 2786 100.
1870 2726 1988 2788 art.
2026 2725 2083 2787 2.
2121 2724 2196 2787 ad
2238 2725 2334 2789 5.:
2377 2749 2412 2783 «
2453 2725 2816 2803 Dicendum,
2858 2729 3025 2809 quod
3060 2732 3233 2795 ante-

765 2842 954 2904 quam
988 2823 1171 2887 alicui
1205 2825 1563 2906 acquiratur
1599 2826 1784 2889 insin
1816 2826 2193 2910 Episcopatu
2226 2827 2323 2890 vel
2362 2847 2757 2911 quacumque
2789 2830 3103 2915 dignitate
3134 2833 3230 2896 vel

768 2926 1130 3008 praebenda,
1166 2946 1271 3009 per
1295 2927 1654 2992 electionem
1678 2929 1774 2991 vel
1802 2929 2213 3010 provisionem
2238 2948 2344 2993 seu
2377 2930 2793 3009 collationem,
2820 2934 3228 2999 simoniacum

762 3028 925 3091 esset
955 3028 1416 3092 adversantium
1450 3030 1770 3094 obstacula
1796 3032 2052 3111 pecunia
2085 3031 2408 3095 redimere:
2442 3033 2533 3096 sic
2557 3034 2724 3097 enim
2748 3055 2873 3113 per
2891 3039 3228 3115 pecuniam

756 3135 1023 3209 pararet
1065 3131 1190 3195 sibi
1233 3133 1397 3193 viam
1440 3131 1530 3194 ad
1561 3153 1693 3194 rem
1722 3132 2115 3209 spiritualem
2153 3132 2569 3198 obtinendam.
2609 3133 2727 3199 Sed
2757 3140 3092 3220 postquam
3123 3139 3225 3203 ius

766 3232 952 3295 alicui
999 3234 1123 3296 iam
1172 3234 1546 3316 acquisitum
1601 3236 1714 3312 est,
1755 3234 1900 3296 licet
1954 3254 2060 3316 per
2120 3236 2444 3317 pecuniam
2498 3236 2734 3301 iniusta
2783 3239 3225 3322 impedimenta

763 3353 1075 3399 removere
1101 3361 1161 3398 ».

854 3435 913 3499 S.
942 3437 1212 3501 Thomas
1240 3440 1544 3501 memorat
1566 3439 1703 3500 tum
1728 3435 2080 3501 electionem
2103 3441 2242 3502 tum
2258 3438 2648 3504 collationem
2663 3446 3224 3522 seupromzcionem.

761 3539 843 3602 Et
874 3543 1081 3603 tamen
1114 3560 1222 3621 per
1257 3540 1637 3612 electionem,
1674 3559 1796 3619 per
1841 3559 1907 3603 se
1953 3539 2273 3621 loquendo,
2322 3561 2444 3607 non
2492 3544 2838 3625 acquiritur
2888 3547 2996 3612 ius
3043 3551 3112 3612 in
3159 3570 3228 3613 re

762 3643 964 3723 quoad
997 3643 1376 3706 beneficium.
1411 3641 1582 3706 Idem
1614 3643 1802 3707 dicito
1841 3643 1913 3707 de
1947 3644 2122 3707 textu
2153 3645 2350 3709 nostri
2382 3645 2697 3711 AuctoriS.

849 3745 1013 3827 Ergo
1049 3746 1120 3808 ut
1157 3764 1343 3808 sanus
1368 3747 1431 3808 et
1462 3747 1665 3809 certus
1698 3746 1783 3808 sit
1818 3764 2032 3809 sensus
2065 3747 2250 3809 huius
2288 3748 2560 3831 regulae,
2598 3750 2931 3816 tenendum
2967 3758 3084 3829 est,
3121 3775 3225 3821 no-

760 3865 897 3908 men
938 3848 1099 3907 iuris
1134 3849 1428 3927 acquisiti
1451 3867 1559 3911 3011
1595 3849 1660 3909 in
1693 3868 1777 3922 re,
1810 3849 2094 3931 usurpari
2129 3867 2307 3931 posse
2338 3853 2621 3932 respectu
2661 3853 2760 3916 vel
2791 3854 3092 3933 beneficii,
3128 3858 3227 3923 vel

758 3949 919 4011 circa
943 3948 1186 4030 quidvis
1227 3950 1413 4021 aliud,
1452 3950 1600 4013 adeo
1629 3950 1700 4013 ut
1729 3952 1827 4012 ius
1851 3952 1918 4012 in
1943 3972 2009 4013 re
2035 3952 2278 4015 dicatur
2310 3952 2503 4016 relate
2537 3954 2612 4018 ad
2639 3954 2795 4020 illud
2831 3976 3033 4033 omne,
3062 3962 3224 4044 quod

757 4051 1016 4133 quisque
1055 4053 1263 4134 potest
1298 4053 1430 4116 iure
1467 4072 1648 4113 ,suum
1679 4050 1896 4115 dicere.
1938 4051 2035 4116 Sic
2067 4056 2366 4136 patronus
2405 4058 2613 4138 potest
2642 4078 2827 4122 suum
2881 4061 3084 4127 dicere
3128 4064 3230 4129 ius

752 4154 1111 4218 nominandi
1159 4173 1268 4218 seu
1314 4152 1769 4236 praesentandi:
1836 4152 2175 4239 Episcopus
2232 4177 2416 4219 snum
2461 4158 2612 4223 dicit
2655 4161 2755 4225 ins
2806 4164 3234 4243 confirmandi

754 4275 865 4319 seu
909 4256 1271 4320 instituendi
1322 4260 1382 4319 et
1430 4255 1521 4318 ita
1583 4255 1813 4317 electus
1861 4274 2042 4319 suum
2089 4260 2152 4321 et
2203 4260 2579 4339 acquisitum
2617 4265 2829 4344 potest
2875 4265 3078 4331 djoere
3125 4270 3232 4333 ius

741 4358 1003 4436 petendi
1037 4358 1586 4422 confirmationem.
1623 4355 1942 4423 Generalis
1973 4378 2119 4443 ergo
2156 4361 2374 4443 regula
2406 4363 2542 4441 erit,
2577 4382 2755 4447 posse
2787 4385 2886 4432 me
2918 4368 3224 4435 redimere

753 4461 1139 4523 vexationem
1171 4462 1249 4523 ab
1288 4458 1654 4541 impediente
1690 4459 1773 4530 id,
1809 4461 1973 4542 quod
2005 4462 2134 4524 iam
2158 4463 2403 4526 obtinui
2427 4484 2498 4528 30
2536 4485 2738 4529 meum
2761 4470 2875 4545 est,
2911 4470 3226 4553 quidquid

754 4561 909 4625 illud
948 4563 1064 4637 sit,
1099 4581 1219 4626 non
1262 4581 1437 4645 posse
1470 4564 1677 4626 autem
1725 4564 1887 4627 circa
1933 4562 2014 4639 id,
2064 4565 2228 4645 quod
2275 4566 2549 4631 nondum
2598 4568 2838 4633 obtinui
2879 4589 2989 4635 nec
3011 4592 3224 4637 meum

754 4684 1005 4746 possum
1038 4664 1261 4729 dicere:
1298 4666 1466 4749 prius
1500 4666 1737 4728 dicetur
1770 4666 1867 4729 ius
1905 4667 2278 4746 quaesitum,
2313 4668 2480 4732 aliud
2520 4670 2619 4734 ius
2651 4672 3115 4752 acquirendum.
