3497 5147
661 276 770 331 744
840 288 1054 329 TRACT.
1082 289 1160 330 vr.
1181 288 1343 329 smc‘r.
1366 290 1445 330 vr.
1464 289 1550 328 ma
1574 288 1766 330 su‘ro
1789 290 1869 328 m·
1893 287 2055 330 sono
2075 286 2292 329 muno.
2318 284 2646 327 mmmmm.
2669 283 2808 324 11113.
2836 285 2901 324 11.
2940 268 3128 346 [1007]

662 386 768 450 sed
824 385 996 449 addit
1050 385 1585 450 circumstantiam
1631 387 2110 469 aggravantem;
2168 384 2288 448 nisi
2334 381 2587 447 accedat
2639 381 2801 445 ratio
2850 381 3122 446 scandali

658 487 907 571 publici.
941 486 1177 552 Idcirco
1211 506 1319 570 per
1362 506 1426 552 se
1452 505 1573 550 303
1606 490 1702 551 031
1735 505 1890 569 011113
1916 487 1978 550 13
2003 486 2382 552 confessione
2405 484 2588 549 illum
2620 483 2883 566 aperire:
2911 504 3124 548 verum

656 591 906 673 propter
943 589 1233 672 peccandi
1269 589 1657 654 occasionem
1690 590 2103 653 communiter
2133 589 2284 652 11300
2314 586 2782 652 circumstantia
2818 605 2853 650 a
2885 585 3120 651 confes·

655 692 819 757 sario
853 692 995 756 sciri
1028 692 1226 756 debet.
1263 690 1421 755 Cum
1471 692 1546 755 A.
1597 691 1689 754 ait
1728 691 2005 755 solutam
2053 691 2151 755 vel
2187 691 2465 756 solutum
2499 708 2628 753 esse
2662 707 2764 753 eas
2812 708 3119 771 110130333,

654 814 813 878 (11130
859 795 987 859 31111
1033 793 1267 858 liberae
1312 816 1355 857 a
1400 798 1555 869 vote,
1607 794 1908 877 intellige,
1959 813 2080 862 non
2113 813 2243 857 esse
2277 811 2379 856 033
2413 791 2654 856 solutas
2700 811 2858 873 quae
2891 791 3122 876 ligatae

654 898 783 962 sint
815 898 961 962 voto
996 897 1280 962 sollemni
1313 898 1411 960 vel
1443 897 1505 961 in
1547 897 1845 978 religione
1882 896 2224 978 approbata
2251 895 2497 959 emisso.
2532 892 2623 957 Cf.
2661 894 2794 957 heic
2826 914 2885 957 n.
2932 893 3074 957 106.

748 999 925 1078 Quod
963 999 1037 1063 de
1070 998 1483 1063 concubinatu
1518 997 1767 1075 dicitur,
1808 1000 1871 1061 01
1903 997 1976 1061 (10
2009 997 2357 1061 meretricio
2406 996 2732 1060 dicendum
2765 999 2879 1060 est.

751 1095 961 1170 10⁰7.
995 1101 1231 1164 Auctor
1268 1099 1527 1181 loquens
1560 1099 1632 1163 de
1681 1119 2016 1184 congressu
2049 1119 2190 1164 cum
2223 1099 2484 1164 alterius
2511 1118 2754 1180 sponsa,
2804 1117 2927 1164 non
2973 1099 3126 1163 bene

659 1201 849 1266 refert
880 1203 1252 1267 sententiam
1290 1201 1580 1278 Sanchez,
1616 1203 1723 1283 qui
1762 1202 2167 1266 determinate
2201 1202 2401 1286 magis
2434 1201 2734 1284 loquitur,
2784 1200 2989 1266 dicens
3020 1222 3126 1266 ve-

662 1305 889 1369 riorem
915 1305 1032 1369 sibi
1058 1305 1248 1369 videri
1276 1305 1666 1380 sententiam,
1695 1305 1860 1386 quod
1889 1324 2132 1388 sponsa,
2162 1306 2372 1369 sicum
2400 1305 2524 1369 alio
2557 1303 2915 1380 fornicetur,
2942 1305 3125 1369 fateri

659 1407 841 1472 debet
872 1408 1029 1472 hanc
1061 1408 1630 1480 circumstantiamz
1666 1409 1812 1489 quia
1848 1428 1918 1471 ea
1952 1408 2421 1473 circumstantia
2452 1409 2663 1472 mutat
2693 1408 2958 1490 speciem
2988 1427 3127 1489 pec-

659 1511 804 1584 cati,
840 1529 1001 1587 cum,
1030 1510 1198 1574 ultra
1222 1509 1712 1586 fornicationem,
1742 1509 1826 1574 sit
1853 1510 2164 1574 iniustitia
2197 1510 2492 1574 adversus
2516 1509 2900 1590 sponsalium
2920 1509 3124 1574 fidem.

660 1611 831 1691 Quae
878 1613 1040 1676 ratio
1098 1612 1300 1676 valere
1348 1612 1593 1676 deberet
1640 1615 1702 1676 et
1753 1631 1863 1694 pro
1919 1631 2142 1694 sponso
2191 1612 2532 1676 fornicante
2579 1632 2720 1676 cum
2754 1611 2906 1675 alia:
2959 1611 3125 1694 quod

657 1715 908 1796 quidem
956 1713 1226 1779 Sanchez
1274 1733 1396 1778 non
1444 1717 1650 1798 negat,
1702 1714 1808 1778 sed
1840 1714 2108 1778 advertit
2143 1715 2436 1778 iniuriam
2470 1714 2701 1796 sponsi,
2749 1713 3125 1797 prudentum

659 1817 939 1891 arbitrio,
974 1816 1251 1898 reputari
1282 1816 1500 1890 levem,
1536 1835 1793 1899 gravem
1819 1817 2030 1879 autem
2063 1835 2358 1898 3110333ος
2394 1816 2533 1879 inde
2566 1815 2913 1880 discrimen.

751 1918 811 1982 S.
847 1919 1031 2002 Alph.
1060 1940 1119 1982 3.
1156 1920 1304 1982 447.
1335 1919 1716 1999 probabilem
1748 1921 1955 1983 censet
1988 1919 2359 1983 sententiam
2383 1918 2549 2001 quod
2581 1919 2730 1983 11300
2762 1919 2849 1984 311
2872 1919 3128 1984 circum-

660 2020 897 2084 stantia
944 2023 1194 2085 tantum
1242 2039 1613 2104 aggravanS,
1666 2039 1775 2103 pro
1811 2041 1932 2102 qua
1967 2021 2271 2085 sententia
2304 2021 2461 2084 citat
2493 2019 2764 2085 Sanchez
2797 2020 2986 2102 (forte
3034 2023 3128 2086 est

660 2123 998 2207 typograhi
1029 2125 1225 2206 error)
1258 2124 1319 2186 et
1356 2122 1698 2207 Laymann.
1741 2123 1860 2188 Hic
1909 2143 2052 2188 vero
2086 2123 2159 2186 de
2201 2122 2613 2204 Sponsalibus
2643 2143 2694 2187 0.
2734 2126 2792 2186 1.
2828 2144 2887 2188 11.
2924 2125 2984 2186 6.
3020 2123 3130 2188 3(1-

661 2226 875 2289 haeret
906 2245 1012 2306 per
1049 2244 1112 2289 se
1146 2224 1459 2289 doctrinae
1509 2224 1808 2289 Sanchez:
1859 2227 2006 2290 haec
2041 2229 2249 2291 tamen
2281 2225 2496 2290 deinde
2528 2225 2758 2302 subdit,
2795 2225 2867 2289 de
2899 2245 3126 2307 sponso

662 2329 871 2412 potius
903 2328 1197 2410 loquens:
1239 2354 1276 2386 ‹
1307 2327 1731 2392 Nihilominus
1765 2330 1826 2391 in
1867 2329 2040 2409 praxi
2072 2328 2387 2409 probabile
2421 2347 2492 2391 ac
2524 2330 2737 2392 tutum
2776 2327 2970 2391 videri
2992 2331 3129 2410 pot-

659 2434 775 2507 est,
813 2432 1003 2495 talem
1036 2431 1572 2496 circumstantiam
1598 2431 2052 2510 sponsaliorum
2085 2432 2176 2510 (in
2209 2431 2642 2513 fornicatione)
2673 2430 2917 2495 reticeri
2948 2449 3127 2513 posse

660 2534 753 2615 (in
792 2534 1217 2616 confessione),
1259 2533 1311 2597 si
1343 2533 1671 2598 fornicatio
1723 2533 1964 2597 occulta
2014 2552 2302 2597 mansura
2344 2533 2428 2598 sit
2474 2532 2657 2615 idque
2704 2551 2826 2598 303
2874 2534 3120 2597 tantum

660 2639 912 2717 propter
944 2636 1385 2700 auctoritatem
1418 2636 1551 2698 DD.
1589 2635 1677 2698 ita
1716 2636 2124 2715 opinantium,
2159 2636 2264 2700 sed
2296 2637 2486 2701 etiam
2520 2636 2664 2718 quia
2699 2636 2946 2713 iniuria,
2979 2634 3125 2700 licet

660 2738 872 2819 aliqua
920 2738 1022 2815 sit,
1072 2756 1193 2802 non
1245 2738 1453 2801 tamen
1493 2741 1625 2800 tam
1658 2738 1869 2821 gravis
1919 2738 2112 2802 videri
2150 2738 2338 2802 alicui
2387 2740 2609 2819 potest,
2661 2736 3024 2821 praesertim
3071 2736 3124 2801 si

657 2860 925 2919 sponsus
949 2860 1092 2904 cum
1118 2840 1315 2904 altera
1342 2839 1699 2913 fornicetur,
1728 2844 1798 2904 ut
1827 2840 1902 2904 ad
1936 2841 2200 2905 mortale
2231 2841 2461 2904 crimen
2487 2840 2780 2905 adversus
2810 2840 3122 2904 iustitiam

658 2942 1003 3025 pertingat:
1038 2961 1213 3007 secus
1247 2943 1360 3017 est,
1397 2943 1449 3005 si
1480 2941 1808 3006 fornicatio
1843 2944 1904 3006 in
1938 2944 2250 3026 publicam
2299 2944 2592 3008 notitiam
2641 2943 2978 3008 deventura
3013 2944 3124 3007 aut

657 3044 1003 3127 periculum
1027 3045 1111 3108 sit
1133 3044 1325 3127 prolis
1350 3044 1753 3128 generandae,
1775 3064 1916 3107 cum
1942 3044 2230 3108 dedecore
2257 3049 2317 3109 et
2343 3046 2815 3111 contristatione
2839 3063 3120 3128 sponsae,

657 3166 816 3228 quae
848 3147 1112 3211 fortasse
1146 3147 1368 3210 idcirco
1405 3166 1438 3208 a
1479 3147 1870 3227 sponsalibus
1911 3147 2143 3211 resilire
2183 3151 2440 3230 cogetur
2473 3175 2532 3211 >›.

750 3249 926 3332 Lugo
973 3250 1046 3311 de
1095 3246 1345 3312 Poem't.
1398 3247 1550 3329 disp.
1609 3248 1708 3309 16.
1746 3268 1804 3311 11.
1846 3249 1990 3312 176.
2028 3251 2151 3313 1103
2202 3250 2387 3314 refert
2433 3253 2807 3317 sententias:
2858 3252 3120 3334 primam

657 3355 990 3435 negantem
1022 3352 1181 3414 hanc
1212 3368 1341 3413 esse
1375 3350 1912 3413 circumstantiam
1947 3351 2378 3417 declarandam
2413 3354 2472 3417 in
2513 3354 2924 3419 confessione:
2967 3353 3121 3417 alte-

656 3472 791 3517 ram
819 3454 1235 3516 affirmantem
1261 3452 1333 3514 de
1366 3452 1499 3515 sola
1535 3471 1778 3535 sponsa,
1809 3455 2061 3517 tertia-ni
2088 3456 2504 3520 affirmantem
2538 3455 2611 3519 de
2643 3459 2909 3538 utroque
2933 3460 3121 3539 atque

658 3554 767 3629 ait,
822 3573 1029 3617 omnes
1078 3571 1208 3615 esse
1256 3554 1591 3618 sententias
1642 3556 1987 3638 probabiles
2036 3575 2144 3645 300
2193 3556 2370 3621 facile
2403 3576 2550 3633 esse,
2605 3559 2879 3641 aliquam
2929 3579 2998 3623 ex
3045 3560 3121 3623 iis

658 3656 990 3721 efficaciter
1027 3655 1413 3740 impugnare.

746 3758 1131 3824 Sententiam
1178 3760 1445 3826 Sanchez
1496 3762 1796 3825 veriorem
1845 3781 2181 3838 censemus,
2231 3782 2421 3844 quam
2469 3763 2532 3826 et
2570 3761 2871 3828 Salmant.
2908 3767 3116 3829 tenent

655 3861 729 3924 de
769 3864 828 3924 6.
864 3864 1073 3925 Ρ1300.
1115 3884 1164 3926 0.
1203 3866 1260 3926 5.
1313 3884 1371 3926 n.
1430 3865 1566 3926 13.:
1611 3864 1761 3927 haec
1794 3866 2003 3928 tamen
2037 3865 2319 3945 quaestio
2353 3865 2592 3947 plenius
2633 3867 3009 3932 tractabitur
3057 3868 3116 3930 13

654 3965 757 4027 Τ1.
798 3965 872 4028 (ἵο
906 3965 1108 4029 ΕΙῙαίν.
1144 3986 1195 4030 0.
1250 3967 1305 4028 1.
1342 3966 1398 4028 (1.
1442 3969 1501 4027 2.
1539 3969 1598 4028 et
1639 3966 1918 4029 doctrina
1969 3965 2235 4031 Sanchez
2285 3967 2661 4032 defendetur.
2713 3968 2803 4032 Ex
2850 3967 3114 4034 Sanchez

653 4068 959 4131 sententia
999 4072 1211 4132 autem
1260 4066 1559 4147 sequitur,
1596 4068 1762 4148 quod
1811 4068 1970 4132 alius
2013 4069 2318 4133 fornicans
2352 4088 2492 4133 cum
2527 4088 2768 4152 sponsa,
2804 4070 3114 4135 malitiam

651 4170 980 4234 contrahat
1014 4167 1464 4249 cooperationis
1499 4168 1573 4232 ad
1608 4170 1872 4250 speciale
1913 4175 2232 4254 peccatum
2273 4172 2459 4236 illius.

744 4272 951 4333 Dices:
980 4288 1125 4352 ergo
1149 4287 1309 4331 nova
1336 4271 1563 4351 species
1592 4271 1827 4335 obtinet
1863 4274 2096 4354 peccati
2128 4274 2454 4351 naturalis,
2489 4295 2660 4339 secus
2687 4295 2756 4339 ac
2783 4275 3114 4340 universim

652 4375 716 4435 in
749 4373 1043 4434 consueta
1088 4370 1389 4436 divisione
1424 4372 1721 4457 Theologi
1766 4375 2119 4440 statuerint.
2173 4377 2534 4460 Respondeo
2583 4397 2719 4443 0313
2752 4378 3114 4444 divisionem

653 4473 1048 4557 peccatorum
1093 4474 1283 4557 recipi
1331 4478 1390 4538 et
1425 4495 1461 4539 a
1510 4476 1862 4562 Theologis,
1905 4479 2011 4560 qui
2049 4498 2191 4542 cum
2223 4478 2492 4544 Sanchez
2528 4480 2836 4545 sentiunt:
2878 4502 3115 4544 censen-
