3497 5147
711 354 816 409 190
885 369 1098 409 macr.
1129 371 1182 409 v.
1209 370 1371 411 secur.
1399 371 1489 412 111.
1523 370 1607 410 m:
1636 369 1957 413 CARITATIS
1983 372 2374 414 PRAECBPTIS.
2399 371 2598 415 capu‘r
2625 373 2690 413 11.
2719 373 2863 415 nun.
2893 375 2950 415 v.
3025 359 3167 434 [259]

708 465 1015 530 mittenda
1052 467 1202 530 sunt
1233 466 1620 549 temporalia,
1647 468 1745 532 vel
1778 468 1960 532 aliter
1989 468 2350 533 scandalum
2388 470 2484 532 est
2513 469 2874 547 sedandum,
2899 471 3031 536 scil.
3065 492 3170 555 per

715 567 992 648 aliquam
1038 567 1544 634 admonitionem.
1592 570 1945 651 Aliquando
1991 589 2136 636 vero
2197 571 2560 636 scandalum
2603 571 2884 637 nascitur
2926 592 3002 638 ex
3044 593 3171 640 ma-

712 668 872 744 litia,
891 669 1057 751 quod
1089 671 1187 735 est
1220 671 1583 737 scandalum
1614 673 2079 755 pharisaeorum
2106 676 2170 738 et
2193 675 2443 756 propter
2466 692 2592 747 eos,
2617 674 2725 756 qui
2760 675 2849 739 sic
2880 675 3169 744 scandala

704 772 1040 848 concitant,
1075 793 1198 838 non
1232 776 1381 839 sunt
1414 775 1782 857 temporalia
1818 775 2221 852 dimittenda;
2260 776 2407 858 quia
2445 776 2562 842 hoc
2607 779 2672 842 et
2715 780 2963 843 noceret
3009 780 3167 846 bono

709 875 1024 940 communi
1069 876 1351 958 (daretur
1395 878 1554 941 enim
1604 877 1787 941 malis
1834 878 2111 961 rapiendi
2160 879 2427 960 occasio)
2474 882 2537 943 et
2584 880 2833 944 noceret
2878 880 3029 962 ipsis
3077 900 3169 946 ra·

705 977 1034 1061 pientibuS,
1074 979 1181 1059 qui
1214 979 1530 1043 retinendo
1564 980 1763 1044 aliena
1795 980 1858 1043 in
1889 982 2139 1062 peccato
2175 982 2497 1044 manerent
2528 1004 2589 1043 ».

795 1081 877 1144 Et
910 1081 985 1145 ad
1019 1083 1080 1145 2.
1121 1081 1365 1147 subdit:
1408 1107 1442 1141 ‹<
1476 1081 1540 1147 Si
1572 1084 1805 1165 passim
1843 1083 2304 1166 permitteretur
2341 1084 2523 1147 malis
2561 1084 2914 1148 hominibus
2964 1085 3165 1149 aliena

705 1203 938 1266 rapere,
973 1186 1254 1268 vergeret
1277 1185 1391 1249 hoc
1413 1185 1477 1248 in
1509 1185 1950 1250 detrimentum
1982 1185 2286 1262 veritatiS,
2321 1186 2488 1250 vitae
2519 1187 2582 1250 et
2612 1186 2914 1264 iustitiae,
2943 1190 3007 1253 ot
3030 1187 3164 1254 ideo

703 1304 827 1349 non
861 1287 1108 1368 oportet
1137 1287 1387 1370 propter
1418 1287 1848 1369 quodcumque
1885 1288 2245 1352 scandalum
2282 1289 2653 1371 temporalia
2684 1289 2921 1356 dimitti
2951 1314 3015 1353 ».

812 1438 1010 1490 vau.
1034 1439 1180 1502 Resp.
1196 1438 1245 1489 5.
1264 1439 1336 1489 Ad
1362 1436 1610 1490 vitandum
1638 1451 1790 1502 grave
1813 1439 2090 1491 scandalum
2120 1437 2673 1503 pusillorum,quaedam
2696 1447 2956 1506 praecepta
2975 1439 3167 1507 impleri

712 1537 806 1575 non
835 1523 1041 1574 debent:
1070 1520 1161 1574 nisi
1186 1528 1344 1574 tamen
1373 1521 1574 1575 omissio
1603 1528 1733 1574 esset
1761 1522 1914 1585 magis
1940 1524 2170 1574 damnosa
2205 1521 2461 1574 emittenti.
2488 1524 2549 1574 V.
2569 1524 2739 1588 Layrn.
2762 1525 2793 1574 Ι.
2816 1526 2864 1575 2.
2888 1531 2923 1576 t.
2944 1525 2993 1576 3.
3015 1538 3059 1576 c.
3084 1527 3163 1578 13.

705 1605 850 1659 Ratio
889 1605 1035 1658 huius
1074 1613 1164 1670 est,
1191 1605 1303 1670 quia
1344 1613 1477 1670 tunc,
1506 1612 1824 1660 concurrente
1862 1605 2045 1672 duplici
2086 1615 2362 1674 praecepto,
2392 1605 2579 1660 scilicet
2614 1606 2822 1660 naturali
2860 1609 2921 1660 de
2948 1610 3169 1663 cavendo

709 1689 938 1744 scandalo
977 1696 1024 1742 et
1063 1688 1294 1754 positivo,
1327 1690 1482 1743 maius
1520 1699 1570 1743 et
1609 1690 1781 1745 fortius
1816 1697 1891 1744 est
1930 1695 2168 1744 naturale.

791 1806 966 1880 259.
996 1807 1532 1887 Quemadmodum
1559 1812 1621 1874 in
1648 1829 1952 1875 concursu
1983 1808 2292 1893 praecepti
2315 1809 2622 1873 naturalis
2644 1811 2846 1873 cessat
2866 1810 3165 1895 obligatio

701 1917 1007 1997 praecepti
1027 1916 1307 1995 posit-ici,
1341 1915 1434 1978 ita
1467 1915 1669 1977 cessat
1706 1932 1814 1980 sou
1847 1931 1969 1976 non
2010 1911 2184 1975 adest
2217 1911 2519 1995 obligatio
2561 1911 2819 1975 alterius
2850 1914 3161 1995 praecepti

702 2018 1009 2081 naturalis
1044 2017 1428 2092 affirmativi,
1447 2017 1510 2079 in
1537 2034 1838 2080 concursu
1861 2015 2139 2098 negativi
2164 2034 2221 2078 v·
2248 2034 2342 2098 gr.
2369 2014 2737 2097 corripiendi
2758 2016 3159 2097 poccatorem,

700 2120 755 2183 si
786 2120 902 2185 hoc
933 2121 996 2185 in
1035 2121 1396 2185 scandalum
1428 2119 1484 2183 ei
1522 2119 1824 2182 vertatur.

794 2222 854 2286 S.
890 2225 1073 2307 Alph.
1108 2224 1215 2287 lib.
1252 2225 1311 2285 2.
1346 2243 1405 2286 n.
1443 2222 1547 2284 51.
1596 2220 1730 2283 heic
1777 2220 2004 2296 subdit,
2054 2219 2359 2301 duplicem
2407 2238 2537 2284 esse
2582 2221 2957 2286 sententiam
3002 2221 3159 2297 DD.,

703 2344 972 2405 quorum
1020 2325 1126 2390 alii
1174 2326 1408 2409 negant
1438 2321 1782 2387 omittenda
1819 2323 2164 2404 praecepta,
2198 2340 2268 2385 eo
2301 2321 2461 2403 quod
2502 2321 2864 2387 scandalum
2909 2341 3037 2388 non
3082 2323 3163 2386 sit

709 2427 947 2506 datum,
983 2428 1086 2493 sed
1124 2429 1445 2510 acceptum
1492 2425 1557 2489 et
1602 2426 1825 2488 horum
1873 2424 2179 2488 sententia
2225 2423 2561 2505 probabilis
2607 2424 2873 2489 habetur
2911 2425 2991 2489 ab
3028 2424 3160 2508 ipso

701 2549 751 2596 s.
786 2531 969 2614 Alph.
1019 2530 1165 2609 Alii,
1199 2530 1375 2596 iuxta
1422 2548 1471 2593 s,
1504 2528 1690 2610 Alph.
1731 2525 2131 2609 probabiliuS,
2181 2527 2355 2592 stant
2399 2545 2509 2610 pro
2556 2527 2863 2594 sententia
2909 2527 3009 2607 A„
3058 2528 3166 2611 qui

703 2634 855 2698 dicit
900 2634 1264 2699 omittenda.

792 2736 1046 2813 Verum,
1079 2738 1155 2799 ut
1191 2734 1431 2819 patebit
1462 2754 1533 2799 ex
1563 2732 2067 2811 resolutionibuS,
2100 2732 2307 2796 minus
2353 2730 2696 2813 adaequate
2725 2750 2859 2797 rem
2886 2733 3165 2798 conside-

703 2855 871 2901 rasse
903 2837 1218 2911 videntur;
1252 2837 1433 2919 quasi
1464 2835 1768 2919 proficisci
1803 2836 2001 2918 possit
2046 2834 2406 2899 scandalum
2452 2834 2657 2899 solum
2689 2854 2760 2899 ex
2796 2833 3163 2900 infirmitate

711 2941 824 3003 aut
851 2939 1116 3015 malitia,
1151 2958 1293 3003 cum
1326 2939 1524 3021 possit
1553 2938 1872 3021 provenire
1902 2938 2094 3003 etiam
2126 2937 2205 3002 ab
2234 2937 2589 3020 ignorantia
2624 2939 2689 3002 et
2733 2938 2823 3001 sic
2866 2937 2991 3002 dici
3037 2957 3155 3004 non

706 3042 930 3125 potest,
979 3041 1145 3124 quod
1190 3042 1551 3106 scandalum
1607 3041 1977 3123 pusillorum
2024 3041 2109 3104 sit
2168 3058 2407 3122 semper
2449 3058 2616 3104 mere
2658 3042 2994 3119 acceptum,
3043 3059 3164 3106 non

710 3145 920 3208 autem
967 3144 1199 3207 datum.
1250 3144 1478 3208 Melius
1523 3143 1764 3207 definiri
1793 3144 2053 3223 possunt
2098 3142 2492 3223 quaestiones
2538 3160 2647 3224 pro
2695 3142 2886 3207 variis
2916 3143 3162 3209 casibus

700 3248 766 3311 in
811 3247 1314 3312 resolutionibus,

1355 3419 1466 3484 Ea>
1503 3419 1694 3484 dictis
1725 3417 2123 3484 resolvuntur
2158 3417 2227 3481 lei
2270 3415 2490 3484 Casus.

805 3591 1025 3644 valu.
1063 3592 1107 3642 1.
1137 3587 1346 3642 praelati
1372 3586 1703 3643 Ecclesiastici
1742 3602 1838 3641 non
1877 3594 2106 3642 tenentur
2132 3587 2251 3654 (imo
2290 3602 2379 3641 nec
2418 3589 2639 3655 possunt)
2666 3602 2739 3652 ea,
2766 3602 2892 3653 quae
2932 3591 2993 3642 ad
3033 3591 3154 3643 bona

701 3675 947 3729 Ecclesiae
970 3676 1303 3728 conservanda
1330 3681 1444 3726 snut
1475 3673 1767 3739 necessaria,
1789 3688 1837 3725 v.
1858 3688 1931 3737 gr.
1954 3673 2065 3727 lites
2090 3680 2183 3727 etc.
2210 3672 2452 3736 omittere,
2477 3674 2539 3727 ad
2565 3672 2760 3727 vitanda
2787 3676 3017 3729 scandala
3044 3678 3159 3741 pin-

697 3760 891 3822 risaiea,
921 3760 1019 3812 imo
1059 3758 1205 3812 etiam
1233 3759 1551 3823 pusillorum:
1579 3759 1673 3813 etsi
1700 3758 1779 3813 his
1803 3757 1942 3825 prius
1980 3757 2121 3813 reddi
2157 3761 2333 3812 debeat
2360 3756 2484 3813 ratio
2507 3756 2827 3812 rectitudinis.
2856 3757 3000 3813 Dian.
3032 3774 3082 3828 p.
3106 3760 3157 3813 ὅ.

697 3855 733 3898 ι.
764 3848 812 3899 7.
844 3860 884 3898 r.
913 3848 961 3898 2.
990 3845 1039 3898 4.
1066 3848 1137 3898 Ex
1166 3860 1206 3898 a.
1234 3847 1412 3897 Thom.
1443 3851 1536 3899 etc.

786 3949 963 4024 26⁰.
993 3954 1287 4034 Exempla
1312 3954 1478 4029 sunt,
1505 3954 1558 4017 si
1590 3956 1821 4037 agatur
1850 3953 1925 4017 de
1962 3952 2274 4037 exigendis
2296 3953 2568 4031 decimis,
2602 3955 2677 4018 ut
2710 3954 2776 4019 in
2808 3972 2962 4039 agro
2999 3973 3163 4021 cam·

695 4074 857 4139 pano
891 4074 1168 4132 romano,
1204 4055 1303 4118 vel
1339 4054 1471 4118 iure
1502 4054 1702 4118 stolae
1732 4053 1834 4119 vel
1862 4072 2093 4118 canone
2124 4053 2203 4117 ab
2239 4054 2677 4139 emphyteutis.

784 4158 844 4222 S.
871 4158 1056 4241 Alph.
1090 4157 1198 4221 lib.
1228 4158 1287 4219 2.
1317 4175 1376 4219 n.
1406 4157 1510 4219 52.
1539 4155 1661 4220 huc
1690 4157 1945 4220 revocat
1967 4155 2313 4221 doctrinam
2344 4157 2698 4224 docentium
2725 4177 2923 4243 neque
2945 4159 3165 4225 adesse

695 4280 950 4341 maz-em
981 4258 1429 4343 obligationem
1464 4257 1738 4340 patiendi
1770 4276 2067 4343 magnam
2101 4258 2410 4325 iacturam
2457 4261 2760 4327 bonorum
2804 4261 3039 4345 privati
3086 4263 3165 4329 ad

702 4362 1087 4443 impedienda
1131 4360 1490 4424 huiusmodi
1549 4361 1860 4426 scandala.
1908 4360 2079 4427 Nota
2139 4361 2483 4442 dicendum,
2534 4364 2982 4450 obligationem
3026 4384 3161 4432 esso

691 4463 934 4526 nullam
966 4483 1162 4547 neque
1190 4484 1440 4545 yravcm
1477 4466 1713 4531 scilicet
1757 4486 1954 4549 neque
2001 4465 2208 4544 levem,
2242 4487 2386 4532 cum
2430 4468 2791 4533 scandalum
2821 4470 2921 4533 est
2956 4468 3160 4553 phari·

694 4566 954 4647 saicum,
988 4570 1063 4633 ut
1093 4566 1360 4633 vidimus
1391 4587 1460 4634 ex
1488 4588 1535 4634 s.
1564 4568 1786 4635 Thom.
1809 4590 1869 4635 n.
1907 4572 2055 4637 258.
2083 4571 2176 4635 De
2196 4570 2313 4635 hac
2343 4590 2408 4636 re
2430 4589 2554 4636 non
2578 4589 2733 4655 opus
2764 4572 2863 4636 est
2892 4588 3151 4657 arguere
