3497 5147
690 359 764 414 78
940 371 1153 413 macr.
1192 373 1248 413 v.
1286 371 1446 413 sno-r.
1487 373 1527 412 1.
1568 372 1654 411 nn
1690 367 2071 412 ramundus
2109 367 2298 408 nom.
2336 367 2469 408 031³.
2511 367 2592 407 1v.
2631 367 2774 408 nun.
2813 367 2903 409 111.
3017 351 3162 428 [108]

692 471 791 535 ius
837 469 1026 534 habet
1072 470 1295 534 Petrus
1343 468 1724 552 proponendi
1768 465 2235 551 legislatoribus
2283 464 2571 529 civilibus
2617 482 2921 541 normam,
2947 466 3161 529 contra

693 591 885 655 quam
931 591 1115 657 agere
1152 590 1274 636 non
1319 572 1563 655 possint
1594 590 1666 635 ac
1710 568 2075 652 prohibendi
2106 569 2172 631 et
2213 566 2502 631 irritandi
2546 585 2650 630 eas
2694 567 2885 650 leges,
2926 566 3166 631 ordina-

697 678 917 752 tioneS,
966 676 1230 753 statuta,
1264 695 1424 758 quae
1470 674 1913 757 impedimento
1947 673 2073 735 sint
2119 670 2405 735 fidelibus
2436 689 2547 753 pro
2596 671 3031 735 consecutione
3065 672 3166 735 sui

693 779 835 843 finis
881 780 1070 860 atque
1117 778 1424 842 Ecclesiae
1471 778 1633 842 bono
1684 776 1982 841 officiant.
2018 774 2190 837 Haec
2235 772 2315 837 ad
2360 772 2753 837 essentialem
2799 776 3163 856 conceptum

696 881 1015 945 Primatus
1061 880 1243 945 Rom.
1290 879 1474 944 Pont.
1523 880 1826 962 spectant,
1861 877 1971 959 qui
2015 878 2111 940 est
2157 877 2320 940 certe
2365 875 2595 959 dogma
2639 874 2817 939 fidei:
2869 875 3049 957 atqui
3092 894 3166 939 ea

694 985 1006 1067 negantur
1052 1001 1088 1046 a
1132 981 1496 1046 liberalibus
1549 980 2010 1045 affirmantibus
2055 978 2303 1061 plenam
2348 977 2884 1060 independentiam
2946 976 3168 1043 Status

697 1086 776 1150 ab
821 1085 1096 1150 Ecclesia
1142 1085 1207 1149 et
1251 1085 1604 1169 Religione:
1655 1102 1825 1168 ergo.

788 1185 943 1259 lua.
980 1189 1219 1270 Reapse
1249 1189 1433 1265 hunc,
1470 1206 1746 1252 errorem
1789 1189 1919 1251 iam
1964 1184 2219 1250 confixit
2254 1184 2614 1249 Bonifacim
2651 1184 2831 1248 Vm.
2866 1184 2932 1248 in
2978 1184 3170 1248 Bulla

710 1290 918 1357 Unam
946 1289 1264 1363 Sanctam,
1296 1290 1518 1354 docens
1557 1292 1841 1373 oportere
1877 1287 2161 1373 gladium
2189 1287 2617 1369 temporalem,
2651 1286 2761 1367 qui
2797 1287 2894 1350 est
2924 1286 3169 1371 Regum

698 1393 1043 1457 auctoritas
1087 1393 1217 1457 sive
1262 1393 1608 1457 auctoritas
1655 1391 1876 1467 civilis,
1926 1408 2057 1453 esse
2104 1389 2220 1453 sub
2266 1389 2477 1473 gladio
2527 1388 2862 1471 spirituali,
2913 1389 3024 1470 qui
3076 1390 3172 1453 est

700 1495 1042 1559 auctoritas
1103 1495 1273 1559 Petri
1334 1514 1447 1559 seu
1508 1494 1866 1558 Ecclesiae:
1917 1495 1990 1557 ut
2051 1491 2278 1555 idcirco
2341 1510 2517 1576 reges
2581 1491 2927 1567 christiani,
2979 1492 3171 1557 etiam

699 1599 1006 1680 quatenus
1036 1616 1215 1681 reges
1260 1598 1427 1675 sunt,
1461 1595 1854 1661 subordinati
1899 1612 2031 1659 esse
2077 1594 2341 1659 debeant
2371 1594 2741 1659 auctoritati
2773 1594 2947 1658 Petri
2984 1596 3174 1677 atque

700 1701 795 1765 ita
840 1701 1009 1765 omni
1068 1701 1379 1764 humanae
1432 1701 1755 1764 creaturae
1816 1697 2164 1763 cuiusmodi
2226 1698 2289 1761 et
2351 1716 2545 1781 reges,
2593 1716 2720 1779 qua
2783 1697 2942 1762 tales
3003 1700 3168 1775 sunt,

703 1803 953 1867 omnino
1000 1801 1074 1866 de
1120 1802 1486 1867 necessitate
1532 1800 1759 1866 salutis
1806 1800 1891 1866 sit
1936 1801 2186 1864 subesse
2231 1800 2517 1864 Romano
2563 1799 2872 1865 Pontifici.

790 1904 873 1967 Et
916 1923 982 1967 re
1028 1904 1278 1986 quidem
1323 1924 1489 1981 vera,
1539 1924 1682 1969 cum
1745 1904 1971 1967 Petrus
2020 1903 2296 1967 officium
2342 1904 2406 1967 et
2450 1902 2551 1967 ius
2610 1902 2841 1967 habeat
2884 1902 3173 1986 pascmdi

701 2024 955 2090 gregem
1000 2005 1273 2083 Domini,
1322 2005 1455 2070 eius
1501 2007 1598 2070 est
1656 2004 1960 2069 iudicium
2013 2005 2190 2081 ferre,
2238 2004 2388 2086 quid
2442 2004 2508 2068 in
2568 2004 2943 2070 conscientia
2989 2005 3176 2069 liceat

706 2106 990 2171 fidelibus
1036 2126 1242 2186 necne,
1292 2109 1366 2172 111
1412 2108 1542 2171 1)30
1590 2107 1878 2189 placeant
1924 2125 2230 2188 suumque
2275 2106 2462 2170 finem
2495 2109 2943 2188 assequantur:
2990 2125 3173 2190 mne

705 2210 869 2273 inter
913 2227 1006 2287 ea,
1055 2207 1129 2273 de
1173 2208 1400 2291 quibus
1446 2209 1663 2292 quaeri
1706 2208 1934 2291 potest,
1986 2228 2064 2271 an
2110 2207 2395 2273 fidelibus
2456 2209 2685 2273 liceant
2732 2228 2811 2273 an
2857 2229 3001 2288 non,
3052 2229 3175 2275 non

710 2312 858 2375 sunt
903 2312 1155 2374 tantum
1200 2311 1474 2376 actiones
1521 2330 1736 2377 eorum
1781 2310 2086 2393 privatae,
2135 2311 2241 2375 sed
2288 2313 2352 2375 et
2398 2310 2681 2393 publicae
2737 2314 2928 2393 atque
2975 2313 3177 2377 obser-

707 2414 880 2478 vatio
929 2414 1159 2499 legum,
1193 2433 1349 2497 quas
1380 2415 1630 2497 publica
1674 2414 1896 2478 tulerit
1943 2414 2317 2488 auctoritas3
2351 2432 2499 2478 nam
2530 2416 2595 2478 et
2639 2415 2791 2479 haec
2819 2415 3178 2479 observatio

708 2516 890 2582 debet
935 2535 1065 2582 esse
1121 2520 1300 2582 actus
1352 2518 1650 2582 honestus
1698 2518 1763 2582 et
1808 2516 2146 2582 secundum
2205 2518 2443 2581 rectam
2504 2517 2965 2597 conscientiam,
3016 2536 3177 2601 quae

706 2640 828 2684 non
876 2622 971 2684 est
1016 2621 1241 2702 duplex
1286 2620 1350 2683 in
1397 2620 1665 2694 homine,
1714 2619 1820 2705 sed
1867 2638 1992 2683 11113
2039 2621 2100 2683 11.
2140 2639 2192 2683 3.
2227 2637 2419 2684 11113111
2463 2638 2748 2684 normam
2793 2621 3047 2697 habens,
3078 2621 3180 2685 de-

708 2725 1027 2804 sumptam
1073 2741 1143 2785 ex
1189 2722 1309 2785 fine
1355 2723 1419 2785 et
1465 2722 1791 2787 voluntate
1839 2721 1982 2786 Dei:
2033 2740 2180 2806 ergo
2229 2723 2295 2786 et
2338 2723 2402 2786 in
2447 2722 2526 2786 iis
2573 2723 2796 2787 subiici
2840 2742 2906 2788 se
2953 2722 3175 2789 debent

707 2823 917 2887 fideles
943 2823 1173 2889 iudicio
1199 2823 1506 2888 Ecclesiae
1538 2826 1601 2888 et
1633 2823 1858 2889 idcirco
1892 2828 2210 2907 nequeunt
2240 2844 2346 2890 eae
2377 2826 2546 2909 leges
2572 2826 2886 2890 observari
2917 2826 3178 2909 ideoque

705 2945 817 2991 nec
860 2924 1024 3002 ferri,
1072 2945 1228 3008 quas
1272 2926 1548 2991 Ecclesia
1594 2927 1833 2992 iudicat
1879 2945 2009 2992 esse
2056 2927 2333 3009 iniquas;
2385 2927 2566 3009 atqui
2610 2928 2764 2992 haec
2817 2930 2912 2992 est
2959 2927 3177 3011 depen-

708 3033 918 3097 dentia
962 3031 1181 3097 Status
1229 3033 1308 3097 ab
1330 3103 1331 3112 χ
1354 3033 1630 3098 Ecclesia
1673 3036 1738 3099 et
1786 3034 2143 3119 Religione;
2194 3053 2366 3119 ergo.

798 3137 1018 3218 Itaque
1048 3135 1613 3218 quaemadmodum
1642 3139 1882 3200 certum
1930 3140 2023 3200 est
2062 3136 2126 3200 et
2155 3135 2230 3200 de
2265 3135 2404 3214 fide,
2441 3137 2780 3202 Ecclesiam
2810 3156 2943 3203 esse
2975 3156 3016 3203 a
3046 3140 3177 3204 Deo

708 3238 772 3302 in
802 3238 984 3302 terris
1015 3239 1347 3312 statutam,
1374 3240 1448 3302 ut
1478 3239 1564 3302 sit
1595 3238 1881 3303 omnibus
1913 3238 2222 3322 Magistra
2255 3239 2540 3304 veritatis
2575 3259 2908 3322 omnesque
2944 3240 3180 3326 dirigat

706 3341 771 3404 in
805 3339 993 3403 finem
1037 3342 1595 3422 supernaturalem,
1629 3341 1863 3422 pariter
1908 3342 2148 3405 certum
2194 3343 2290 3407 est
2321 3343 2385 3406 et
2431 3341 2505 3405 de
2554 3341 2692 3418 fide,
2730 3343 3176 3407 auctoritatem

707 3442 955 3507 civilem
984 3443 1049 3507 in
1085 3443 1215 3507 suis
1244 3443 1489 3528 legibus
1526 3444 1589 3506 et
1637 3442 2132 3507 ordinationibus
2172 3443 2501 3508 condendis
2539 3444 3010 3509 subordinatam
3049 3463 3180 3510 esse

709 3545 926 3611 debere
956 3545 1323 3632 Magisterio
1356 3549 1419 3610 et
1455 3546 1759 3629 potestati
1805 3546 2133 3622 Ecclesiae,
2167 3550 2241 3612 ut
2287 3566 2410 3612 non
2457 3547 2657 3629 possit
2696 3566 2799 3611 eas
2835 3549 3005 3633 leges
3044 3567 3183 3614 con-

707 3649 847 3713 dere
893 3652 957 3714 31
1003 3670 1074 3715 33
1133 3651 1529 3728 constituere,
1578 3669 1738 3732 quae
1795 3651 2069 3715 Ecclesia
2114 3651 2352 3715 iudicat
2399 3670 2521 3716 non
2578 3651 2781 3717 licere.
2831 3651 2986 3732 Quis
3033 3670 3177 3717 vero

711 3770 988 3833 unquam
1033 3754 1194 3817 inter
1221 3753 1593 3818 christianos
1625 3755 1691 3818 et
1718 3754 2056 3818 christiane
2087 3753 2420 3818 sentientes
2470 3753 2543 3818 de
2575 3754 2692 3818 hac
2724 3774 2790 3819 re
2824 3755 3181 3820 dubitavit?

714 3856 812 3919 An
843 3856 1043 3920 civilis
1076 3858 1417 3922 auctoritas
1448 3877 1571 3922 non
1602 3860 1697 3922 331
1730 3857 1983 3921 subdita
2014 3858 2144 3920 Deo
2178 3857 2431 3937 eiusque
2470 3858 2607 3941 lege
2638 3859 2932 3922 tenetur?
2962 3858 3182 3923 Nonne

712 3959 880 4022 Deus
911 3957 1249 4022 Ecclesiam
1292 3959 1591 4032 instituit,
1641 3978 1766 4042 qua
1813 3959 2171 4023 doceremur
2216 3956 2368 4039 quid
2413 3958 2544 4040 ipse
2591 3959 2744 4023 velit
2760 3962 2790 4022 ⁴?
2820 3959 3027 4044 Igitur
3056 3977 3181 4025 non

711 4064 809 4126 est
866 4060 1299 4139 dubitandum,
1358 4063 1662 4128 haeresim
1724 4080 1858 4126 esse
1916 4062 2079 4124 inter
2141 4060 2513 4125 christianos
2576 4080 2864 4138 asserere,
2925 4062 3184 4128 Statum

713 4164 1050 4248 regendum
1096 4183 1228 4230 esse
1275 4167 1387 4230 aut
1432 4185 1610 4248 posse
1654 4165 1791 4229 iure
1837 4183 1903 4228 se
1948 4182 2179 4248 regere,
2230 4163 2402 4229 nullo
2451 4165 2667 4229 habito
2716 4166 2793 4230 ad
2839 4166 3184 4232 Ecclesiam

715 4266 814 4330 vel
843 4266 1233 4350 Religionem
1269 4270 1581 4350 respectu:
1615 4265 1870 4330 Statum
1902 4284 2032 4330 3333
2063 4284 2317 4348 prorsus
2357 4267 2435 4330 ab
2473 4265 2782 4332 Ecclesiae
2812 4268 3186 4354 Magisterio

712 4370 778 4432 et
820 4367 1216 4433 Auctoritate
1276 4369 1785 4453 independentem
1831 4369 1912 4443 et,
1961 4367 2129 4450 quod
2185 4368 2360 4451 peius
2408 4373 2521 4447 est,
2582 4370 2923 4435 Ecclesiam
2969 4371 3184 4437 Statui

712 4468 1122 4535 subordinari.
1184 4472 1551 4536 Haereticus
1613 4488 1760 4553 ergo
1824 4473 1919 4534 est
1978 4469 2252 4534 liberalis
2309 4471 2373 4535 id
2431 4490 2725 4550 asserens,
2781 4474 3003 4555 utique
3064 4474 3184 4539 nisi

716 4573 1071 4657 ignorantia
1118 4592 1261 4637 eum
1309 4574 1575 4638 excuset.
