3497 5147
797 369 905 423 422
939 385 1150 424 131131.
1171 384 1251 425 vr.
1272 384 1432 425 sacr.
1460 385 1524 424 11.
1550 385 1634 424 nm
1661 384 1941 426 anonimo
1968 385 2181 426 1111113.
2205 385 2535 427 vacuom.
2562 385 2696 427 3111».
2717 386 2776 428 11.
2797 386 2927 428 mm.
2949 387 3026 428 111.
3068 372 3184 446 [5511

793 481 1147 562 quempiam
1196 480 1438 559 viderit,
1475 481 1640 562 quod
1678 482 1913 563 aliquid
1962 483 2181 546 emerit
2227 485 2394 547 certo
2441 483 2640 565 pretio
2690 485 2799 548 etc.
2838 483 2906 547 de
2934 503 2989 546 re
3015 487 3182 547 tamen

790 584 875 648 sit
899 586 1136 649 certus:
1168 587 1262 649 vel
1288 586 1416 650 sine
1451 586 1821 664 discrimine,
1852 586 2082 667 absque
2115 606 2324 663 331133,
2364 586 2816 670 promissione8‚
2848 606 2987 669 quas
3006 587 3185 669 utique

790 704 1034 750 servare
1066 686 1204 750 vult
1236 688 1299 750 et
1331 707 1488 769 quae
1526 687 1599 751 de
1637 707 1702 751 re
1733 688 1994 752 honesta
2026 693 2192 766 sunt,
2226 689 2578 754 iuramento
2610 688 2936 754 confirmet.

885 789 920 825 *
953 788 1142 852 Ratio
1167 809 1276 852 cur
1314 790 1367 852 si
1390 790 1595 853 solum
1617 789 1917 853 iudicium
1949 789 2138 866 deest,
2173 790 2334 855 idest
2365 791 2418 855 si
2443 791 2574 855 sine
2604 792 2951 856 necessitate
2973 791 3189 864 iuretur,

794 891 1116 972 peccatum
1148 891 1232 954 sit
1263 909 1370 972 per
1406 910 1470 954 33
1498 890 1753 969 veniale,
1795 893 1868 955 ut
1914 892 2033 955 fert
2079 894 2424 958 communis
2461 895 2786 972 sententia,
2834 914 2900 957 ea
2930 895 3029 968 est,
3070 894 3188 973 quia

795 992 913 1055 etsi
961 992 1171 1074 aliqua
1216 993 1613 1056 irreverentia
1659 994 1979 1059 maiestati
2026 994 2270 1059 divinae
2316 995 2648 1080 irrogetur,
2697 995 2957 1060 vocando
3000 1014 3113 1059 eam
3139 996 3186 1058 in

797 1094 1021 1157 testem
1052 1113 1163 1176 pro
1194 1113 1259 1157 re
1292 1095 1524 1159 nullius
1558 1096 1655 1159 vel
1686 1097 1863 1178 parvi
1895 1098 2228 1173 momenti3
2265 1097 2670 1162 nihilominus
2701 1097 3065 1162 irreverentia
3096 1115 3191 1160 non

800 1196 897 1258 est
931 1195 1174 1278 gravis3
1211 1197 1376 1277 quia,
1412 1198 1484 1260 ut
1522 1197 1612 1259 ait
1649 1196 1875 1262 Suarez
1908 1199 1950 1262 l.
1986 1198 2046 1262 3.
2087 1218 2137 1262 c.
2192 1200 2294 1263 12.
2336 1220 2396 1263 n.
2432 1201 2517 1273 3.,
2552 1219 2659 1283 per
2695 1200 2884 1265 talem
2916 1200 3196 1263 invocatio·

797 1316 939 1361 nem
985 1317 1107 1362 non
1156 1300 1365 1383 agitur
1411 1301 1626 1364 contra
1675 1301 1927 1383 aliquod
1962 1302 2075 1365 Dei
2115 1303 2513 1380 attributum,
2553 1303 2647 1367 ita
2678 1304 2753 1366 ut
2783 1302 3010 1366 macula
3049 1302 3102 1364 in
3139 1318 3193 1363 eo

800 1401 1070 1483 ponatur
1117 1402 1422 1483 quantum
1470 1404 1564 1465 est
1611 1422 1682 1466 ex
1712 1405 1889 1486 parte
1922 1403 2204 1468 iurantis.
2238 1404 2320 1469 Et
2366 1405 2526 1469 redit
2557 1404 2635 1468 ad
2671 1403 2974 1486 quandam
3015 1420 3194 1467 vanam

802 1504 1271 1586 usurpationem
1301 1504 1568 1569 nominis
1601 1504 1736 1569 Dei.
1768 1506 1802 1542 *

913 1642 1050 1694 XVI.
1073 1645 1121 1693 2.
1152 1641 1422 1695 mortaliter
1460 1649 1617 1695 tamen
1645 1641 1792 1694 etiam
1820 1640 1898 1694 hie
1933 1649 2018 1695 aut
2055 1642 2312 1697 venialiter
2349 1642 2537 1709 peccari
2576 1651 2757 1710 potest,
2781 1644 2914 1697 iuxta
2937 1640 3195 1709 quantitatem

802 1725 1140 1789 negligentiae,
1167 1740 1308 1791 quam
1335 1725 1502 1779 iurans
1542 1726 1752 1779 admittit
1776 1725 1826 1779 in
1850 1725 2226 1792 investigatione
2271 1728 2504 1792 veritatis»,
2534 1732 2611 1781 vet
2652 1729 2864 1782 tollenda
2889 1724 3200 1782 consuetudine.

800 1809 978 1862 Sancb.
1006 1824 1050 1861 n.
1080 1811 1164 1863 to.

895 1907 1047 1982 551.
1089 1914 1160 1977 In
1187 1914 1302 1977 hac
1337 1913 1518 1978 resol.
1569 1914 1781 1998 agitur
1829 1914 2028 1979 adhuc
2073 1916 2146 1980 de
2177 1916 2405 1982 iudicio
2437 1917 2501 1981 in
2547 1917 2899 1982 iuramento
2931 1913 3196 1998 requisito,

802 2015 907 2080 sed
945 2035 1066 2079 non
1098 2017 1404 2096 quatenus
1436 2017 1734 2081 iudicium
1773 2017 1965 2101 exigit
1997 2019 2072 2082 ut
2101 2038 2222 2083 non
2259 2019 2502 2083 iuretur
2539 2019 2773 2102 absque
2804 2019 3132 2084 necessitate
3155 2015 3202 2076 et

801 2135 1009 2194 causa,
1044 2116 1116 2180 de
1148 2137 1271 2198 qua
1303 2138 1367 2182 re
1398 2119 1460 2182 in
1484 2119 1664 2182 resol.
1701 2120 2004 2202 praeced:
2032 2122 2103 2185 at
2133 2123 2438 2203 quatenus
2463 2121 2767 2187 iudicium
2792 2123 2979 2207 exigit
3007 2134 3202 2202 quoque

802 2221 876 2285 ut
898 2220 1083 2284 homo
1109 2218 1441 2302 prudenter
1473 2219 1681 2284 videat
1713 2241 1791 2285 an
1816 2241 2032 2286 verum
2064 2222 2148 2287 sit
2179 2224 2243 2287 et
2272 2225 2512 2288 iustum
2551 2225 2718 2306 quod
2748 2225 2935 2289 iurat.
2959 2222 3042 2287 Cf.
3066 2220 3202 2285 Suar.

800 2323 845 2387 1.
884 2323 944 2384 3.
981 2341 1032 2384 c.
1068 2323 1126 2385 5.
1162 2342 1221 2385 n.
1276 2322 1333 2384 1.
1382 2323 1522 2386 Duo
1575 2326 1739 2399 sunt,
1776 2343 1934 2405 quae
1982 2324 2273 2390 dicuntur
2318 2345 2496 2409 posse
2544 2345 2674 2391 esse
2721 2327 2823 2392 vel
2853 2325 3097 2392 venialia
3133 2318 3205 2384 vel

799 2424 1112 2502 mortalia,
1166 2420 1234 2487 1⁰
1278 2424 1658 2508 negligentia
1704 2425 1767 2488 in
1815 2426 2178 2508 inquirenda
2225 2428 2506 2506 veritate,
2565 2430 2635 2492 2⁰
2688 2430 2751 2493 in
2805 2426 3062 2494 tollenda
3103 2442 3206 2486 con-

801 2527 1149 2592 suetudine.

889 2631 1106 2710 Quoad
1157 2632 1238 2694 1m
1266 2631 1589 2716 diligentia
1636 2650 1707 2695 ea
1756 2651 1884 2696 esse
1931 2632 2129 2711 debet,
2179 2652 2368 2716 quam
2415 2633 2698 2716 postulat
2736 2634 3019 2708 materia,
3062 2643 3209 2711 supra

800 2753 989 2817 quam
1020 2734 1188 2798 cadit
1217 2735 1671 2811 iuramentum,
1722 2754 1868 2798 nam
1915 2735 2218 2816 quaedam
2249 2754 2345 2799 res
2378 2736 2631 2801 maioris
2663 2737 2971 2819 quaedam
3001 2728 3208 2798 minoris

797 2836 1185 2901 certitudinis
1218 2839 1365 2901 sunt
1396 2856 1648 2920 capaees
1674 2839 1737 2901 et
1760 2838 2149 2919 quarundam
2187 2838 2493 2904 certitudo
2532 2840 2730 2918 facile,
2776 2840 3036 2904 aliarum
3066 2847 3208 2918 aegre

800 2938 1148 3003 obtinetur:
1195 2939 1421 3004 idcirco
1468 2958 1590 3003 non
1639 2959 1877 3022 semper
1915 2939 2127 3003 eadem
2159 2940 2484 3024 diligentia
2518 2941 2811 3024 idemque
2851 2943 2979 3006 eius
3015 2938 3208 3003 fruetus

798 3040 1105 3125 postulari
1152 3042 1376 3123 potest.
1440 3041 1710 3106 Escobar
1755 3041 1797 3105 l.
1857 3042 1960 3104 29.
2019 3062 2078 3105 n.
2131 3043 2234 3105 24.
2286 3062 2356 3107 ex
2403 3041 2577 3128 Sayr.
2635 3044 2930 3122 Sanchez,
2985 3044 3212 3124 Aragon.

800 3146 834 3182 *
869 3144 929 3211 S.
970 3143 1241 3208 Thomas
1273 3144 1521 3226 quidem
1559 3144 1817 3208 disserte
1854 3144 2050 3221 docet,
2092 3144 2257 3227 quod
2296 3171 2331 3205 ‹<
2363 3146 2786 3212 iuramentum
2829 3144 3089 3213 adhiberi
3119 3157 3211 3205 non

794 3246 977 3311 debet
1021 3247 1142 3309 nisi
1187 3247 1249 3309 in
1297 3267 1380 3322 re,
1430 3247 1502 3311 de
1552 3266 1676 3328 qua
1724 3246 1950 3329 aliquis
2001 3246 2272 3326 firmiter
2317 3252 2520 3312 certus
2567 3253 2662 3313 est
2703 3274 2740 3309 >
2798 3270 2855 3315 a.
2910 3251 2966 3314 7.
3015 3246 3084 3312 ad
3125 3244 3213 3307 1¹¹¹:

798 3347 964 3431 quod
988 3348 1105 3411 etsi
1130 3348 1476 3413 affirmetur
1502 3349 1578 3413 ab
1610 3368 1681 3414 eo
1709 3349 2025 3413 occasione
2060 3349 2392 3414 iuramenti
2415 3351 2823 3433 promissorii,
2858 3350 3211 3416 manifestum

797 3452 894 3516 est
928 3451 991 3515 id
1022 3451 1223 3535 magis
1258 3452 1459 3516 valere
1490 3452 1554 3515 in
1595 3452 1958 3517 assertorio:
2009 3452 2412 3517 nihilominus
2445 3453 2592 3536 quia
2639 3455 2971 3531 certitudO,
3004 3469 3141 3535 quae
3165 3446 3212 3509 in

794 3553 860 3617 in
891 3554 1071 3619 rebus
1104 3553 1625 3637 contingentibuS,
1675 3573 1834 3636 quae
1883 3556 2031 3619 sunt
2075 3554 2338 3619 materia
2374 3555 2730 3634 iuramenti,
2765 3556 2982 3620 haberi
3026 3550 3211 3637 potest·

795 3659 890 3721 est
935 3658 1059 3720 fere
1106 3676 1344 3739 semper
1373 3656 1627 3721 moralis
1659 3657 1722 3720 et
1755 3657 1907 3721 haec
1936 3657 2000 3721 in
2034 3658 2356 3722 hominum
2390 3658 2825 3723 aestimatione
2857 3656 3214 3724 latitudinem

793 3758 1106 3840 quandam
1151 3759 1375 3823 habere
1422 3760 1614 3835 solet;
1667 3759 1802 3823 DD.
1838 3760 2208 3842 posteriores
2239 3779 2361 3825 non
2397 3759 2546 3825 adeo
2584 3760 2784 3845 rigide
2814 3762 3156 3844 loquuntur.
3186 3751 3214 3788 *

795 3858 856 3924 S.
890 3860 1244 3943 Alphonsus
1277 3880 1422 3925 sane
1459 3862 1501 3925 l.
1538 3863 1597 3925 3.
1625 3883 1683 3925 n.
1718 3862 1864 3925 148.
1890 3862 1998 3937 ait,
2025 3880 2148 3926 non
2179 3861 2410 3944 requiri
2433 3861 2870 3928 certitudinem
2902 3860 3216 3927 absolutam

795 3963 858 4026 et
887 3962 1279 4026 infallibilem
1326 3963 1403 4027 ad
1448 3966 1611 4028 recte
1656 3963 2008 4039 iurandum,
2050 3963 2154 4028 sed
2185 3964 2464 4028 sufficere
2511 3964 2787 4046 aliquam
2819 3958 3216 4029 certitudinem

789 4065 1110 4140 moralem,
1138 4065 1266 4129 sive
1291 4065 1602 4147 quandam
1626 4065 2149 4149 probabilitatem,
2178 4085 2337 4148 quae
2369 4066 2446 4130 ad
2479 4066 2792 4149 quandam
2814 4064 3214 4131 certitudinem

793 4169 1093 4235 moralem
1124 4169 1461 4254 pertingat.
1508 4194 1509 4197 ¹

884 4274 1084 4349 Quam
1132 4271 1429 4336 moralem
1475 4270 1909 4336 certitudinem
1955 4272 2047 4335 ita
2095 4272 2360 4355 explicat
2390 4271 2658 4337 Sanchez
2692 4290 2730 4336 a
2773 4290 2823 4337 s.
2859 4271 3118 4337 Doctore
3155 4262 3222 4328 ci·

788 4372 996 4436 tatus:
1055 4396 1088 4429 ‹<
1121 4373 1218 4436 Ad
1266 4373 1594 4437 veritatem
1641 4372 1976 4437 iuramenti
2025 4374 2341 4438 assertorii
2386 4372 2580 4455 (quod
2627 4375 2690 4439 31
2733 4375 2796 4438 111
2846 4365 3218 4457 promissorio

787 4474 983 4556 valet)
1031 4474 1300 4559 exigitur
1347 4476 1410 4536 et
1458 4475 1610 4538 satis
1660 4476 1774 4550 est,
1827 4477 1898 4538 ut
1954 4476 2165 4540 iurans
2211 4476 2304 4540 ita
2351 4496 2480 4541 rem
2527 4495 2591 4540 se
2637 4476 2861 4541 habere
2910 4472 3218 4540 arbitretur

788 4575 1120 4658 prudenter
1144 4579 1207 4640 et
1231 4595 1352 4640 non
1384 4576 1506 4638 levi
1538 4576 1889 4641 coniectura
1927 4576 2170 4654 (11131113,
2207 4578 2312 4643 sed
2349 4581 2516 4643 certa
2548 4580 2662 4644 aut
2707 4577 3023 4644 verisimili
3055 4574 3222 4653 atque
