3497 5147
305 335 440 405 [382]
1324 351 1744 396 εΑοιιιωωυΜ
2645 344 2751 397 281

476 449 547 510 2ο
586 449 813 513 Peccat
842 450 950 531 qui
985 468 1050 513 se
1082 450 1293 515 obiicit
1329 452 1458 515 sine
1489 451 1655 515 iusta
1685 470 1872 515 causa
1904 453 2173 533 periculo
2207 453 2424 516 mortis
2473 454 2583 515 aut
2615 472 2752 516 mu-

308 550 606 614 tilationis
640 551 717 614 ad
764 551 1189 633 perferendum
1222 554 1612 638 martyrium.
1648 553 1769 618 Ubi
1817 557 2024 618 tamen
2073 555 2236 618 iusta
2277 557 2370 619 est
2416 573 2621 631 causa,
2658 555 2752 618 uti

304 652 467 716 salus
501 653 790 730 aliorum,
823 654 1022 719 honor
1052 655 1193 719 fidei
1225 658 1362 732 etc„
1397 655 1559 720 licet.
1601 676 1658 719 n.
1695 657 1800 719 32.

473 757 549 818 3⁸
587 755 809 819 Peccat
840 757 946 837 qui
977 757 1212 838 respuit
1245 758 1596 833 medicinas,
1632 758 1751 822 nisi
1783 759 1970 823 faciat
2003 759 2080 823 ad
2114 778 2177 823 se
2218 759 2749 823 mortificandum:

304 858 479 922 modo
507 858 673 921 absit
695 858 1037 940 periculum
1061 860 1299 923 mortis.
1327 860 1482 924 Ibid.
1508 860 1584 924 of.
1613 880 1670 923 n.
1703 861 1850 924 128.

382 962 416 998 *
444 960 703 1040 Quaerit
734 961 866 1025 heic
903 980 953 1025 s.
992 961 1366 1042 Alphonsus‚
1402 982 1479 1026 an
1512 963 1774 1026 tenta-tio
1808 963 1920 1026 Dei
1959 981 2240 1044 expressa
2275 963 2516 1027 differat
2554 964 2750 1045 specie

302 1064 372 1127 ab
401 1064 896 1145 interpretativa.
931 1065 1412 1130 Probabiliorem
1445 1066 1632 1129 hahet
1665 1066 2012 1147 opinionem
2044 1064 2623 1130 Salmanticensium
2654 1084 2752 1129 ne-

298 1167 612 1250 gantium:
648 1167 774 1242 sed,
807 1186 874 1231 re
903 1167 1322 1249 philosophice
1353 1170 1650 1250 spectata.
1685 1168 1887 1252 magis
1911 1169 2086 1232 nobis
2119 1168 2319 1250 placet
2353 1169 2555 1250 opinio
2589 1169 2752 1232 affir-

298 1287 466 1332 mans
501 1267 750 1348 Suamz,
785 1269 857 1333 de
895 1289 1017 1352 qua
1055 1271 1289 1335 dictum
1320 1272 1415 1334 est
1446 1291 1504 1334 n.
1540 1271 1623 1334 37
1631 1271 1690 1333 8.
1717 1271 1752 1307 *

1264 1482 1267 1485 ’
1373 1502 1536 1565 non.
1571 1502 1654 1565 11.

1260 1638 1363 1702 De
1398 1636 1761 1720 Sacrileyio.

398 1836 551 1888 XLV.
580 1836 723 1901 Resp.
755 1833 1073 1896 Sacrilegium
1109 1842 1184 1887 est
1218 1833 1419 1886 violatio
1446 1833 1513 1886 rei
1540 1848 1709 1887 sacrae
1740 1837 1834 1886 hoc
1860 1842 1934 1887 est
1960 1834 2149 1888 dicatae
2177 1835 2330 1888 cultui
2357 1835 2524 1888 divino
2559 1842 2607 1888 et
2645 1850 2751 1902 pec·

292 1925 451 1971 catum
483 1920 686 1971 mortale
711 1933 773 1972 ex
797 1932 971 1983 genere
996 1933 1108 1988 suo,
1134 1917 1175 1971 si
1206 1932 1333 1984 opus
1360 1917 1638 1984 specialiter
1666 1927 1905 1985 repugnet
1930 1934 2038 1972 cuni
2068 1918 2136 1972 rei
2167 1920 2453 1988 sanctitate3
2481 1936 2574 1974 non
2608 1934 2747 1988 vero,

284 2004 327 2056 si
363 2002 660 2068 generaliter
698 2010 884 2057 tautum
922 2009 1173 2070 repugnet,
1199 2005 1446 2068 quomodo
1472 2003 1633 2056 omnia
1662 2011 1858 2071 peccata
1899 2004 2119 2058 mortalia
2148 2006 2440 2069 generaliter
2480 2014 2749 2073 repugnant

286 2088 553 2153 sanctitati,
584 2104 633 2143 v.
671 2104 746 2153 gr.
773 2088 956 2155 templi,
978 2089 1045 2142 ita
1086 2097 1140 2142 ut
1178 2087 1381 2142 ibicum
1410 2087 1589 2142 veniali
1628 2097 1831 2157 peccato
1868 2090 2248 2144 committantur.
2278 2094 2364 2144 Est
2390 2099 2550 2146 autern
2590 2091 2746 2145 Sacri·

278 2173 456 2238 legium
486 2173 699 2241 triplex:
725 2176 997 2238 Pei-sonate,
1027 2188 1123 2239 quo
1162 2188 1394 2239 persona:
1422 2175 1614 2235 Loeale,
1640 2189 1738 2239 quo
1778 2175 1942 2228 locus:
1973 2182 2022 2228 et
2047 2176 2213 2239 Reate,
2239 2190 2336 2241 quo
2374 2191 2454 2230 res
2494 2176 2619 2230 aliae
2645 2176 2749 2228 vio·

279 2262 454 2313 tantur.
482 2275 530 2313 s.
558 2261 734 2313 Thom.
762 2263 810 2313 2.
841 2262 888 2311 2.
914 2275 961 2324 q.
988 2260 1072 2313 99.
1101 2274 1144 2310 a.
1174 2261 1221 2310 3.
1250 2265 1298 2311 et
1322 2257 1474 2312 ceteri
1497 2258 1752 2322 Theologi.

362 2397 553 2471 382.
594 2398 773 2478 Quod
805 2399 953 2463 dicit
983 2398 1059 2462 A.
1095 2398 1487 2481 sacrilegium
1525 2417 1655 2462 esse
1686 2399 2088 2463 violationem
2120 2401 2217 2463 rei
2251 2419 2467 2463 sacrae
2505 2402 2622 2465 hoc
2651 2404 2746 2466 est

269 2499 485 2566 divmo
502 2500 714 2565 culmi
727 2501 991 2577 dicatae,
1017 2518 1147 2565 rem
1173 2500 1468 2585 intellige,
1491 2521 1647 2581 quae
1658 2501 1920 2583 publica
1941 2502 2352 2579 institutione,
2378 2505 2748 2568 auctoritate

266 2608 332 2666 et
363 2607 499 2668 ritu
546 2604 638 2668 ad
678 2603 806 2669 Dei
850 2603 1084 2668 cultum
1120 2603 1418 2683 deputata
1453 2608 1561 2667 est.
1597 2603 1769 2681 Voit,
1807 2625 1866 2668 n.
1908 2605 2059 2669 465.
2093 2605 2192 2669 vel
2240 2607 2310 2668 ut
2358 2606 2447 2669 ait
2487 2604 2747 2691 Struggl

265 2726 410 2792 pag.
445 2707 607 2771 149.
643 2726 701 2770 n.
738 2708 830 2771 9.:
871 2731 908 2764 «
931 2707 1054 2770 Res
1087 2724 1263 2770 sacra
1296 2706 1538 2787 proprie
1570 2706 1772 2769 solum
1814 2711 2096 2771 censetur
2136 2708 2264 2784 ina,
2299 2727 2456 2790 quae
2489 2707 2746 2787 ymblico

261 2811 395 2872 νῆα
419 2812 487 2874 et
512 2809 915 2872 institutione
941 2808 1157 2897 divina
1181 2809 1276 2871 vel
1301 2806 1717 2871 welmnstica
1740 2808 1818 2872 ad
1845 2810 1956 2872 Dei
1980 2810 2219 2874 cultum
2243 2812 2539 2892 deputata
2562 2815 2739 2878 est».

263 2915 345 2978 Et
382 2919 459 2979 ut
513 2915 750 2979 Suarez
799 2914 986 2977 habet
1016 2911 1091 2976 de
1122 2912 1332 2994 Reliq.
1368 2914 1446 2975 tr.
1482 2914 1542 2976 3.
1577 2912 1683 2976 lib.
1718 2914 1779 2976 3.
1816 2932 1946 2995 cap.
1988 2917 2043 2977 1.
2076 2935 2137 2978 n.
2178 2917 2266 2979 l.:
2306 2941 2340 2973 «
2375 2917 2487 2980 Rei
2533 2936 2742 2981 sacrae

265 3019 523 3082 nomine
558 3015 833 3098 intelligi
865 3015 1207 3097 quamlibet
1236 3033 1367 3078 rem
1399 3016 1690 3091 creatam,
1727 3034 1885 3096 quae
1916 3033 1988 3080 ex
2009 3017 2324 3096 peculiari
2360 3017 2743 3082 dedicatione

259 3119 339 3182 ad
372 3121 637 3182 cultum
675 3118 789 3181 Dei
820 3119 1035 3181 sancta
1067 3116 1166 3181 vel
1203 3135 1378 3180 sacra
1410 3117 1623 3180 effecta
1662 3120 1782 3195 est3
1818 3119 2076 3184 violatio
2110 3123 2320 3183 autem
2353 3120 2499 3184 talis
2531 3121 2620 3184 rei
2651 3120 2742 3184 di-

256 3222 422 3286 eitur
452 3220 786 3304 quaelibet
808 3219 1204 3284 irreverentia
1230 3222 1339 3283 aut
1363 3219 1613 3303 indigna
1647 3220 1778 3284 eius
1804 3222 2096 3286 tractatio
2122 3247 2184 3285 ».
2210 3223 2308 3284 Ita
2335 3223 2397 3286 et
2420 3222 2740 3306 Laymann

254 3323 359 3388 lib.
383 3327 450 3388 4.
482 3325 570 3388 tr.
611 3323 714 3387 16.
739 3341 870 3404 cap.
893 3323 952 3386 7.
978 3343 1038 3386 n.
1072 3324 1128 3385 l.

336 3427 425 3492 Et
462 3447 517 3492 s.
560 3425 790 3490 Thom.
819 3427 880 3489 2.
910 3426 970 3488 2.
998 3443 1056 3507 q.
1086 3425 1190 3489 99.
1220 3427 1336 3488 art.
1378 3425 1466 3487 1.:
1500 3450 1535 3482 «
1560 3424 1816 3489 Sacrum
1842 3425 2066 3489 dicitur
2098 3424 2331 3505 aliquid
2363 3444 2433 3488 ex
2458 3445 2550 3502 eo,
2578 3428 2742 3508 quod

250 3530 326 3592 ad
376 3531 685 3595 divinum
734 3528 971 3592 cultum
1021 3527 1405 3591 ordinatur...
1448 3529 1510 3590 et
1543 3547 1613 3590 ex
1643 3527 1760 3591 hoc
1791 3528 1955 3609 quod
2004 3527 2236 3608 aliquid
2283 3527 2617 3608 deputatur
2666 3529 2741 3592 ad

243 3632 499 3697 cultum
555 3630 702 3706 Dei,
736 3630 1001 3693 efficitur
1032 3629 1342 3712 quoddam
1390 3628 1665 3692 divinum
1714 3631 1777 3692 et
1817 3630 1904 3694 sic
1950 3630 2004 3692 ei
2052 3630 2355 3711 quaedam
2401 3630 2742 3693 reverentia

243 3736 541 3800 debetur.
582 3732 674 3797 Et
718 3732 854 3796 ideo
903 3750 1081 3796 omne
1128 3731 1303 3806 illud,
1343 3731 1507 3812 quod
1541 3730 1619 3793 ad
1665 3731 2125 3796 irreverentiam
2171 3751 2377 3797 rerum
2424 3750 2740 3796 sacrarum

240 3839 550 3920 pertinet,
600 3835 685 3898 ad
733 3835 1023 3899 iniuriam
1071 3834 1184 3898 Dei
1230 3833 1497 3915 pertinet
1542 3835 1603 3897 et
1641 3834 1830 3897 habet
1875 3835 2182 3919 sacrilegii
2226 3837 2530 3901 rationem
2562 3861 2625 3899 ».
2659 3834 2741 3898 Et

241 3940 388 4004 ibid.
430 3944 566 4003 art.
612 3940 714 4001 2.:
755 3962 790 3994 «
826 3938 897 4001 In
931 3936 1254 4020 sacrilegio
1288 3936 1599 4000 invenitur
1629 3936 1911 4018 specialis
1942 3937 2103 4001 ratio
2151 3938 2582 4015 deformitatiS‚
2616 3957 2738 4021 quo

240 4044 490 4107 scilicet
528 4039 820 4106 violatur
840 4058 939 4104 res
962 4057 1139 4103 sacra
1157 4056 1264 4120 per
1296 4037 1569 4119 aliquam
1593 4038 2076 4102 irreverentiam.
2099 4039 2178 4102 Et
2200 4039 2335 4103 ideo
2361 4041 2454 4103 est
2477 4041 2739 4120 speciale

240 4149 593 4225 peccatum
622 4142 688 4205 et
706 4141 1037 4224 opponitur
1057 4140 1362 4224 religioni.
1390 4138 1564 4204 Sicut
1585 4140 1750 4204 enim
1767 4140 1918 4204 dicit
1933 4141 2370 4205 Damascenus.
2405 4140 2740 4222 «Purpura

238 4246 451 4332 legale
480 4245 937 4310 indumentum
968 4244 1134 4308 facta
1165 4244 1508 4308 honoratur
1537 4245 1602 4306 et
1632 4243 2018 4327 glorificatur
2048 4245 2111 4307 et
2143 4242 2197 4307 si
2232 4244 2369 4325 quis
2401 4244 2558 4307 hanc
2603 4262 2740 4325 per-

236 4348 581 4424 foraverit,
628 4348 830 4410 morte
862 4347 1214 4421 damnatur,
1248 4345 1425 4426 qnasi
1448 4347 1664 4409 contra
1687 4364 1896 4430 regem
1931 4363 2137 4429 agens.
2166 4345 2264 4407 Ita
2297 4346 2486 4408 etiam
2512 4346 2563 4408 si
2598 4347 2738 4427 quis

238 4452 441 4516 violat
474 4469 629 4515 rem
676 4466 935 4525 sacram,
969 4467 1039 4512 ex
1072 4449 1187 4512 hoc
1222 4448 1357 4528 ipso
1388 4451 1605 4512 contra
1644 4447 1760 4511 Dei
1797 4447 2202 4511 reverentiam
2242 4448 2379 4531 agit
2407 4449 2469 4510 et
2505 4448 2594 4511 sic
2631 4467 2739 4528 per

181 4560 194 4574 '
236 4551 805 4639 irreligiositatem
839 4551 1049 4631 peccat
1078 4574 1141 4613 ».
