3497 5147
297 352 439 427 [433]
1124 367 1395 408 summa,
1438 367 1644 410 11111133
1681 369 1721 406 A
1762 368 1936 408 1131111
2657 356 2767 412 821

300 464 537 528 intuitu
596 465 1111 528 remunerationis
1165 484 1272 547 per
1340 464 1664 548 spirituale
1733 464 1966 529 donum
2029 484 2101 529 ex
2162 485 2318 549 pura
2378 468 2763 551 gratitudine

300 565 720 642 obtinendum,
770 585 890 630 non
937 566 1034 630 est
1078 566 1507 631 simoniacum.
1558 565 1727 630 Haec
1775 567 1869 630 est
1917 568 2092 644 trita,
2142 568 2253 644 ait,
2302 570 2367 632 et
2412 571 2759 635 communis

300 668 604 732 sententia
637 669 935 732 omnium.
971 668 1159 732 Ratio
1192 687 1336 733 vero
1369 669 1482 744 est,
1519 668 1666 750 quia
1713 688 1822 750 per
1869 668 2045 732 illam
2091 669 2501 735 intentionem
2533 689 2656 735 non
2688 672 2762 736 fit

302 770 532 834 venalis
567 790 667 834 res
706 789 908 846 sacrm
943 770 1092 851 quia
1136 789 1526 834 remunerare
1572 770 1937 834 beneficium
1970 790 2042 834 ex
2072 772 2457 854 gratitudine
2506 792 2627 837 non
2666 775 2762 837 est

302 872 553 936 vendere
582 872 668 949 id,
708 872 875 954 quod
905 892 978 937 ex
1007 873 1391 955 gratitudine
1436 871 1693 937 confers.
1728 872 1942 955 Neque
1987 874 2100 937 1113
2138 874 2401 939 intentio
2442 876 2760 940 obtinendi

302 975 621 1058 spirituale
667 975 899 1039 donum
944 994 1016 1039 ex
1061 975 1444 1059 gratitudine
1491 976 1587 1039 est
1630 975 1895 1040 intentio
1951 977 2135 1058 pretii
2189 997 2298 1041 nec
2346 980 2442 1042 est
2488 979 2753 1043 intentio

304 1076 536 1141 emendi
567 1077 823 1159 aliquid.
850 1076 1082 1142 Eodem
1114 1079 1316 1160 pacto,
1350 1077 1495 1141 dare
1527 1077 1892 1141 beneficium
1923 1078 2410 1143 ecclesiasticum
2439 1098 2550 1144 seu
2582 1080 2759 1163 spiri·

304 1179 468 1243 tuale
500 1179 733 1243 donum
762 1178 1137 1244 benefactori
1167 1179 1497 1262 temporali
1527 1197 1600 1243 ex
1629 1180 2013 1263 gratitudine
2046 1181 2110 1244 et
2142 1181 2218 1244 ad
2251 1181 2756 1248 satisfaciendum

304 1281 665 1364 obligationi
700 1280 1035 1346 antidorali
1057 1301 1168 1346 seu
1189 1281 1593 1367 gratitudinis
1619 1281 1759 1345 inde
1786 1285 1978 1359 ortae,
2006 1302 2128 1347 non
2153 1286 2249 1348 est
2273 1284 2558 1348 simonia.
2585 1285 2757 1349 Haec

301 1384 485 1448 etiam
517 1386 615 1449 est
644 1384 990 1449 communis
1027 1386 1090 1448 et
1118 1384 1282 1449 ratio
1315 1384 1587 1449 sumitur
1618 1403 1688 1448 ex
1721 1384 1998 1467 praeced.

382 1483 568 1557 433.
607 1486 870 1551 Dicitur
917 1485 1266 1567 temporale.
1315 1487 1596 1551 Pretium
1642 1488 1984 1570 temporale
2031 1489 2238 1553 vocari
2287 1490 2446 1554 solet
2491 1511 2759 1553 munus:

301 1609 655 1672 quanquam
685 1590 1075 1655 communius
1108 1609 1335 1652 munus
1363 1590 1428 1653 in
1459 1590 1576 1654 hac
1597 1609 1663 1653 re
1693 1608 1817 1653 non
1843 1592 1937 1653 est
1974 1590 2225 1673 species,
2252 1594 2441 1673 prout
2472 1592 2760 1657 adhibere

300 1693 542 1760 videtur
570 1693 828 1769 Auctor,
862 1692 1250 1776 distinguens
1289 1691 1559 1774 pretium
1596 1694 1899 1767 muneris,
1933 1693 2202 1774 pretium
2253 1692 2506 1774 linquae
2539 1696 2602 1758 et
2633 1715 2763 1777 pre-

298 1793 462 1859 tium
507 1794 827 1875 obsequii:
875 1794 979 1859 sed
1026 1794 1418 1858 communius
1475 1794 1777 1876 accipitur
1823 1795 1921 1857 uti
1967 1814 2183 1878 genuS,
2233 1795 2400 1877 quod
2454 1797 2761 1880 triplicem

304 1895 483 1959 illam
526 1896 782 1978 speciem
830 1897 1263 1979 amplectatur,
1315 1896 1475 1960 unde
1521 1895 1825 1981 distingui
1858 1897 2018 1961 solet
2063 1897 2128 1961 in
2173 1917 2401 1963 munus
2444 1920 2488 1962 a
2547 1920 2759 1976 manu,

300 2019 533 2064 munus
559 2021 601 2063 a
629 1999 866 2082 linqua,
899 2021 1130 2064 munus
1166 2000 1246 2064 ab
1281 1999 1588 2080 obsequie.

385 2101 560 2182 Quae
588 2102 845 2185 partitio
877 2103 1128 2185 sumpta
1174 2104 1271 2166 est
1299 2122 1371 2166 ex
1402 2121 1536 2166 can.
1571 2100 1738 2165 Sunt
1771 2102 2067 2166 nonnulli
2100 2104 2246 2168 114.
2280 2124 2447 2168 caus.
2487 2106 2544 2169 1.
2578 2126 2637 2186 q.
2677 2107 2757 2180 1.‚

298 2207 403 2288 qui
432 2224 635 2270 canon
672 2207 920 2271 constat
964 2225 1036 2269 ex
1073 2205 1275 2269 verbis
1306 2224 1357 2269 3.
1391 2204 1711 2288 Gregorii:
1754 2228 1790 2262 «
1822 2203 1983 2270 Sunt
2027 2207 2329 2284 nonnulli,
2363 2208 2472 2288 qui
2508 2208 2759 2290 quidem

298 2328 696 2374 nummorum
743 2308 1017 2391 praemia
1078 2327 1150 2372 ex
1205 2307 1590 2372 ordinatione
1636 2326 1760 2371 non
1807 2307 2119 2391 accipiunt
2165 2311 2229 2372 et
2287 2309 2497 2373 tamen
2552 2328 2760 2375 sacros

295 2412 538 2477 ordines
577 2429 688 2493 pro
722 2411 997 2474 humana
1020 2410 1227 2494 gratia
1263 2409 1621 2493 largiuntur
1652 2410 1842 2490 atque
1874 2408 1948 2472 de
1980 2410 2278 2493 largitate
2310 2410 2521 2474 eadem
2553 2412 2758 2475 laudis

290 2512 687 2580 solummodo
711 2512 1187 2577 retributionem
1217 2512 1542 2595 quaerunt.
1571 2511 1656 2577 Hi
1687 2511 1985 2576 nimirum
2008 2512 2175 2595 quod
2212 2512 2413 2597 gratis
2442 2515 2760 2596 receptum

290 2620 402 2693 est,
436 2618 644 2703 gratis
678 2635 799 2681 non
836 2616 1155 2688 tribuunt;
1191 2616 1339 2698 quia
1376 2614 1449 2679 de
1487 2615 1765 2698 impenso
1800 2615 2003 2679 officio
2036 2616 2392 2680 sanctitatis
2430 2636 2759 2681 nummum

287 2723 592 2806 expetunt
636 2720 887 2784 favoris.
924 2718 1100 2784 Unde
1147 2719 1296 2781 bene
1328 2737 1470 2782 cum
1516 2717 1756 2781 iustum
1801 2717 2006 2782 virum
2044 2717 2412 2782 describeret
2457 2719 2759 2801 propheta

288 2825 430 2889 lsai.
484 2822 791 2888 XXXIII.
845 2823 947 2885 15.
983 2821 1115 2885 ait:
1174 2820 1298 2900 Qui
1354 2820 1589 2883 excutit
1639 2839 1868 2882 manu-3
1921 2838 2074 2882 suas·
2125 2820 2204 2883 ab
2265 2821 2435 2883 omni
2485 2840 2759 2885 munere.

282 2926 497 3010 Neque
551 2926 722 2989 enim
759 2924 928 3000 dicit,
962 2924 1073 3005 qui
1103 2923 1337 2986 excutit
1379 2941 1606 2985 manus
1650 2941 1802 2985 suas
1832 2942 1875 2984 a
1910 2941 2182 2998 munere,
2216 2922 2323 2986 sed
2369 2923 2651 2988 adiunxit
2680 2924 2761 2987 ab

284 3031 493 3107 omni,·
527 3028 685 3111 quia
718 3026 886 3091 aliud
936 3027 1031 3090 est
1060 3044 1288 3090 munus
1326 3025 1404 3088 ab
1453 3024 1769 3105 obsequio,
1805 3023 1976 3088 aliud
2007 3042 2237 3088 munus
2271 3043 2308 3087 a
2339 3044 2550 3101 manu,
2598 3025 2756 3091 illud

280 3151 511 3197 munus
586 3150 620 3194 a
671 3130 906 3213 lingua.
955 3127 1188 3191 Munus
1234 3127 1459 3210 quippe
1506 3126 1585 3189 ab
1632 3126 1926 3207 obsequio
1981 3128 2078 3190 est
2120 3126 2421 3191 subiectio
2489 3127 2760 3193 indebite

282 3235 594 3319 impensa.
623 3232 854 3295 Munus
884 3250 921 3294 a
952 3249 1161 3305 manu,
1196 3229 1453 3313 pecunia
1490 3229 1604 3293 est.
1630 3228 1864 3292 Munus
1896 3247 1934 3291 a
1963 3228 2201 3313 liugua,
2227 3227 2422 3293 favor.
2458 3227 2578 3309 Qui
2610 3248 2757 3313 ergo

279 3356 490 3403 sacros
527 3335 781 3403 ordines
813 3333 1055 3409 tribuit,
1088 3336 1227 3398 tum
1265 3332 1344 3396 ab
1376 3331 1545 3397 omni
1580 3350 1833 3395 munere
1864 3349 2086 3395 manus
2124 3330 2377 3406 excutit,
2412 3330 2657 3412 quando
2691 3334 2755 3397 in

280 3439 510 3505 divinis
535 3438 730 3504 rebus
756 3455 876 3500 non
910 3435 1114 3500 solum
1138 3434 1377 3497 nullam
1407 3432 1751 3515 pecuniam,
1778 3431 1884 3495 sed
1908 3432 2099 3495 etiam
2124 3432 2462 3496 humanam
2486 3434 2759 3515 gratiam

275 3562 396 3609 11011
428 3540 796 3624 requirit».

362 3647 616 3712 Munus
650 3662 798 3728 ergo
837 3642 971 3706 heic
1017 3640 1394 3724 intelligitur
1439 3657 1561 3702 non
1595 3637 1829 3701 donum
1877 3636 2129 3718 aliquod
2175 3637 2430 3700 liberale
2478 3656 2550 3701 ac
2595 3656 2760 3702 mere

274 3750 672 3833 gratuitum,
705 3744 812 3810 sed
855 3744 1124 3827 pretium
1173 3762 1281 3806 seu
1329 3740 1609 3805 debitum
1654 3739 1935 3803 iustitiae
1973 3739 2462 3804 commutativae
2510 3758 2618 3804 seu
2666 3741 2763 3806 de-

276 3853 506 3926 bitum,
547 3848 725 3933 quod
757 3846 995 3911 inducit
1034 3864 1189 3911 onus
1222 3848 1285 3909 et
1316 3862 1673 3927 gravamen.

360 3956 634 4019 Munus
669 3972 713 4015 a
740 3970 953 4026 man-u,
978 3948 1355 4032 intelligitur
1384 3966 1507 4012 non
1539 3948 1790 4010 tantum
1829 3945 2105 4028 pecunia,
2134 3965 2377 4023 aurum,
2405 3949 2756 4032 argentum,

273 4064 480 4126 vestes
520 4061 595 4124 et
630 4056 756 4121 alia
803 4053 1179 4131 huiusmodi,
1211 4071 1371 4135 quae
1401 4051 1813 4117 communiter
1845 4051 1966 4115 emi
2014 4052 2127 4115 aut
2158 4051 2339 4116 vendi
2371 4054 2593 4129 solent,
2631 4055 2761 4120 sive

275 4162 399 4228 sint
431 4159 713 4227 mobilia
760 4158 889 4222 sive
921 4155 1285 4232 immobilia,
1321 4155 1425 4219 sed
1457 4155 1770 4236 quaelibet
1817 4173 1913 4219 res
1963 4155 2341 4237 temporam,
2376 4175 2535 4237 quae
2566 4158 2767 4240 pretio

278 4268 362 4331 sit
394 4262 849 4331 aestimabilia.

360 4369 467 4434 Ita
500 4363 800 4432 remissio
831 4363 1024 4427 debiti
1055 4361 1244 4443 (quae
1281 4359 1633 4442 aequivalet
1665 4360 2068 4442 pecuniarum
2098 4359 2449 4444 largitioni)
2483 4364 2596 4426 aut
2625 4383 2763 4445 pro-

272 4474 489 4537 missio
524 4465 917 4536 remittendi.
952 4464 1089 4545 Qua
1119 4464 1193 4529 de
1223 4484 1288 4528 re
1320 4465 1524 4528 exstat
1573 4481 1753 4526 casus
1800 4462 1863 4526 in
1911 4481 2042 4544 cap.
2098 4460 2365 4525 Veniens
2399 4463 2503 4528 10.
2538 4464 2612 4527 de
2648 4465 2758 4529 Te-

438 4614 748 4657 Bnumnnn.
780 4630 830 4639 -
861 4603 1029 4649 Hor-al.
1061 4604 1213 4647 Tomo
1241 4602 1308 4652 11.
2547 4603 2596 4645 21
