3497 5147
809 346 919 400 462
954 357 1166 398 ’11131011
1184 354 1263 395 vr.
1285 352 1446 396 sacr.
1469 353 1533 393 11.
1553 352 1639 392 ma
1664 351 1942 392 saeui-mo
1968 352 2184 393 ramo.
2211 352 2540 396 vacuom.
2563 356 2692 397 0111».
2717 358 2776 399 11.
2801 358 2929 401 nnn.
2952 361 3040 400 vn.
3068 345 3186 421 [601]

820 456 1124 528 ordinare,
1160 453 1237 517 ad
1285 450 1520 532 aliquid
1568 447 1895 531 agendum.
1930 447 2104 513 Sicut
2151 451 2362 514 autem
2408 451 2593 517 homo
2640 471 2700 517 se
2729 454 2919 536 ipsum
2959 457 3188 521 ordinare

818 558 1027 641 potest
1064 556 1140 619 ad
1189 552 1425 635 aliquid
1464 551 1791 635 agendum,
1826 551 1917 614 ita
1963 551 2154 615 etiam
2186 554 2249 615 et
2294 553 2472 630 alios,
2506 557 2840 637 superiores
2880 557 3089 639 quidem
3115 558 3191 623 de-

822 657 1146 742 precando,
1178 655 1499 720 inferiores
1537 672 1682 718 vero
1714 652 2093 735 imperando.
2134 651 2293 717 Cum
2329 674 2478 738 ergo
2509 658 2768 739 utraque
2813 659 3079 723 ordinatio
3109 679 3191 742 per

818 760 1074 842 aliquod
1110 759 1389 823 divinum
1437 755 1860 830 confirmatur,
1896 756 1991 818 est
2037 754 2349 821 adiuratio
2379 782 2441 821 ».
2476 757 2646 837 Quae
2690 759 2928 842 proinde
2958 765 3096 825 ηοω
3119 761 3193 825 do.

816 864 1033 927 finitur
1058 881 1094 927 a
1120 861 1295 944 Gury
1318 859 1396 922 V.
1428 859 1485 922 1.
1516 858 1573 940 ς.
1602 857 1776 920 316.:
1810 881 1844 914 «
1869 857 2318 922 auctoritativa
2335 859 2433 923 vel
2463 859 2845 943 deprecativa
2868 863 3191 945 efflagitatio,

818 965 1188 1047 interposito
1222 962 1468 1027 nomine
1494 960 1607 1023 Dei
1639 959 1738 1022 vel
1762 957 2133 1023 Sanctorum
2156 960 2255 1024 vel
2280 961 2365 1024 rei
2395 980 2625 1039 sacrae,
2652 966 2726 1027 ut
2748 963 3046 1029 inducatur
3069 964 3195 1027 alius

816 1067 897 1132 ad
929 1066 1163 1149 aliquid
1201 1064 1547 1130 faciendum
1580 1062 1678 1126 vel
1709 1061 2123 1125 omittendum
2148 1087 2210 1126 ».

909 1170 1106 1234 Docet
1137 1168 1283 1233 ibid.
1310 1186 1360 1231 s.
1387 1166 1660 1229 Thomas
1690 1164 1871 1227 licere
1896 1163 2182 1228 adiurare
2207 1166 2516 1230 hominem
2541 1170 2607 1231 et
2633 1168 2881 1250 quidem
2901 1169 2952 1233 si
2977 1169 3197 1251 superior

816 1275 921 1346 sit,
962 1274 1169 1355 potest
1214 1271 1268 1334 is
1317 1267 1599 1332 adiurare
1646 1265 2042 1347 imperative3
2084 1267 2441 1331 sicutenim
2473 1270 2681 1350 potest
2719 1271 2855 1351 quis
2883 1270 2992 1335 sibi
3018 1270 3198 1353 obliga-

824 1377 1058 1440 tionem
1104 1373 1417 1455 imponere
1462 1389 1569 1451 per
1605 1367 1798 1431 divini
1837 1367 2101 1431 nominis
2149 1368 2621 1447 invocationem,
2651 1372 2747 1436 ita
2793 1375 2854 1436 et
2897 1373 3074 1453 potest
3102 1371 3200 1434 suis

817 1477 1113 1544 subditis:
1140 1474 1393 1539 inferior
1424 1489 1568 1536 vero
1601 1488 1721 1534 non
1756 1470 1874 1533 nisi
1906 1469 2281 1552 deprecando
2316 1473 2695 1554 superiorem
2725 1473 2995 1537 adiurare
3025 1473 3200 1556 potest,

817 1600 941 1646 non
972 1577 1404 1642 necessitatem
1433 1574 1659 1637 idcirco
1686 1574 1799 1636 aut
1824 1572 2268 1654 obligationem
2305 1573 2693 1655 imponend0‚
2721 1575 2825 1640 sed
2856 1575 3039 1639 solum
3059 1576 3204 1638 inten-

817 1684 968 1747 dens
1017 1678 1252 1762 aliquid
1297 1678 1376 1741 ab
1422 1695 1515 1751 eo,
1563 1694 1668 1757 per
1713 1674 2123 1738 reverentiam
2167 1674 2360 1739 divini
2421 1677 2689 1742 nominis
2739 1678 2836 1742 vel
2879 1677 3109 1741 alicuius
3140 1675 3207 1738 rei

819 1805 1049 1861 sacrae,
1084 1784 1379 1849 obtinere.
1412 1780 1584 1844 Idem
1622 1781 1833 1843 autem
1865 1778 2188 1842 dicendum
2220 1778 2294 1844 de
2324 1780 2460 1862 pari
2496 1800 2644 1865 erga
2675 1801 2905 1865 parem.

910 1889 1106 1953 Docet
1162 1889 1221 1951 2.
1265 1907 1320 1950 a.
1357 1887 1418 1949 2.
1452 1904 1500 1948 s.
1535 1883 1829 1957 Thomas⁹
1879 1881 2060 1945 licere
2096 1901 2342 1964 quoque
2391 1883 2675 1949 adiurare
2722 1885 3052 1961 daemone&
3089 1880 3207 1966 quod

819 1992 1020 2075 primo
1065 1989 1290 2072 probat
1319 1987 1521 2051 verbis
1549 1984 1796 2049 Domini
1822 1983 2014 2046 Marc.
2047 1983 2217 2047 XVI.
2256 1985 2388 2049 17.:
2429 1985 2500 2048 in
2522 1987 2774 2050 nomine
2803 2008 2930 2051 meo
2953 1984 3209 2050 daemonia

817 2094 1107 2168 adicient,-
1156 2091 1438 2154 inducere
1485 2087 1649 2152 enim
1688 2086 1884 2150 alium
1931 2086 2010 2149 ad
2042 2086 2276 2167 aliquid
2309 2087 2617 2170 agendum
2662 2093 2916 2173 propter
2941 2107 3132 2154 nomen
3152 2084 3212 2149 (11-

821 2199 1056 2272 vinum,
1091 2198 1185 2259 est
1216 2193 1520 2258 adiurare.
1547 2189 1780 2254 Deinde
1817 2189 2111 2254 distincta
2155 2188 2387 2272 duplici
2434 2191 2848 2270 adiuratione,
2896 2189 3211 2275 deprecativa

826 2303 889 2364 et
935 2297 1326 2380 imperativa,
1360 2295 1626 2378 priorem
1660 2292 1908 2374 quidem
1956 2295 2145 2374 negat
2190 2292 2397 2368 11001·ος
2439 2317 2477 2351 ‹
2507 2294 2656 2374 quia
2704 2296 2811 2361 ille
2857 2296 3062 2360 modus
3092 2291 3215 2356 adiu·

820 2402 1001 2467 randi
1046 2401 1294 2464 videtur
1331 2397 1407 2461 ad
1431 2395 1745 2478 quandam
1776 2393 2268 2458 benevolentiam
2314 2396 2410 2458 vel
2444 2397 2791 2462 amicitiam
2813 2400 3108 2481 pertinere
3126 2409 3214 2475 qua

828 2523 950 2569 non
996 2503 1143 2568 licet
1181 2501 1257 2566 ad
1304 2500 1630 2563 daemones
1661 2496 1760 2559 uti
1806 2520 1865 2559 ».
1901 2495 2179 2559 Alteram
2222 2498 2433 2560 autem
2465 2496 2923 2564 adiurationem
2954 2515 3135 2562 rursus
3158 2493 3219 2556 di·

820 2607 1120 2692 stinguit:
1160 2605 1259 2669 vel
1305 2603 1467 2668 enim
1514 2600 1874 2665 adiuramus
1920 2599 2277 2680 imperando
2326 2602 2400 2663 ut
2445 2601 2682 2682 aliquid
2731 2603 2814 2666 ab
2860 2604 2947 2667 eis
2975 2602 3219 2665 discamus

822 2711 922 2775 vel
974 2708 1363 2774 obtineamus
1410 2707 1475 2769 et
1518 2704 1677 2767 hanc
1713 2720 1928 2765 rursus
1975 2700 2142 2764 haud
2186 2700 2368 2765 licere
2402 2701 2708 2779 affirmat3
2748 2705 2898 2785 quia
2943 2705 3048 2768 hoc
3088 2698 3223 2783 perfi-

824 2814 999 2877 neret
1046 2812 1121 2875 ad
1171 2810 1445 2891 aliquam
1504 2806 1867 2871 societatem
1922 2823 2067 2867 cum
2112 2804 2261 2885 ipsis
2328 2804 2693 2870 habendam.
2753 2807 2873 2871 Vel
2931 2799 3222 2889 imperando

826 2915 1208 2989 adimamus
1257 2930 1332 2975 ne
1380 2908 1716 2974 adversarii
1761 2906 1959 2971 nostri
2004 2906 2182 2969 nobis
2241 2908 2505 2971 noceant
2548 2907 2966 2990 spiritualiter
3015 2906 3100 2970 vel
3135 2919 3224 2967 cor·

829 3017 1126 3102 poraliter
1158 3019 1346 3096 atque
1375 3013 1534 3077 hanc
1582 3009 2036 3075 adiurationem
2065 3008 2305 3073 licitam
2351 3026 2481 3073 esse
2527 3009 2705 3085 dicit3
2745 3012 2918 3093 quia,
2951 3006 3225 3075 secundum

826 3121 1203 3204 potestatem
1236 3137 1272 3181 a
1302 3114 1552 3180 Christo
1584 3115 1799 3213 datam
1829 3112 1978 3175 Luc.
2005 3110 2082 3174 X.
2121 3112 2246 3186 19.,
2276 3111 2635 3177 huiusmodi
2662 3115 2906 3179 inimici
2938 3113 3097 3177 nobis
3126 3106 3227 3172 snb·

820 3224 1135 3287 iiciuntur.

914 3325 1113 3387 Docet
1163 3323 1224 3386 3.
1261 3341 1315 3386 a.
1353 3323 1415 3384 3.
1449 3338 1572 3384 non
1619 3319 1802 3382 licere
1850 3316 2134 3380 adiurare
2179 3318 2494 3381 creaturas
2540 3317 2940 3384 irrationales
2986 3336 3050 3382 eo
3095 3314 3229 3397 pacto

828 3429 904 3492 ut
936 3425 1247 3491 adiuratio
1272 3425 1576 3489 referatur
1615 3422 1691 3485 ad
1730 3422 1932 3503 ipsam
1969 3419 2396 3485 irrationalem
2426 3422 2782 3486 creaturam
2818 3420 3132 3487 secundum
3161 3433 3232 3485 soz

824 3530 978 3612 quia
1025 3529 1113 3594 sic
1156 3546 1381 3592 vanum
1418 3528 1598 3599 esset,
1648 3525 1813 3589 sicut
1857 3521 1936 3587 ad
1981 3540 2084 3586 eas
2116 3521 2308 3602 loqui.
2342 3520 2408 3585 Si
2453 3540 2597 3587 vero
2644 3523 2737 3587 ita
2785 3524 3146 3594 adimantur,
3180 3515 3233 3577 ut

836 3632 1146 3697 adiuratio
1193 3630 1499 3695 referatur
1531 3627 1607 3691 ad
1640 3645 1803 3701 eum,
1838 3644 1874 3688 a
1921 3642 2044 3706 quo
2090 3625 2411 3688 creaturae
2454 3624 2599 3689 illae
2645 3630 3003 3704 moventur,
3039 3625 3116 3689 sic
3139 3622 3235 3703 ipsa

828 3734 975 3797 licet
1012 3753 1082 3796 30
1113 3732 1343 3815 duplici
1374 3729 1578 3794 modo,
1613 3728 1778 3792 Nam
1811 3727 1907 3790 vel
1932 3729 2027 3791 est
2059 3726 2367 3791 adiuratio
2415 3746 2522 3809 per
2550 3726 2808 3793 modum
2847 3720 3235 3813 deprecationis

826 3836 905 3899 ad
944 3835 1143 3898 Deum
1170 3834 1422 3910 directa,
1449 3832 1613 3915 quod
1636 3830 1906 3914 pertinet
1930 3829 2005 3892 ad
2038 3847 2162 3906 eos,
2188 3828 2298 3910 qui
2329 3827 2537 3893 divina
2567 3830 2964 3896 invocatione
2993 3822 3237 3894 miracula

831 3936 1087 4011 faciunt,
1122 3937 1222 3999 vel
1263 3937 1358 4000 est
1403 3956 1510 4018 per
1541 3934 1798 3999 modum
1822 3931 2264 4014 compulsionis
2294 3922 2402 3995 seu
2424 3932 2687 4015 imperii,
2721 3952 2884 4014 quae
2916 3931 3157 3997 refertur
3186 3920 3240 3987 εὖ

826 4040 1146 4105 diabolum
1179 4037 1285 4119 qui
1319 4038 1380 4102 in
1425 4038 1869 4102 nocumentum
1904 4036 2190 4099 nostrum
2224 4034 2430 4099 utitur
2457 4034 2928 4101 irrationalibus
2958 4028 3241 4099 creaturis:

828 4144 892 4207 et
930 4142 1078 4208 talis
1116 4142 1212 4206 est
1246 4140 1467 4205 modus
1500 4138 1823 4204 adiurandi
1853 4138 1917 4201 in
1950 4137 2256 4201 Ecclesiae
2302 4136 2672 4203 exorcismis.

914 4240 1078 4314 sm.
1118 4243 1451 4308 Adiuratio
1476 4241 1806 4325 dupliciter
1840 4238 2268 4323 distinguitur,
2312 4238 2379 4301 1⁰
2407 4238 2472 4303 in
2503 4237 2962 4318 depreeaamm
3004 4240 3065 4303 et
3105 4237 3246 4312 impe

832 4346 1121 4421 ναύίυαφη,
1156 4348 1231 4411 1113
1262 4366 1333 4410 ex
1368 4345 1553 4410 dictis
1584 4345 1711 4409 iam
1742 4346 1950 4425 patet:
1987 4343 2056 4405 2⁰
2079 4343 2144 4405 111
2172 4340 2530 4405 sollemnem
2559 4343 2622 4406 et
2641 4343 3005 4422 privatam:
3035 4338 3136 4405 illa
3160 4333 3248 4405 est
3363 4324 3369 4337 ¹

826 4465 990 4528 quae
1025 4448 1103 4510 ab
1140 4446 1448 4513 Ecclesiae
1495 4447 1799 4512 ministris
1836 4446 1928 4522 fit,
1963 4447 2090 4511 ritu
2139 4444 2217 4509 ab
2250 4463 2321 4509 ea
2351 4445 2629 4520 statuto;
2679 4445 2829 4509 haec
2865 4462 3026 4527 quae
3058 4441 3124 4504 fit
3147 4436 3250 4499 sine

828 4549 924 4612 his
957 4548 1487 4615 sollemnitatibus
1535 4552 1599 4614 et
1646 4569 1682 4613 a
1728 4549 2008 4630 quolibet
2054 4569 2161 4632 per
2207 4567 2270 4613 se
2317 4547 2451 4612 fieri
2481 4548 2706 4630 potest.
2737 4545 3066 4612 Adiuratio
3101 4555 3252 4625 porro
