3497 5147
368 317 516 392 [850]
956 331 1108 381 omn
1147 332 1375 379 euim-o
1410 333 1768 374 Prummu-0
1805 333 2239 376 pneumam-tm
2716 325 2821 380 627

378 428 592 492 debet:
642 427 732 491 sic
776 445 828 491 e.
860 448 922 511 g.
958 429 1012 492 si
1060 428 1366 492 tenebaris
1414 428 1814 514 naufragium
1859 430 2174 512 impedire,
2207 431 2312 495 sed
2342 433 2443 496 vel
2477 434 2823 517 neglexisti,

370 529 471 593 vel
507 547 630 593 non
679 528 1018 593 adhibuisti
1065 532 1359 594 conatum
1405 531 1656 595 tantum
1700 532 2006 613 quantum
2054 551 2208 615 opus
2255 535 2389 597 erat
2433 536 2496 599 et
2541 537 2822 617 poteras:

275 632 285 641 '
374 632 444 696 2ο
476 633 549 696 ut
595 631 763 696 aliud
813 632 898 695 sit
942 632 1368 696 voluntarium
1415 633 1486 696 in
1529 653 1614 710 se,
1655 633 1825 698 aliud
1869 634 1940 696 in
1985 653 2215 712 causa;
2255 635 2331 698 ad
2377 634 2541 717 quod
2588 638 2828 719 spectat

372 734 721 816 exemplum
767 735 1049 817 superius
1097 735 1380 799 allatum.

462 835 631 901 Nota
669 837 726 900 1.
761 837 1167 902 homicidium
1203 837 1574 902 indirectum
1606 840 1669 903 et
1704 838 1771 902 in
1803 857 1991 903 causa
2036 839 2334 922 appellari
2364 859 2610 922 quoque
2639 842 2828 905 inter-

364 938 783 1018 petratimcm:
816 940 876 1002 2.
903 938 967 1001 in
998 938 1330 1004 homicidio
1362 939 1590 1004 directe
1623 942 1735 1005 aut
1766 941 1830 1003 in
1862 960 1925 1005 se
1957 941 2153 1005 volito
2185 942 2552 1006 intervenire
2582 942 2824 1008 dolum:

373 1039 554 1105 dolus
600 1041 763 1105 enim
796 1042 892 1106 est
923 1042 1124 1106 omnis
1159 1042 1490 1121 calliditas,
1522 1041 1793 1120 fallacia,
1825 1043 2204 1107 machinatio
2243 1042 2321 1106 ad
2358 1043 2831 1108 circumvenien-

374 1142 542 1219 dum,
576 1142 934 1220 fallendum,
970 1143 1394 1227 decipiendum
1442 1144 1742 1208 alterum:
1792 1164 1935 1208 cum
1966 1163 2109 1209 vero
2157 1144 2395 1208 malum
2440 1144 2831 1227 propositum

374 1245 642 1310 habetur
674 1247 961 1330 patrandi
1008 1247 1344 1325 homicidii,
1380 1247 1616 1330 aliquid
1647 1267 1719 1312 ex
1750 1248 1847 1313 his
1879 1267 2117 1331 semper
2150 1248 2343 1313 adest.
2379 1246 2471 1313 Cf.
2508 1248 2830 1333 Laymann

372 1345 416 1410 l.
446 1347 506 1410 3.
541 1349 621 1411 tr.
650 1348 710 1411 3.
745 1369 803 1431 p.
833 1350 892 1411 3.
922 1368 972 1413 c.
1000 1350 1061 1413 4.
1096 1369 1155 1414 n.
1187 1348 1268 1423 1.,
1302 1349 1410 1431 qui
1441 1349 1656 1414 deinde
1685 1350 1874 1415 infert
1908 1350 2085 1415 iuxta
2116 1350 2541 1416 distinctiones
2564 1352 2830 1417 traditas

379 1449 824 1516 attendendum
871 1471 1002 1517 esse
1049 1454 1192 1517 ante
1241 1452 1449 1517 omnia
1496 1471 1533 1516 a
1578 1452 1780 1517 iudice
1823 1452 1888 1517 in
1934 1453 2201 1534 utroque
2230 1453 2386 1531 foro,
2429 1454 2496 1516 1⁰
2527 1472 2605 1517 an
2638 1454 2833 1519 homi-

376 1551 603 1617 cidium
641 1572 791 1618 casu
836 1553 1176 1618 admissum
1224 1555 1327 1631 sit,
1364 1555 1434 1617 2⁰
1465 1572 1544 1618 an
1590 1554 1793 1637 culpa,
1826 1555 1898 1618 3⁰
1931 1574 2009 1618 an
2041 1554 2184 1619 dolo
2216 1554 2471 1619 factum.

465 1653 706 1719 Rursus
752 1656 1156 1721 homicidium
1203 1656 1302 1720 vel
1348 1657 1443 1720 est
1488 1655 1754 1736 simplex
1800 1656 1898 1721 vel
1945 1656 2394 1737 qualificatum.

466 1755 764 1838 Simplex,
798 1758 963 1840 quod
1009 1759 1246 1822 nullam
1295 1757 1483 1822 aliam
1516 1758 1844 1840 specialem
1889 1757 2348 1823 deformitatem
2393 1758 2583 1823 habet
2619 1778 2691 1823 ex
2720 1760 2833 1824 cir-

378 1860 770 1926 cumstantiis
815 1861 915 1925 vel
960 1879 1254 1944 personae
1302 1860 1554 1939 occisae,
1588 1859 1687 1923 vel
1730 1859 1872 1939 loci,
1913 1860 2013 1923 vel
2047 1858 2235 1924 modi.

478 1963 937 2045 Qualificatum‚
977 1964 1140 2046 quod
1175 1983 1247 2028 ex
1277 1962 1747 2028 circumstantia
1785 1963 2079 2046 quapiam
2111 1962 2409 2028 adnexam
2440 1964 2630 2029 habet
2658 1963 2835 2028 mali-

380 2067 558 2141 tiam,
590 2087 748 2150 quae
779 2068 1151 2151 peculiarem
1183 2068 1239 2131 ei
1271 2067 1446 2131 addit
1491 2066 1972 2131 deformitatem.
2004 2065 2338 2130 Numerari
2368 2067 2578 2132 autem
2610 2067 2830 2132 solent.

561 2172 628 2234 1⁰
656 2170 1112 2248 Parricidium,
1146 2171 1312 2254 quod
1358 2173 1453 2237 est
1498 2171 1856 2236 voluntaria
1900 2171 2119 2237 caedes
2165 2172 2547 2237 ascendentis
2593 2172 2690 2237 vel
2736 2171 2835 2237 de-

379 2273 742 2351 scendentis,
771 2274 848 2338 ad
880 2274 1045 2356 quod
1076 2275 1317 2357 spectat
1361 2274 1817 2351 matricidium;
1849 2274 1905 2338 ei
1943 2277 2156 2339 autem
2203 2277 2558 2339 accensetur
2589 2293 2834 2357 quoque

376 2376 815 2453 uxoriozfflnm,
849 2377 1001 2442 item
1040 2378 1103 2441 et
1134 2378 1259 2440 viri
1288 2378 1529 2455 occisio,
1559 2376 1988 2457 fratricidium
2012 2377 2111 2442 vel
2139 2378 2570 2441 sorom'cidium
2602 2380 2667 2442 et
2702 2379 2836 2442 tan-

376 2480 514 2545 dem
564 2480 833 2545 aliorum
880 2479 1351 2545 coniunctorum
1398 2498 1594 2562 usque
1643 2479 1720 2543 ad
1753 2480 1839 2542 4¹¹¹
1877 2478 2162 2564 gradum.
2202 2476 2295 2543 Cf.
2328 2478 2651 2564 Laymann
2679 2480 2722 2544 1.
2757 2499 2834 2559 c.‚

377 2584 625 2667 insuper
656 2581 1071 2664 Rcyicidium.

558 2688 626 2749 2ο
660 2683 1094 2768 Sacrileyium,
1121 2686 1221 2750 vel
1249 2684 1493 2749 ratione
1516 2703 1811 2768 personae
1844 2686 2077 2750 occisae
2114 2685 2212 2750 vel
2242 2685 2483 2750 ratione
2513 2686 2652 2751 loci.

555 2788 626 2851 3⁰
655 2787 1109 2866 Latrocinium‚
1144 2787 1428 2852 videlicet
1466 2785 1688 2851 occisio
1719 2806 1862 2851 cum
1900 2788 2107 2853 animo
2137 2787 2491 2871 praedandi.

557 2891 627 2953 4⁰
659 2890 1123 2967 Assassinium,
1158 2889 1288 2955 sive
1326 2908 1398 2953 ex
1429 2890 1605 2971 parte
1641 2887 2052 2966 conductores,
2085 2889 2215 2953 sive
2247 2908 2319 2954 ex
2341 2891 2518 2973 parte
2554 2889 2841 2955 conducti

376 2992 455 3058 ad
482 2992 895 3058 occidendum.

559 3097 628 3160 5⁰
658 3094 1116 3174 Proditoon'um,
1167 3095 1402 3160 scilicet
1431 3093 1669 3159 factum
1700 3093 1817 3158 sub
1863 3094 2060 3178 specie
2090 3093 2402 3159 amicitiae
2433 3095 2531 3160 vel
2578 3114 2650 3159 ex
2692 3096 2838 3159 insi-

377 3199 529 3277 diis3
566 3199 644 3264 ad
675 3198 839 3281 quod
872 3198 1187 3263 reducitur
1217 3196 1571 3282 procuratio
1605 3196 1882 3262 abortus.

558 3302 627 3366 6⁰
674 3301 1050 3383 Veneficium
1072 3300 1384 3375 naturale,
1411 3319 1493 3365 sc.
1527 3320 1634 3384 per
1668 3301 2165 3384 propinationem
2196 3301 2295 3365 vel
2316 3299 2838 3365 ministrationem

379 3426 617 3472 venem.

563 3510 629 3572 7⁰
677 3509 1057 3590 Veneficium
1100 3509 1430 3590 mayicum,
1465 3506 1753 3572 videlicet
1783 3506 1916 3569 arte
1945 3505 2191 3589 magica
2221 3522 2331 3568 seu
2358 3521 2471 3586 ope
2501 3503 2835 3569 daemonis.

472 3606 649 3680 850.
682 3611 876 3677 Porro
910 3609 1336 3695 Cappuccinus
1366 3608 1674 3674 Francisc.
1706 3607 1938 3672 Anton.
1967 3625 2003 3669 a
2035 3604 2279 3671 Goritia
2313 3605 2588 3668 affirmat
2602 3606 2838 3686 septem

381 3713 547 3779 hisce
583 3713 783 3779 modis
829 3714 919 3778 ita
966 3715 1229 3798 speciem
1274 3711 1592 3780 homicidii
1629 3709 1878 3787 variari,
1914 3711 1987 3773 ut
2017 3725 2259 3773 necesse
2305 3708 2389 3772 sit
2435 3725 2539 3771 eas
2584 3707 2841 3772 circum-

385 3817 654 3883 stantias
688 3817 946 3882 disserte
977 3817 1042 3881 in
1074 3816 1451 3883 confessione
1498 3814 1800 3897 explicare
1831 3811 1958 3876 tab.
2001 3811 2107 3874 59.
2155 3807 2258 3875 De
2304 3812 2538 3874 natura
2582 3815 2643 3875 et
2684 3808 2838 3875 divi-

381 3920 553 3984 sione
599 3918 918 3983 homicidii
953 3919 1017 3983 et
1046 3920 1387 3983 consentire
1424 3918 1670 3983 videtur
1706 3914 1859 3980 Voit
1889 3934 1948 3978 n.
1990 3912 2139 3977 656.

472 4023 707 4088 Verum
739 4022 874 4087 heic
904 4023 1064 4086 latet
1093 4021 1372 4087 confusio
1408 4020 1571 4086 inter
1600 4017 2102 4085 circumstantias
2130 4036 2295 4082 mere
2333 4018 2747 4102 aggravantes
2780 4019 2842 4082 et

382 4144 507 4203 eas,
548 4144 707 4207 quae
743 4125 1009 4208 speciem
1053 4126 1306 4189 mutant
1342 4143 1454 4189 seu
1499 4123 1689 4187 aliam
1727 4120 1998 4197 addunt3
2033 4138 2141 4185 seu
2186 4119 2397 4202 potius
2445 4118 2722 4183 confusio
2770 4136 2842 4182 ex

382 4247 453 4293 eo
504 4228 663 4306 orta,
696 4225 862 4309 quod
908 4225 1419 4308 qualificationes,
1459 4244 1619 4308 quae
1663 4225 1882 4307 utique
1928 4221 2284 4289 deserviunt
2327 4220 2611 4286 civilibus
2644 4220 2844 4285 tribu-

380 4329 628 4394 nalibus
675 4328 753 4393 ad
798 4327 1176 4394 metiendam
1208 4327 1480 4391 criminis
1518 4327 1917 4412 gravitatem,
1949 4325 2198 4390 incaute
2234 4323 2576 4387 translatae
2608 4321 2734 4387 sint
2764 4321 2842 4387 ad

384 4432 857 4518 distinguendas
882 4431 1111 4515 species
1133 4428 1401 4493 morales
1432 4429 1768 4494 homicidii.

470 4535 553 4600 Et
602 4535 654 4599 I.
703 4534 907 4618 quoad
943 4526 1371 4615 parricidium
1418 4547 1629 4596 omnes
1689 4530 2103 4608 consentiunt,
2151 4526 2546 4593 homicidium
2594 4527 2845 4592 induere
