3497 5147
663 338 740 393 60
881 350 1092 392 rarior.
1136 353 1187 392 v.
1228 351 1387 392 snc‘r.
1429 352 1469 392 1.
1507 352 1593 391 mn
1630 349 2006 393 namneus
2042 353 2230 392 rrum.
2269 352 2468 394 cAPn‘r
2506 353 2581 391 iv.
2622 350 2763 392 nun.
2805 351 2894 392 111.
3023 334 3132 410 [85]

757 449 991 532 Utique
1021 449 1299 525 iuristae‚
1320 451 1427 531 qui
1452 449 1526 514 de
1550 451 1684 515 solo
1715 451 1851 515 foro
1885 452 2133 515 externo
2153 451 2368 533 agunt,
2396 448 2612 512 dicunt
2633 448 2696 511 in
2729 448 2847 511 hoc
2876 448 3012 512 foro
3030 468 3132 513 ex-

663 554 871 619 cusari
903 571 1081 637 posse
1112 571 1305 629 reum,
1347 553 1400 617 si
1430 554 1707 618 monitus
1730 572 1855 618 non
1885 553 2009 617 fuit
2028 571 2140 616 nec
2164 552 2501 626 correctus3
2538 550 2683 631 quia
2715 552 2973 632 paratus
2997 552 3132 615 erat

664 675 936 721 errorem
977 654 1275 737 deponere
1330 655 1394 718 et
1438 655 1688 740 corrigi,
1738 656 1792 719 si
1829 655 2105 720 monitus
2143 654 2381 718 fuisset.
2430 652 2567 731 Quo
2614 652 2806 716 etiam
2854 653 3131 735 spectare

664 757 891 841 potest,
932 757 1007 819 ut
1052 755 1233 820 detur
1281 755 1534 839 aliquod
1570 758 1836 840 tempuS,
1871 775 1994 838 qno
2049 756 2275 819 instrui
2329 754 2469 835 quis
2507 753 2705 837 possit
2749 754 3130 834 nebulasque

663 860 861 924 menti
892 858 1120 923 offusas
1158 858 1456 923 disiicere.

756 962 843 1026 At
873 960 926 1025 si
959 963 1188 1044 agatur
1225 960 1299 1025 de
1329 962 1464 1025 foro
1511 961 1775 1039 interno,
1824 960 2169 1026 communis
2207 960 2270 1023 et
2316 959 2638 1023 verissima
2669 957 2977 1022 sententia
3014 958 3128 1033 est,

666 1083 776 1127 nec
812 1063 1186 1127 monitiones
1234 1063 1466 1145 requiri
1487 1083 1598 1127 nec
1629 1083 1871 1128 moram
1905 1064 2018 1126 aut
2049 1060 2529 1126 diuturnitatem
2565 1060 2883 1142 temporis,
2919 1061 2992 1123 ut
3025 1059 3132 1122 ali-

667 1164 808 1247 quis
845 1164 1193 1228 haereticus
1229 1165 1344 1229 fiat
1373 1184 1724 1249 poenasque
1760 1167 2057 1230 incurrat.
2092 1164 2281 1229 Ratio
2320 1165 2434 1239 est,
2469 1164 2616 1244 quia
2664 1162 3004 1226 admonitio
3054 1161 3130 1225 ad

666 1268 786 1332 hoc
807 1266 1160 1346 deserviret,
1196 1270 1271 1331 ut
1293 1288 1503 1333 errans
1536 1269 1822 1333 advertat
1854 1268 1931 1332 ad
1965 1267 2421 1351 oppositionem
2454 1267 2552 1330 sui
2588 1265 2811 1330 erroris
2848 1284 2992 1329 cum
3023 1264 3131 1328 do-

665 1370 868 1434 ctrina
900 1369 1227 1433 Ecclesiae.
1261 1370 1427 1454 Ergo
1460 1372 1515 1435 si
1550 1371 1772 1435 melius
1804 1371 1922 1434 hoc
1968 1370 2074 1433 ille
2105 1370 2225 1434 scit
2256 1390 2327 1433 ex
2362 1368 2539 1433 libris
2576 1369 2641 1431 et
2670 1366 3130 1431 definitionibus

667 1471 1108 1549 Conciliorum,
1156 1491 1347 1554 quam
1379 1492 1450 1537 ex
1488 1473 1851 1538 monitionis
1910 1472 2111 1537 verbis
2158 1472 2310 1536 scire
2349 1470 2557 1552 queat,
2597 1487 2719 1533 non
2759 1469 2855 1533 est
2891 1486 3001 1533 cur
3046 1469 3132 1532 sit

666 1574 1008 1639 necessaria
1047 1573 1173 1638 alia
1202 1574 1487 1653 monitio,
1530 1578 1603 1639 ut
1635 1576 1917 1658 pertinax
1950 1575 2035 1640 sit
2065 1576 2282 1638 contra
2319 1573 2678 1636 Ecclesiam.

754 1678 917 1741 Hinc
962 1696 1158 1758 neque
1188 1677 1252 1740 in
1284 1677 1420 1742 foro
1452 1680 1700 1742 externo
1748 1697 1989 1761 semper
2018 1677 2358 1758 requiritur
2388 1674 2691 1739 eiusmodi
2721 1674 2985 1739 monitio
3020 1675 3131 1738 aut

663 1781 962 1846 correctio
997 1780 1380 1862 praecedens,
1414 1799 1613 1862 neque
1649 1780 1711 1844 id
1752 1780 1815 1843 in
1849 1779 2022 1863 praxi
2069 1796 2119 1844 s.
2169 1777 2372 1842 Officii
2418 1777 2801 1841 observatur.
2851 1774 2916 1841 Si
2964 1776 3127 1840 enim

664 1883 913 1946 aliunde
938 1884 1222 1946 constare
1246 1882 1445 1964 possit
1467 1883 1541 1946 de
1565 1882 1881 1946 doctrinae
1905 1881 2282 1946 notorietate
2307 1881 2465 1944 etex
2496 1880 2802 1960 qualitate
2833 1898 3128 1963 personae

660 1987 727 2049 et
759 1983 898 2047 aliis
931 1983 1439 2062 circumstantiis,
1480 2004 1655 2048 reum
1685 2003 1808 2048 non
1847 1985 2124 2066 potuisse
2170 1984 2458 2067 ignorare
2504 1982 2956 2065 oppositionem
3005 1983 3131 2065 opi-

664 2086 866 2150 nionis
893 2104 1043 2149 suae
1075 2104 1216 2149 cum
1249 2084 1530 2149 doctrina
1577 2085 1906 2162 Ecclesiae,
1941 2105 2012 2150 eo
2067 2087 2201 2168 ipso
2245 2085 2624 2149 iudicaretur
2668 2086 3020 2150 haereticus
3066 2088 3130 2150 et

661 2187 797 2252 ideo
830 2189 893 2251 in
932 2186 1158 2251 iudicio
1208 2188 1652 2272 interrogatur,
1689 2208 1768 2252 an
1801 2188 2003 2266 sciret,
2039 2188 2204 2270 quod
2251 2189 2311 2251 id
2351 2189 2514 2252 esset
2558 2191 2775 2253 contra
2821 2189 3129 2254 Ecclesiae

661 2289 1043 2365 doctrinam;
1078 2289 1243 2370 quod
1281 2290 1336 2353 si
1380 2290 1635 2367 fatetur,
1671 2291 1798 2355 iam
1834 2292 2119 2355 censetur
2164 2290 2541 2355 sufficienter
2570 2291 2874 2356 haeresim
2906 2294 2970 2356 et
3000 2312 3130 2375 per·

661 2393 957 2456 tinaciam
1003 2393 1337 2457 confessus
1371 2393 1549 2479 Lugo
1582 2393 1623 2457 1.
1665 2414 1714 2457 0.
1750 2413 1852 2457 1111.
1898 2394 2230 2458 156.-158.

750 2495 921 2559 Dicit
950 2495 1206 2576 Auctor,
1243 2498 1381 2560 tum
1409 2496 1619 2561 adesse
1643 2497 2068 2581 pertinaciam,
2103 2517 2245 2561 cum
2283 2497 2422 2581 quis
2454 2497 2760 2573 dissentit,
2795 2500 3128 2582 postquam

663 2599 898 2681 aliquid
919 2598 1048 2677 fuit
1080 2600 1471 2681 sufficienter
1479 2602 1876 2680 propositum
1905 2601 2034 2664 sive
2072 2601 2315 2683 quando
2349 2602 2485 2678 scit,
2519 2603 2901 2666 contrarium
2933 2603 3127 2668 teneri

660 2721 695 2765 a
735 2701 973 2783 reliqua
1011 2702 1303 2767 Ecclesia.

748 2803 944 2867 Porro
976 2803 1133 2868 illud
1165 2805 1294 2868 sive
1314 2823 1436 2869 non
1470 2808 1566 2869 est
1592 2805 2013 2889 accipiendum
2044 2806 2120 2868 ut
2143 2805 2450 2888 particula
2475 2805 2872 2883 disin-activa,
2892 2807 2998 2871 sed
3029 2808 3126 2872 uti

660 2904 1057 2985 explicativa.
1123 2907 1312 2972 Ratio
1361 2909 1496 2984 est3
1547 2909 1695 2990 quia
1741 2908 1860 2973 hoc
1914 2910 2143 2972 crimen
2197 2928 2320 2972 non
2377 2908 2666 2972 subditur
2725 2910 2955 2991 poenis,
3003 2910 3122 2974 nisi

662 3008 875 3091 aliquo
921 3009 1105 3075 modo
1147 3010 1462 3074 contineat
1510 3012 1939 3094 contemptum
1986 3011 2381 3076 auctoritatis
2437 3011 2746 3076 Ecclesiae
2792 3015 2856 3077 et
2899 3013 3122 3080 idcirco

662 3110 946 3192 superius
980 3131 1037 3174 n.
1076 3111 1179 3174 83.
1213 3110 1500 3190 diximus,
1549 3131 1672 3177 non
1717 3113 1952 3176 incurri
1981 3131 2208 3196 poenas
2257 3113 2334 3176 ab
2366 3132 2458 3189 eo,
2499 3113 2608 3196 qui
2654 3112 3008 3181 dissentiret
3036 3136 3126 3181 re·

661 3210 962 3275 velationi
994 3211 1113 3275 sibi
1146 3213 1442 3295 privatim
1487 3213 1687 3279 factae
1734 3214 2053 3291 divinitus,
2088 3214 2187 3278 vel
2218 3216 2327 3297 qui
2372 3214 2728 3281 dissentiret
2774 3237 2810 3280 a
2841 3220 3122 3298 veritate,

660 3331 853 3394 quam
876 3312 1006 3395 ipse
1030 3314 1185 3379 satis
1210 3315 1471 3399 percipit
1500 3317 1563 3380 in
1596 3318 1786 3382 sacris
1811 3318 2038 3381 litteris
2061 3317 2420 3396 revelatam,
2447 3337 2606 3400 quae
2632 3320 2841 3383 tamen
2867 3322 2980 3385 aut
3002 3342 3126 3388 non

668 3413 1007 3498 percipitur
1038 3417 1116 3481 ab
1155 3417 1294 3482 aliis
1326 3418 1632 3501 plerisque
1665 3420 1779 3483 aut
1810 3420 2031 3483 saltem
2068 3420 2132 3483 in
2165 3419 2353 3485 dubio
2376 3423 2682 3485 remanet:
2718 3441 2853 3505 sup.
2890 3442 2952 3489 n.
2987 3425 3090 3488 84.

751 3516 1214 3584 Advertendum
1244 3522 1473 3598 tamen,
1524 3521 1687 3603 quod
1719 3541 1862 3585 cum
1901 3523 2111 3606 agitur
2141 3522 2216 3587 de
2247 3522 2539 3607 dogmate
2570 3526 2882 3589 communi
2915 3527 2980 3590 et
3010 3547 3124 3610 pu-

669 3619 849 3698 blico,
883 3620 1164 3703 quisquis
1198 3623 1375 3687 audit
1419 3625 1483 3688 et
1520 3626 1729 3707 negat,
1781 3643 1902 3688 non
1949 3626 2158 3707 potest
2203 3644 2326 3689 non
2373 3625 2649 3709 cogitare
2695 3625 2768 3690 de
2816 3627 3121 3694 Ecclesiae

662 3722 1040 3788 auctoritate
1089 3726 1275 3806 atque
1323 3725 1474 3790 adeo
1521 3725 1936 3790 indifferenter
1967 3746 2077 3810 pro
2116 3728 2426 3791 haeretico
2473 3728 2770 3806 habetur3
2813 3731 2961 3811 quia
2991 3730 3124 3795 fieri

660 3841 782 3887 non
830 3827 1037 3907 potest
1080 3828 1420 3906 moraliter,
1488 3829 1559 3891 ut
1595 3828 1724 3892 sine
1773 3831 2132 3912 contemptu
2197 3829 2505 3893 Ecclesiae
2571 3829 2634 3893 id
2681 3829 2894 3896 faciat.
2942 3832 3121 3917 Lugo

657 3925 814 4009 disp.
856 3930 960 3992 20.
996 3949 1097 3992 nn.
1135 3930 1237 3991 54.
1282 3931 1385 3992 55.
1422 3931 1484 3993 et
1521 3931 1666 3993 155.
1925 3989 1930 3996 ,

749 4026 872 4099 85.
909 4031 995 4095 Ut
1044 4031 1353 4113 quispiam
1400 4032 1680 4113 pertinax
1728 4035 2069 4110 censeatur,
2102 4051 2345 4097 necesse
2376 4052 2498 4098 non
2531 4038 2646 4113 est,
2680 4039 2757 4101 ut
2799 4037 2921 4119 ipsi
2958 4057 3122 4103 reve-

661 4132 815 4195 latio
862 4133 1246 4214 proponatur
1309 4132 1421 4195 aut
1465 4133 1823 4198 immediate
1871 4153 1907 4199 a
1955 4136 2084 4200 Deo
2135 4136 2248 4198 aut
2294 4135 2651 4202 immediate
2698 4138 2778 4202 ab
2824 4139 3117 4217 Ecclesia,

658 4231 946 4295 videlicet
992 4234 1105 4296 aut
1152 4251 1187 4295 a
1237 4233 1536 4297 Pontifice
1594 4235 1876 4300 Romano
1940 4238 2051 4301 aut
2099 4256 2135 4301 a
2194 4235 2468 4304 Concilio
2534 4241 2965 4306 oecumenico:
3018 4243 3121 4307 sed

657 4332 813 4396 satis
847 4335 1046 4396 estut
1091 4333 1359 4398 mediate
1407 4335 1582 4400 nobis
1638 4340 2039 4420 proponatur,
2080 4361 2139 4405 v.
2187 4361 2281 4425 gr.
2321 4361 2428 4426 per
2481 4343 2816 4426 Episcopos
2865 4345 3118 4424 aliosve,

659 4434 998 4498 dummodo
1047 4435 1573 4516 circumstantiae,
1607 4439 1834 4521 quibus
1866 4441 2042 4506 nobis
2076 4443 2312 4527 aliquid
2358 4446 2745 4529 proponitur,
2780 4446 2907 4511 sint
2938 4448 3116 4528 tales,

659 4537 735 4600 ut
764 4535 1024 4601 reddant
1056 4538 1543 4621 propositionem
1581 4561 1691 4606 seu
1721 4543 2193 4611 instructionem
2230 4546 2544 4612 evidenter
2574 4547 2928 4613 credibilem
2961 4553 3026 4616 et
3055 4551 3119 4615 in
