3497 5147
668 324 741 381 54
893 340 1104 381 macr.
1146 341 1199 381 v.
1238 339 1399 381 επιστ.
1438 342 1477 381 1.
1515 341 1601 380 nn
1636 340 2015 383 numum-18
2051 341 2243 383 muni.
2281 341 2482 383 eamn·
2517 342 2597 383 iv.
2637 341 2778 385 nun.
2819 342 2883 382 11.
3023 326 3134 401 [ῖὸ]

1760 582 1925 645 Dus.
1966 582 2048 645 H.

1657 720 1760 786 De
1821 721 2146 786 Iudaismo

677 930 986 997 Quam-itm·
1005 930 1348 997 nictantem,
1369 945 1509 1001 quae
1531 931 1958 986 communicatio
1977 945 2104 987 oum
2128 929 2347 986 Iudaeis
2367 932 2440 987 sit
2459 931 2752 987 interdicta
2776 931 3134 988 Christianis.

782 1082 1019 1134 XXXVI.
1040 1082 1287 1149 Respond.
1314 1082 1359 1132 1.
1382 1080 1469 1133 His
1487 1077 1699 1143 casibus»,
1723 1079 1808 1147 qui
1827 1079 2122 1144 colliguntur
2147 1095 2207 1133 ex
2228 1095 2270 1135 c.
2292 1078 2499 1136 Nullus
2525 1089 2574 1134 et
2596 1096 2638 1133 c.
2660 1080 2862 1135 Omne-5
2886 1095 3020 1134 caus.
3043 1082 3130 1134 28.

673 1182 720 1232 q.
751 1167 797 1218 1.
821 1170 872 1220 et
891 1181 935 1218 c.
967 1164 1176 1229 ludaei,
1201 1163 1266 1219 de
1294 1163 1527 1227 ludaeis,
1552 1162 1853 1220 Saracenis
1877 1172 1970 1219 etc.
2007 1168 2048 1218 l.
2076 1166 2182 1218 Non
2207 1164 2320 1219 licet
2357 1164 2658 1218 cohabitare.
2686 1168 2735 1217 2.
2764 1167 2860 1219 Nec
2886 1164 3131 1219 conviviis

672 1250 926 1306 interesse.
954 1252 1003 1303 3.
1032 1252 1129 1304 Nec
1155 1250 1224 1303 uti
1248 1249 1490 1303 communi
1518 1252 1708 1304 balneo.
1740 1250 1787 1303 4.
1816 1252 1914 1303 Nec
1941 1249 2160 1304 medicos
2190 1250 2439 1304 adhibere.
2468 1251 2516 1302 5.
2546 1251 2644 1304 Nec
2682 1249 2948 1304 medicinas
2974 1254 3033 1304 ab
3071 1250 3135 1305 iis

672 1338 812 1390 datas
850 1335 1085 1403 recipere,
1125 1350 1283 1388 emere
1323 1343 1480 1388 tamen
1520 1334 1682 1388 licebit
1722 1333 2064 1402 praescriptas.
2107 1336 2156 1388 6.
2197 1336 2294 1388 Nec
2333 1336 2623 1388 Iudaeorum
2661 1334 2789 1388 filios
2828 1334 3049 1389 enutrire
3086 1335 3136 1388 in

671 1420 891 1486 ipsorum
918 1419 1162 1472 domibus.
1188 1418 1238 1471 7.
1266 1419 1364 1472 Nec
1402 1416 1465 1471 iis
1507 1417 1745 1471 famulari.
1777 1421 1826 1470 8.
1853 1420 1950 1471 Nec
1988 1417 2228 1471 servitute
2270 1418 2461 1472 subiici.
2489 1420 2537 1471 9.
2570 1418 2897 1472 prohibentur
2922 1417 3135 1485 publicis

673 1505 847 1559 officiis
873 1505 1000 1559 iuter
1036 1504 1341 1560 Christianos
1381 1503 1525 1568 fungi.
1555 1507 1635 1557 10.
1666 1505 1884 1558 Vetitum
1911 1512 1986 1558 est
2012 1519 2182 1558 eorum
2210 1504 2398 1570 azymis
2430 1505 2579 1559 vesci.
2608 1504 2799 1573 Quibus
2826 1505 2962 1558 addit
2988 1509 3136 1569 Azor,

676 1590 975 1658 prohibitum
996 1604 1121 1656 esse,
1138 1591 1374 1643 accedere
1399 1592 1459 1642 ad
1485 1603 1649 1642 eorum
1678 1588 1890 1656 nuptias,
1914 1593 2049 1654 resta,
2070 1592 2374 1654 synagogas
2394 1604 2503 1643 cum
2530 1591 2603 1643 eis
2625 1592 2810 1654 ludere,
2837 1593 3016 1643 saltare
3041 1598 3135 1644 etc.

674 1676 817 1730 Ratio
847 1680 1020 1730 horum
1048 1682 1141 1737 est,
1167 1682 1268 1729 tum
1294 1682 1348 1729 ut
1373 1683 1697 1729 conservetur
1725 1674 1936 1739 dignitas
1954 1674 2262 1729 Christianae
2290 1673 2512 1740 religioni
2537 1681 2639 1729 tum
2670 1684 2724 1728 ut
2749 1682 2980 1728 caveatur
3006 1675 3140 1729 lami·

674 1760 861 1815 liat-itas
899 1775 1007 1814 cum
1037 1760 1226 1814 ludaeis
1251 1766 1302 1814 et
1328 1759 1596 1827 periculum
1632 1760 1993 1826 perversionis:
2021 1760 2119 1814 vid.
2149 1763 2317 1825 Laym.
2343 1764 2374 1813 Ι.
2398 1763 2446 1813 2.
2472 1768 2504 1813 t.
2536 1762 2578 1813 t.
2599 1776 2642 1814 c.
2667 1763 2750 1813 12.
2771 1766 2818 1814 et
2850 1761 2933 1815 17.
2961 1764 3137 1814 Sancti.

675 1848 706 1900 l.
736 1850 783 1899 2.
812 1861 854 1898 c.
882 1848 930 1899 3.
961 1846 1067 1899 Fill.
1096 1855 1155 1899 tr.
1185 1850 1270 1899 22.
1300 1862 1344 1899 c.
1371 1848 1421 1898 5.
1450 1861 1496 1898 n.
1536 1848 1648 1898 128.

783 1931 1043 1984 XXXVII.
1073 1932 1319 1996 Respoud.
1348 1935 1397 1984 2.
1430 1933 1477 1983 ln
1503 1933 1671 1984 decem
1701 1929 1845 1983 dictis
1884 1929 2080 1983 casibus
2117 1928 2476 1983 communicare
2513 1944 2621 1982 curn
2655 1929 2844 1982 ludaeis
2870 1944 2932 1982 ex
2959 1943 3137 1994 genere

675 2028 766 2067 sno
807 2014 1000 2068 videtur
1035 2029 1144 2068 esse
1182 2018 1404 2067 mortale.
1432 2013 1591 2078 Ratio,
1623 2014 1736 2079 quia
1775 2014 1818 2066 si
1857 2013 2081 2069 Clericus
2119 2013 2169 2067 id
2210 2014 2370 2075 iaciat,
2398 2013 2604 2066 incurrit
2646 2012 2914 2081 periculum
2950 2012 3140 2080 deposi-

676 2098 838 2163 tioniS,
866 2098 1042 2152 Laicus
1081 2113 1200 2152 vero
1237 2096 1755 2152 excommunicationis
1796 2099 1858 2164 (c.
1888 2096 2095 2152 Nullus
2122 2112 2231 2164 sup.
2257 2097 2378 2161 cit.)‚
2405 2112 2528 2163 quae
2555 2113 2650 2150 non
2676 2097 2769 2151 nisi
2794 2100 2859 2150 ob
2885 2105 3136 2164 peceatum

675 2186 880 2239 mortale
917 2182 1101 2251 imponi
1130 2186 1271 2236 solet.
1301 2182 1414 2236 Dixi
1442 2197 1514 2237 esc
1551 2196 1753 2251 uenere
1788 2195 1929 2245 suo,·
1956 2182 2068 2247 quia
2112 2180 2363 2248 probabile
2400 2189 2491 2245 est,
2520 2184 2599 2235 vel
2626 2184 2689 2234 ob
2719 2181 2952 2235 materiae
2977 2180 3136 2249 parvi-

674 2275 824 2323 tatem
864 2272 942 2321 vel
980 2271 1045 2321 ob
1084 2267 1424 2322 necessitatem
1464 2266 1672 2322 aliamve
1709 2282 1905 2321 causam
1945 2265 2286 2319 rationabilem
2326 2265 2389 2333 (si
2429 2273 2586 2320 tamen
2626 2281 2721 2320 non
2772 2266 2837 2320 sit
2874 2266 3143 2333 periculum

675 2353 910 2419 perfidiae
934 2368 1023 2406 nec
1050 2351 1383 2405 familiaritatis
1402 2368 1510 2405 cum
1533 2350 1743 2417 ludaeis)
1763 2366 1909 2417 saepe
1936 2349 2164 2404 excusari
2189 2366 2214 2402 a
2242 2350 2453 2414 mortali,
2471 2350 2729 2415 aliquando
2751 2350 2895 2404 etiam
2924 2353 2985 2405 ab
3005 2349 3134 2404 omni

675 2447 892 2505 peccato.
912 2442 982 2492 lta
1006 2438 1345 2492 communiter.
1378 2436 1489 2490 vid.
1518 2444 1679 2490 Auctt.
1708 2451 1855 2503 supra
1882 2436 1984 2488 citt.
2013 2445 2060 2489 et
2090 2439 2209 2489 Bon.
2237 2439 2266 2487 l.
2293 2452 2336 2489 c.
2366 2435 2481 2489 item
2508 2438 2677 2500 Laym.
2700 2437 2733 2488 l.
2761 2438 2810 2490 2.
2839 2443 2872 2488 t.
2905 2438 2951 2487 1.
2978 2451 3020 2489 c.
3055 2436 3135 2488 17.

768 2582 889 2656 78.
923 2585 1158 2649 Verum
1188 2584 1340 2646 haec
1371 2582 1755 2646 enumeratio
1802 2600 2132 2647 causarum
2180 2582 2359 2647 valde
2404 2582 2764 2665 imperfecta
2795 2584 2860 2646 et
2894 2581 3143 2647 inadae-

677 2690 870 2771 quata
902 2690 997 2751 est
1028 2689 1091 2750 et
1127 2686 1409 2768 quaestio
1447 2685 1901 2768 multiplicibus
1934 2686 2238 2771 indigeret
2274 2686 2796 2764 distinctionibuS‚
2822 2686 2887 2750 in
2911 2687 3143 2768 quibus

679 2789 982 2874 plurimae
1013 2789 1077 2853 et
1107 2788 1560 2853 diversissimae
1590 2788 2004 2854 instituantur
2035 2789 2425 2874 hypotheses
2452 2790 2625 2854 Haec
2648 2789 2724 2853 ad
2757 2791 3145 2873 praesentem

677 2893 885 2957 locum
915 2910 1039 2956 non
1070 2892 1401 2974 pertinent.

770 2995 970 3060 Notat
1015 2994 1089 3058 ad
1129 2995 1279 3058 haec
1310 3014 1358 3058 s.
1386 2995 1740 3077 Alphonsus
1772 2994 1880 3057 lib.
1918 2997 1977 3057 2.
2012 3016 2071 3058 n.
2112 2996 2213 3059 18.
2249 3015 2320 3060 ex
2354 2994 2714 3060 Salmantic.
2759 3022 2792 3052 «
2831 2995 3148 3078 Principes

680 3097 1003 3163 christiani
1032 3099 1294 3180 possunt
1328 3095 1684 3179 permittere
1731 3096 1978 3161 Iudaeis
2025 3100 2090 3162 et
2135 3099 2396 3182 paganis
2446 3099 2559 3162 aut
2594 3098 2921 3162 haereticis
2966 3098 3149 3163 liber-

680 3201 879 3265 tatem
925 3199 1331 3265 conscientiae
1380 3199 1628 3263 tantum
1676 3198 1755 3264 ob
1802 3198 2035 3263 bonum
2080 3199 2399 3282 religionis
2447 3201 2510 3264 et
2558 3200 2635 3264 ob
2683 3219 2853 3282 spem
2898 3219 3149 3266 conver-

683 3302 907 3377 sionis;
943 3320 1065 3366 non
1096 3304 1307 3366 autem
1345 3301 1422 3367 ob
1455 3301 1796 3384 temporale
1828 3302 2320 3367 emolumentum
2356 3326 2419 3365 ».
3097 3293 3110 3302 ’

772 3404 965 3469 Addit
995 3424 1044 3469 s.
1076 3403 1261 3488 Alph.
1296 3404 1337 3468 1.
1378 3424 1428 3469 c.
1464 3423 1536 3468 ex
1567 3403 1795 3469 Suarez
1828 3405 1890 3468 et
1924 3404 2062 3468 aliis
2087 3404 2401 3487 plurimis:
2434 3428 2471 3463 <
2494 3404 2659 3469 Bene
2690 3406 2901 3470 autem
2936 3408 3148 3488 potest

680 3507 954 3574 Ecclesia
1001 3508 1064 3572 et
1109 3506 1480 3589 quicumque
1526 3507 1806 3589 princeps
1852 3525 2176 3589 supremus
2214 3506 2577 3590 compellere
2615 3506 2877 3571 Iudaeos
2925 3508 2989 3571 et
3035 3527 3147 3591 pa·-

680 3630 876 3697 ganos
908 3610 1191 3676 subditos
1223 3609 1300 3673 ad
1339 3608 1707 3674 audiendam
1747 3608 1934 3673 fidem
1964 3611 2245 3673 nostram
2277 3610 2340 3673 et
2373 3609 2622 3674 constat
2659 3610 2721 3673 et
2752 3609 2948 3691 praxi,
2983 3628 3144 3691 quae

686 3713 857 3797 viget
891 3712 1127 3777 Romae
1160 3737 1219 3774 ».
1254 3711 1355 3775 Ita
1386 3731 1527 3775 cum
1560 3710 1624 3775 in
1654 3710 1941 3775 America
1971 3710 2364 3775 Meridionali
2395 3710 2596 3796 Reges
2627 3710 2894 3794 Hispani
2929 3729 3149 3793 procu-

682 3815 909 3879 rabant
937 3814 1262 3878 missiones
1294 3815 1410 3878 etc.

775 3915 991 3996 Quoad
1022 3916 1645 3981 communicationem
1677 3935 1820 3979 cum
1853 3915 2118 3988 Iudaeis,
2157 3915 2308 3980 haec
2344 3915 2534 3979 habet
2570 3914 2832 4003 Struggl
2869 3917 3051 3980 tract.
3080 3917 3143 3979 4.

684 4040 742 4102 q.
772 4021 831 4083 2.
860 4039 918 4083 n.
955 4021 1052 4084 5.:
1087 4045 1122 4076 «
1145 4018 1317 4083 Finis
1348 4018 1573 4082 harum
1604 4017 2096 4099 prohibitionum
2121 4019 2217 4083 est
2238 4018 2469 4100 partim
2500 4017 2774 4102 dignitas
2799 4016 3148 4102 Religionis

685 4121 1078 4194 christianae,
1110 4121 1341 4204 partim
1374 4119 1716 4201 periculum
1750 4118 2186 4183 subversionis.
2221 4118 2483 4198 Quando
2515 4120 2712 4204 igitur
2745 4120 2956 4201 aliqua
2977 4138 3152 4184 com-

684 4224 1025 4289 municatio
1060 4243 1130 4286 ex
1162 4221 1476 4285 recensitis
1507 4220 1652 4283 huic
1682 4220 1790 4283 fini
1836 4220 2113 4304 graviter
2160 4221 2512 4305 opponitur,
2545 4223 2656 4286 illa
2693 4227 2786 4287 est
2823 4224 3146 4305 peccatum

684 4326 983 4400 mortale3
1025 4323 1269 4406 quando
1308 4342 1452 4387 vero
1486 4322 1691 4386 solum
1722 4323 1961 4398 leviter,
1996 4322 2107 4386 illa
2139 4324 2236 4388 est
2263 4326 2586 4407 peecatum
2621 4324 2857 4389 veniale
2891 4349 2950 4388 ³».

784 4453 818 4485 «
865 4429 1189 4490 Praeterea
1228 4425 1477 4506 propter
1536 4425 1968 4488 necessitatem
2029 4422 2345 4507 aliamque
2406 4425 2845 4489 rationabilem
2891 4445 3147 4492 causam

690 4529 896 4611 potest
925 4527 1279 4609 contingere
1312 4528 1384 4589 ut
1415 4525 1626 4607 aliqua
1666 4527 2147 4592 communicatio
2196 4549 2338 4593 cum
2386 4528 2631 4593 Iudaeis
2678 4548 2873 4610 neque
2921 4530 3004 4593 sit
3052 4549 3152 4594 ve-
