3497 5147
728 348 838 404 340
937 362 1147 402 rnAcr.
1178 362 1255 402 vr.
1282 361 1443 402 saer.
1476 361 1512 401 1.
1537 358 1622 398 nm
1648 359 1840 400 mmo
1869 358 2082 401 paam.
2105 358 2430 400 DucAnosr.
2457 356 2591 398 OAP.
2618 357 2683 396 11.
2712 356 2851 398 nun.
2882 357 2974 399 ιιι.
3048 342 3193 416 [452]

732 479 865 543 pus,
915 458 1178 524 simonia
1225 458 1346 532 est;
1396 477 1539 521 cum
1588 456 1978 537 aequivaleat
2024 454 2362 520 venditioni
2412 454 2708 519 beneficii.
2742 451 2957 519 Coust.
3007 454 3190 520 Bene-

731 561 878 626 dicti
918 561 1088 626 XIV.
1126 561 1209 624 In
1252 558 1539 634 Sublimi,
1574 559 1679 622 29.
1714 557 1879 642 Aug.
1917 558 2107 621 1741.

819 657 999 732 452.
1050 662 1114 726 Si
1160 663 1225 726 in
1269 661 1552 745 superius
1598 660 1914 725 recensitis
1962 659 2206 724 casibus
2251 679 2374 725 non
2420 659 2796 725 interveniat
2840 678 3188 742 expressum

731 767 1003 850 pactum,
1037 764 1140 828 sed
1172 764 1306 828 sola
1337 763 1623 839 intentio,
1663 763 1859 826 eritne
1889 762 2156 827 simonia
2194 761 2692 828 confidentialis?

822 867 1199 951 Schmalzgr.
1232 867 1339 930 lib.
1376 867 1436 930 5.
1470 866 1571 930 tit.
1606 865 1667 928 3.
1701 886 1761 928 n.
1797 866 2037 929 40.-42.
2071 865 2440 949 distinguit:
2475 865 2593 930 Vel
2624 864 2808 943 enim,
2841 864 3067 947 inquit,
3105 884 3193 928 re-

733 970 985 1055 signans
1017 989 1125 1033 seu
1162 970 1498 1049 utcumque
1536 968 1850 1033 conferens
1896 967 1973 1031 ad
2009 967 2408 1032 collationem
2447 968 2672 1032 habuit
2718 967 2997 1032 animum
3043 968 3192 1032 obli·

731 1072 931 1154 yandi
975 1073 1168 1136 alium
1216 1071 1294 1135 ad
1339 1071 1612 1135 dandum
1657 1071 1778 1133 sibi
1825 1070 1921 1134 vel
1968 1071 2095 1150 alii,
2127 1071 2228 1134 cui
2265 1070 2424 1148 vult,
2464 1088 2796 1146 aceessum,
2846 1070 3191 1154 ingressum

735 1176 847 1239 aut
881 1193 1230 1257 regressum
1255 1175 1365 1236 aut
1392 1173 1744 1255 pensionem
1768 1172 1913 1235 etc:
1943 1172 2040 1235 vel
2062 1171 2191 1235 sine
2216 1172 2423 1236 animo
2458 1170 2775 1255 obligandi
2798 1171 2995 1236 solam
3016 1191 3192 1254 spem

733 1275 973 1351 habuit,
1013 1274 1175 1356 quod
1208 1275 1282 1349 is,
1322 1273 1424 1338 cui
1454 1273 1816 1339 beneficium
1854 1274 2228 1356 procuravit,
2269 1273 2432 1338 esset
2461 1273 2893 1358 resignatums
2929 1273 3048 1338 sibi
3082 1277 3196 1339 aut

735 1377 932 1442 amico
966 1396 1075 1441 seu
1106 1377 1583 1461 consanguineo.

824 1477 889 1543 Si
925 1479 1042 1543 hoc
1073 1479 1401 1561 posterius,
1440 1497 1561 1544 non
1598 1479 2017 1544 committitur
2063 1478 2362 1552 simonia;
2396 1478 2544 1561 quia
2576 1478 2665 1543 sic
2710 1498 2836 1544 non
2866 1480 3194 1544 intercedit

733 1582 1025 1647 voluntas
1058 1581 1296 1644 emendi
1326 1582 1390 1644 et
1419 1581 1736 1645 vendendi.
1765 1580 1977 1663 Neque
2010 1581 2239 1657 obstat,
2265 1581 2430 1662 quod
2459 1581 2524 1645 in
2557 1581 2744 1646 Bulla
2768 1581 2867 1645 Pii
2892 1582 2970 1645 V.
2996 1603 3059 1646 n.
3086 1582 3190 1646 36.

733 1684 1061 1749 damnetur
1094 1685 1167 1748 ut
1202 1683 1539 1748 simoniaca
1569 1684 1759 1748 etiam
1791 1681 1927 1746 sola
1956 1682 2218 1746 intentio
2248 1683 2622 1749 dimittentis
2654 1683 3056 1761 beneficium3
3089 1704 3195 1768 per

732 1789 1135 1852 intentione-m
1173 1788 1334 1851 enim
1366 1786 1453 1850 ibi
1490 1805 1610 1851 non
1633 1786 2012 1870 intelligitur
2042 1786 2175 1850 sola
2207 1805 2365 1868 speS‚
2399 1787 2504 1850 sed
2542 1787 2836 1852 voluntas
2875 1786 3191 1873 obligandi

733 1892 1020 1969 alterum,
1047 1892 1235 1973 prout
1257 1889 1666 1954 communiter
1691 1890 1827 1953 DD.
1855 1888 2178 1971 explicant.
2205 1887 2419 1970 Neque
2445 1889 2674 1966 obstat,
2700 1889 2865 1971 quod
2891 1890 2959 1954 in
2982 1890 3194 1954 eadem

732 1990 997 2057 constit.
1047 1992 1300 2055 dicitur:
1358 2017 1392 2049 «
1425 1990 1491 2055 Si
1521 1990 1732 2073 quid...
1783 1991 1977 2054 etiam
2022 1989 2319 2073 simplicis
2366 1989 2719 2055 donationis
2766 1991 2958 2056 titulo
2995 2011 3195 2075 perce-

732 2095 892 2176 perit
923 2119 984 2157 ».
1024 2092 1189 2157 Nam
1218 2092 1304 2156 ibi
1334 2093 1539 2157 solum
1570 2092 1728 2170 vult,
1764 2093 1838 2156 ut
1855 2097 2304 2172 praesumatur
2334 2092 2618 2169 simonia,
2653 2093 2707 2158 si
2737 2093 2990 2158 donatio
3021 2092 3189 2157 facta

734 2195 951 2270 fuerit;
1001 2194 1087 2260 ibi
1134 2193 1298 2258 enim
1334 2194 1617 2259 Pontifex
1663 2195 1985 2259 enumerat
2030 2194 2228 2278 signa,
2264 2213 2334 2258 ex
2381 2194 2606 2276 quibus
2653 2196 3074 2279 praesumptio
3114 2196 3194 2260 si-

731 2299 975 2362 moniae
1013 2298 1375 2362 desumatur
1407 2316 1442 2360 a
1480 2297 1698 2361 iudice.

823 2398 889 2464 Si
930 2402 1139 2464 autem
1185 2400 1377 2483 prim,
1427 2399 1576 2463 tunc
1620 2398 2066 2481 dispiciendum
2113 2400 2226 2476 est,
2276 2418 2355 2463 an
2401 2398 2666 2464 intentio
2714 2400 2823 2464 illa
2872 2401 3193 2486 obligandi

731 2521 1013 2587 expressa
1051 2503 1135 2567 sit
1173 2503 1382 2585 aliquo
1430 2503 1678 2565 externo
1726 2501 1924 2585 sign0‚
1960 2500 2056 2564 vel
2103 2519 2244 2565 non.
2280 2499 2343 2565 Si
2392 2520 2513 2565 non
2560 2503 2655 2566 est
2686 2522 2992 2587 expressa,
3033 2523 3196 2568 com·

732 2606 1011 2671 mittitur
1042 2606 1305 2670 simonia
1331 2606 1579 2670 tantum
1609 2603 1920 2675 mentalis,
1959 2622 2117 2685 quae
2150 2604 2393 2687 proprie
2424 2604 2543 2669 dici
2576 2604 3041 2685 confidentialis
3069 2626 3194 2672 non

731 2709 965 2791 potest;
1016 2727 1155 2771 cum
1218 2726 1328 2770 nec
1388 2707 1452 2771 in
1498 2707 1683 2770 Bulla
1730 2706 1830 2769 Pii
1875 2706 1984 2770 IV.
2034 2727 2143 2770 nec
2203 2707 2267 2771 in
2325 2708 2522 2772 altera
2570 2708 2668 2771 Pii
2715 2707 2790 2771 V.
2839 2709 3194 2792 specialiter

731 2810 1060 2876 damnetur
1084 2812 1181 2875 vel
1204 2810 1519 2893 puniatur.
1539 2809 1604 2874 Si
1628 2829 1770 2874 vero
1798 2811 2061 2876 intentio
2088 2810 2405 2895 obligandi
2428 2811 2606 2895 signo
2632 2812 2881 2876 externo
2906 2832 3192 2896 expressa

730 2911 937 2989 fuerit,
978 2933 1117 2977 vere
1161 2914 1287 2976 ista
1324 2913 1743 2977 committitur
1792 2913 2074 2989 simonia,
2114 2913 2260 2977 lieet
2306 2912 2465 2977 alter
2510 2913 2668 2978 nihil
2703 2915 3058 2997 paciscatur
3096 2917 3192 2981 vel

731 3015 1130 3097 repromittat
1158 3015 1341 3096 idque
1373 3016 1585 3079 tenent
1615 3016 2026 3079 communiter
2049 3016 2185 3079 DD.
2220 3016 2283 3079 et
2313 3015 2609 3081 suadetur
2641 3035 2712 3081 ex
2743 3017 2931 3081 Bulla
2963 3017 3062 3081 Pii
3091 3018 3189 3095 V.,

732 3117 794 3179 in
833 3136 957 3198 qua
993 3117 1238 3189 dicitur,
1277 3115 1735 3194 confidentiam,
1769 3136 1875 3180 seu
1924 3118 2254 3181 simoniam
2300 3118 2790 3184 confidentialem
2823 3121 3190 3186 censendam

731 3237 881 3292 csse,
917 3218 969 3280 si
1016 3218 1154 3298 quis
1186 3216 1547 3280 beneficium
1594 3218 1889 3299 receperit
1935 3237 2006 3281 ex
2051 3220 2468 3303 resignatione
2514 3222 2615 3285 vel
2660 3223 2934 3289 cessione
2979 3225 3195 3289 cuius-

731 3338 993 3400 cumque
1040 3337 1333 3401 personae
1379 3318 1743 3400 simpliciter
1777 3321 1887 3383 aut
1916 3340 2059 3384 eum
2095 3322 2360 3387 circuitu
2407 3324 2888 3404 retrocessionis‚
2924 3345 3070 3390 cum
3103 3346 3196 3391 re-

729 3440 948 3507 gressu
979 3421 1077 3486 vel
1114 3439 1378 3499 accessu,
1412 3421 1604 3486 etiam
1634 3421 1772 3485 sola
1800 3423 2170 3489 dimittentis
2204 3426 2560 3490 intentione.

820 3524 882 3591 S.
914 3525 1100 3610 Alph.
1135 3545 1194 3589 n.
1231 3526 1334 3589 87.
1369 3525 1446 3589 ad
1477 3526 1861 3608 postremum
1897 3527 2060 3591 hunc
2083 3547 2296 3592 casum
2326 3528 2477 3592 haec
2505 3530 2715 3594 notat:
2763 3554 2798 3589 ‹
2821 3530 2973 3596 Esse
3005 3532 3193 3597 simo·

729 3630 899 3694 niam
935 3628 1427 3693 confidentialem
1460 3628 1778 3693 affirmant
1813 3630 2044 3695 Palaus
2075 3631 2138 3694 et
2169 3629 2370 3694 Diana
2402 3630 2567 3714 apud
2604 3629 2787 3695 Croix
2818 3653 2878 3696 n.
2921 3633 3027 3698 65.
3071 3632 3190 3699 Sed

732 3732 1109 3812 probabilius
1156 3733 1387 3815 negant
1416 3730 1574 3796 Nav.
1607 3731 1790 3809 Azor‚
1825 3732 2015 3806 Less.,
2050 3730 2274 3796 Suarez
2322 3733 2386 3796 et
2432 3733 2540 3796 alii
2587 3733 2751 3815 apud
2781 3732 2966 3799 Croix
3013 3736 3187 3813 ibid..

730 3836 876 3917 quia
914 3837 1086 3899 deest
1114 3839 1263 3900 tunc
1301 3838 1553 3920 pactum
1589 3858 1660 3903 ex
1695 3841 1958 3921 utraque
1987 3842 2163 3924 parte
2201 3839 2645 3924 obligatorium
2677 3867 2739 3905 ».
2774 3841 3012 3908 Verum
3050 3846 3187 3910 heic

729 3936 992 4001 habetur
1035 3939 1462 4017 hallucinatio,
1496 3962 1685 4023 quam
1731 3961 1951 4024 passus
1997 3947 2090 4007 est
2121 3942 2322 4020 Oroi1‚
2358 3944 2465 4026 qui
2510 3945 2661 4010 haec
2692 3965 2730 4010 a
2760 3946 2956 4012 Palao
2997 3948 3183 4013 nimis

729 4040 985 4105 fidenter
1044 4041 1485 4123 transscripsit.
1533 4043 1695 4108 Nam
1751 4065 1860 4109 nec
1906 4043 2130 4109 Suarez
2177 4066 2308 4129 cap.
2350 4047 2456 4110 43.
2505 4066 2564 4111 n.
2610 4048 2711 4112 12.
2761 4068 2870 4114 nec
2929 4048 3185 4116 Lessius

726 4143 833 4207 lib.
864 4146 923 4208 2.
950 4164 1084 4227 cap.
1111 4145 1213 4207 35.
1250 4164 1310 4207 n.
1338 4144 1465 4221 86..
1490 4165 1599 4210 nec
1628 4147 1810 4224 Azor,
1838 4169 1895 4231 p.
1925 4150 1985 4211 2.
2011 4148 2119 4211 lib.
2150 4149 2207 4212 7.
2240 4169 2372 4233 cap.
2409 4149 2514 4214 27.
2550 4170 2609 4232 q.
2638 4150 2697 4215 6.
2731 4151 2973 4217 faciunt
3019 4154 3186 4218 hunc

727 4266 971 4310 casum:
999 4246 1104 4310 sed
1136 4247 1339 4310 solum
1370 4246 1583 4313 dicunt
1618 4250 1685 4312 1⁰
1709 4269 1831 4315 non
1863 4269 1995 4315 esse
2024 4250 2537 4332 confidentialem‚
2564 4253 2619 4318 si
2641 4253 2907 4320 intentio
2933 4258 3182 4323 occulta

727 4349 836 4412 sit:
886 4368 1016 4414 esse
1053 4349 1566 4427 confidentialem‚
1616 4354 1666 4416 si
1721 4354 2062 4418 intercedat
2106 4354 2379 4437 pactum.
2427 4355 2745 4422 Navarrus
2793 4377 2939 4424 vero
2987 4363 3179 4445 negat

728 4451 937 4515 haberi
983 4452 1450 4523 confidentiam:
1501 4455 1667 4536 quia,
1700 4456 1775 4518 ut
1812 4457 1938 4539 ipse
1970 4456 2192 4538 inquit,
2234 4456 2384 4521 Pius
2416 4456 2491 4521 V.
2524 4478 2647 4524 non
2678 4459 2937 4526 damnat
2974 4463 3072 4527 uti
3100 4463 3182 4526 si—

728 4554 999 4619 moniam
1045 4556 1207 4620 hunc
1253 4576 1487 4633 casum,
1536 4556 1639 4620 sed
1686 4558 1888 4622 solum
1935 4559 2087 4623 dicit
2132 4578 2263 4624 esse
2308 4560 2576 4645 signum,
2623 4581 2695 4626 ex
2741 4582 2865 4645 quo
2914 4563 3182 4630 simonia
