3497 5147
313 333 451 410 [500]
1277 345 1550 387 emotus.
1591 347 1837 388 pomum
2660 334 2769 389 383

316 448 445 513 ficio
492 447 556 511 in
604 443 1069 519 confidentiam;
1120 462 1241 509 non
1288 446 1498 508 tamen
1536 446 1894 526 requiritur,
1944 448 2019 510 ut
2049 465 2120 510 ex
2153 449 2416 528 utraque
2464 448 2638 529 parte
2684 445 2770 510 sit

318 550 563 632 impleta
598 548 710 622 ita,
745 549 818 611 ut
852 547 1043 611 etiam
1068 547 1369 629 accipiens
1395 546 1757 611 beneficium
1790 547 2062 612 vicissim
2088 549 2558 631 promissionem
2590 567 2767 613 suam

317 651 679 736 impleverit,
727 670 786 714 v.
842 668 936 734 gr.
973 649 1231 714 solverit
1265 649 1635 730 promissam
1674 651 2047 733 pensionem.
2083 650 2248 716 Nam
2296 670 2366 716 eo
2399 651 2553 734 ipso,
2604 649 2768 731 quod

317 754 671 820 beneficium
730 752 796 816 in
849 750 1285 815 confidentiam
1341 750 1417 814 ab
1465 770 1589 815 uno
1621 752 1707 815 sit
1738 752 1958 818 datum
1989 756 2053 817 et
2084 754 2161 817 ab
2195 753 2391 819 altero
2424 754 2764 835 acceptum,

317 860 386 923 ab
416 863 685 938 utroque
722 873 952 938 poenae
984 854 1402 928 incurrantur,
1453 855 1526 917 ut
1570 873 1848 937 expresse
1897 857 2161 921 habetur
2193 857 2254 920 in
2287 856 2489 921 Bullis
2521 857 2616 920 Pii
2655 855 2763 919 IV.

317 980 381 1024 ac
410 959 507 1023 Pii
531 958 608 1021 V.
646 955 877 1022 Exinde
900 956 1122 1019 merito
1155 955 1475 1020 Navarrus
1500 955 1686 1019 Man.
1714 976 1848 1040 cap.
1887 960 1989 1022 23.
2025 979 2085 1022 n.
2126 960 2271 1022 140.
2307 977 2462 1022 vers.
2496 956 2770 1022 secunda

314 1066 455 1126 nota
486 1061 597 1136 ait,
626 1058 955 1125 simoniam
987 1057 1390 1122 confidentiae
1422 1077 1553 1122 esse
1586 1059 1725 1124 aliis
1760 1061 2047 1141 peiorem,
2074 1061 2220 1141 quia
2247 1079 2461 1142 nempe
2492 1060 2769 1125 continet

313 1165 660 1229 innumeras
707 1159 974 1236 fraudes,
1022 1179 1165 1224 cum
1210 1160 1413 1244 magis
1460 1160 1744 1236 latenter,
1786 1180 1973 1242 quam
2008 1163 2184 1237 aliae,
2225 1163 2659 1226 committatur
2706 1163 2770 1225 et

312 1266 439 1330 ideo
478 1266 565 1329 sit
595 1264 865 1329 difficilis
898 1263 976 1328 ad
1012 1262 1397 1344 probandum
1428 1261 1490 1325 in
1523 1262 1961 1328 tribunalibus

393 1368 608 1450 Excipi
639 1372 849 1431 tamen
895 1365 1118 1431 debent
1164 1364 1535 1430 mediatores
1578 1367 1922 1444 simoniae,-
1969 1387 2116 1432 nam
2163 1388 2305 1432 cum
2354 1368 2427 1433 de
2474 1368 2597 1432 illis
2643 1386 2766 1433 non

311 1470 646 1551 loquantur
698 1469 919 1533 Bullae
967 1469 1064 1533 Pii
1109 1468 1219 1532 IV.
1262 1469 1327 1532 et
1370 1467 1470 1542 V.,
1528 1487 1649 1533 non
1697 1471 2023 1535 incurrunt
2068 1471 2766 1535 excommunicationem

312 1571 421 1636 nisi
472 1572 551 1635 ab
598 1573 865 1653 utraque
911 1572 1087 1654 parte
1148 1572 1402 1653 pactum
1449 1571 1780 1653 impletum
1825 1571 2031 1644 fuerit,
2083 1572 2369 1637 videlicet
2415 1591 2520 1654 per
2566 1571 2766 1636 solam

309 1677 633 1742 simoniam
656 1675 908 1753 realem,
948 1694 1070 1757 quo
1094 1675 1342 1740 nomine
1366 1676 1556 1740 etiam
1593 1674 1962 1739 naedmtores
1987 1677 2051 1740 in
2083 1676 2333 1740 Extrav.
2379 1678 2438 1739 2.
2474 1675 2655 1739 Pauli
2682 1675 2763 1739 II.

308 1777 913 1843 excommunicantur
944 1777 1077 1860 ipso
1124 1777 1311 1841 facto.
1345 1777 1508 1840 Hinc
1553 1776 1659 1841 isti
1708 1797 1935 1860 poenas
1982 1779 2045 1842 in
2076 1779 2279 1842 Bullis
2312 1779 2408 1842 Pii
2441 1778 2550 1842 IV.
2577 1778 2642 1840 et
2686 1777 2762 1841 V.

311 1900 431 1946 non
461 1880 799 1946 incurrunt.

399 1979 580 2054 500.
616 1984 852 2047 Poenae
890 1983 1122 2063 itaque,
1157 2001 1312 2063 quas
1345 1982 1609 2047 simonia
1641 1983 2090 2047 confidentialis
2138 1984 2395 2058 inducit,
2447 1985 2611 2047 sunt.

488 2087 557 2149 1⁸
608 2085 1179 2150 Excommunicatio
1243 2085 1449 2167 Papae
1494 2087 1808 2150 reservata
1874 2088 1937 2150 et
1997 2087 2130 2150 lata
2198 2087 2262 2151 in
2320 2104 2762 2168 quoscumque,

301 2189 407 2269 qui
455 2206 596 2252 eam
642 2187 1060 2263 committant,
1111 2187 1239 2251 sive
1287 2186 1487 2251 dando
1536 2187 1664 2251 sive
1712 2188 2078 2270 recipiendo.
2129 2189 2228 2252 Ita
2275 2186 2489 2253 Const.
2539 2187 2762 2269 Apost.

302 2288 438 2354 Sed.
474 2291 698 2355 contra
743 2308 880 2353 reos
924 2289 1224 2352 simoniae
1270 2287 1731 2367 confidente'alis
1777 2290 1847 2352 in
1880 2289 2194 2369 benefieiis
2238 2291 2635 2371 quibuslibet,
2667 2311 2767 2354 cu-

298 2393 659 2472 iuscumque
704 2391 838 2455 sint
880 2390 1245 2472 dimitat-is.-
1293 2391 1515 2471 quibus
1564 2391 1765 2455 verbis
1797 2394 1860 2455 et
1892 2393 2166 2457 Praelati
2211 2393 2479 2458 maiores
2517 2412 2640 2458 non
2671 2413 2766 2458 ex-

296 2496 481 2561 clusis
517 2493 975 2570 cardinalibus,
1011 2492 1632 2577 comprehenduntur.

385 2598 610 2679 Quoad
640 2599 824 2664 hasce
855 2616 1083 2681 poenas
1118 2596 1281 2680 apud
1330 2597 1653 2679 plerosque
1693 2600 1977 2664 auctores
2024 2598 2304 2663 confusio
2353 2600 2567 2681 aliqua
2613 2601 2765 2664 irre-

294 2706 522 2784 pserat.
562 2699 731 2765 Nam
775 2719 917 2765 cum
962 2699 1035 2764 dc
1083 2699 1199 2763 hac
1246 2718 1308 2763 re
1356 2699 1534 2764 binae
1582 2700 1955 2764 haberentur
2002 2698 2515 2778 ConstitutioneS,
2566 2702 2765 2766 altera

293 2823 511 2887 nempe
530 2804 632 2868 Pii
659 2803 768 2867 IV.
802 2802 985 2884 incip.
1009 2801 1369 2866 Romanum
1394 2800 1772 2881 Pontificem
1809 2805 1908 2867 16.
1945 2804 2079 2868 Oct.
2114 2804 2329 2868 1564..
2351 2804 2550 2869 altera
2574 2804 2759 2868 PiiV.

290 2907 474 2992 incip.
524 2904 969 2972 Intolerabilzs
1020 2906 1075 2968 l.
1125 2905 1261 2969 Iun.
1316 2904 1527 2979 1569..
1569 2904 1677 2969 alii
1724 2906 1990 2987 primam
2035 2908 2306 2979 tantum,
2358 2907 2464 2970 alii
2512 2909 2762 2972 tantum

289 3010 660 3086 secundum,
694 3008 875 3091 pauci
914 3025 1060 3072 vero
1094 3009 1427 3087 utramque
1470 3010 2024 3072 commemorantes
2070 3028 2202 3074 rem
2248 3011 2457 3074 exacte
2497 3012 2764 3090 utraque

285 3111 693 3187 definiebant,
727 3110 825 3175 uti
854 3107 1402 3191 Schmalzgrueber
1430 3108 1538 3173 lib.
1574 3111 1633 3172 5.
1669 3110 1769 3174 tit.
1811 3111 1871 3174 3.
1907 3131 1965 3173 n.
2003 3111 2150 3175 270.

374 3216 533 3281 Pius
572 3213 686 3279 IV.
717 3213 930 3295 itaque
962 3212 1285 3276 Praelatos
1317 3212 1605 3288 maioreS,
1641 3211 1998 3278 Cardinales
2046 3233 2263 3297 nempe
2296 3215 2487 3278 etiam
2518 3214 2766 3297 Episco-

284 3337 415 3401 poS,
468 3315 899 3391 PatriarchaS,
946 3313 1282 3397 Episcopos
1329 3315 1393 3378 et
1436 3314 1947 3397 Archiepiscopos
1977 3315 2307 3381 interdicto
2357 3316 2434 3380 ab
2481 3317 2766 3400 ingressu

281 3419 591 3484 ecclesiae
637 3416 955 3492 multavit,
1012 3416 1285 3497 reliquos
1335 3434 1479 3480 vero
1528 3418 2160 3483 excommunicatione
2207 3418 2374 3481 latae
2422 3419 2763 3483 sententiae

278 3523 561 3604 punivit.
601 3516 1053 3583 Cardinalibus
1073 3518 1360 3581 videlicet
1389 3518 1592 3599 inquit
1616 3519 1720 3582 cit.
1757 3517 1968 3584 Const.
2005 3520 2042 3602 ξ
2077 3522 2137 3582 4.
2173 3523 2235 3583 et
2254 3518 2406 3581 aliis
2436 3517 2765 3584 Praelatis

279 3620 657 3688 huiusmodi
682 3622 755 3684 in
790 3620 1019 3683 virtute
1064 3624 1321 3685 sanetae
1368 3619 1750 3683 obedientiae
1799 3625 1860 3684 et
1902 3622 2015 3685 sab
2051 3642 2261 3702 poena
2307 3620 2629 3684 interdicti
2671 3623 2765 3685 in-

276 3747 547 3807 gressu-s·
598 3722 907 3799 ecclesiae,
953 3722 1218 3805 reliquis
1256 3742 1396 3786 vero
1442 3722 1558 3787 sub
1603 3724 1866 3786 maioris
1912 3725 2564 3789 eaecommun-‹z‘cationis
2599 3724 2765 3789 latae

275 3828 643 3894 sententiae
669 3845 880 3907 poena
896 3845 1020 3905 per
1051 3823 1565 3903 contrafacientes
1603 3845 1670 3888 eo
1715 3826 1850 3905 ipso
1895 3826 2294 3901 incurrentia,
2334 3848 2375 3890 a
2407 3848 2532 3910 qua
2561 3830 2691 3892 nisi
2720 3850 2766 3892 a

275 3932 464 3996 nobis
514 3934 639 3994 aut
682 3928 970 3993 Romano
1022 3928 1333 4008 Pontifice
1352 3948 1476 4007 pro
1526 3934 1789 4007 tempore
1822 3930 2170 4006 exsistente,
2203 3937 2648 4014 praeterquam
2691 3935 2762 4000 in

276 4034 510 4100 mortis
549 4029 822 4095 articulo
889 4031 1230 4105 constituti,
1278 4030 1519 4095 absolvi
1576 4036 1906 4113 nequeant,
1954 4032 2302 4100 distm'ctz'us
2337 4035 2759 4115 prohibemus.

276 4138 432 4202 Pius
469 4136 557 4200 V.
603 4153 748 4199 vero
788 4131 1000 4199 Const.
1035 4133 1140 4197 cit.
1176 4134 1234 4217 §-
1272 4134 1331 4198 8.
1366 4135 1429 4198 in
1470 4154 1679 4200 omnes
1710 4136 1898 4200 huius
1931 4138 2204 4203 criminis
2250 4158 2386 4203 reos
2420 4155 2765 4201 excommu-

274 4238 631 4307 nicationis
676 4238 813 4321 ipso
860 4237 1030 4302 sacto
1063 4236 1461 4303 incurrendae
1499 4257 1569 4302 ac
1602 4238 1886 4304 Romano
1920 4240 2206 4305 Pontifici
2239 4241 2589 4304 reservatae
2628 4256 2766 4320 poe-

277 4364 424 4409 nam
476 4341 647 4407 tulit
677 4360 749 4405 ac
778 4339 875 4405 die
912 4340 1015 4404 14.
1049 4339 1107 4402 N
1112 4358 1208 4404 ov.
1237 4340 1507 4405 eiusdem
1561 4342 1702 4405 anni
1743 4341 1934 4406 1569.
1961 4342 2300 4406 declaravit
2347 4343 2534 4423 (quae
2572 4341 2769 4406 decla-

276 4450 442 4514 ratio
522 4444 735 4511 eidem
803 4441 1257 4509 Constitutioni
1320 4444 1647 4507 subiicitur
1707 4445 1772 4507 in
1829 4446 2109 4510 Bullario
2175 4446 2507 4527 Romano),
2557 4464 2767 4510 omnes

280 4550 342 4615 S.
380 4550 464 4617 E.
505 4548 603 4614 R.
649 4546 1020 4611 Gardinales
1052 4548 1120 4610 in
1163 4546 1611 4610 Constitutione
1658 4551 1717 4609 et
1755 4548 1984 4610 litteris
2021 4548 2332 4626 praefatis
2376 4568 2450 4611 ac
2495 4548 2769 4628 singulis
