3497 5147
314 383 447 459 [127]
802 396 886 434 11111
922 393 1085 444 01110,
1128 392 1594 435 Dssspmmrtoun
1632 395 1712 433 m·
1747 392 2258 435 PRAESUMPnONE
2692 379 2764 432 95

311 494 601 560 mortale:
650 511 792 556 cum
840 510 947 575 per
992 510 1128 554 eam
1173 491 1361 555 homo
1404 511 1438 554 a
1485 492 1615 555 Deo
1666 491 1990 554 avertatur
2036 510 2144 555 nec
2192 491 2311 556 nisi
2359 491 2437 556 ob
2484 491 2763 575 imperfe-

312 597 566 662 ctionem
613 596 790 659 actus
837 612 966 658 esse
1012 593 1222 676 potest
1268 593 1524 670 veniale,
1574 593 1921 657 cuiusmodi
1968 593 2031 656 in
2079 595 2258 678 gravi
2305 594 2585 671 tristitia,
2620 614 2761 685 cum

314 700 544 764 animus
582 717 704 762 non
736 697 888 760 bene
919 697 1017 760 3111
1048 715 1300 779 compos
1334 697 1447 772 est,
1486 694 1756 759 accidere
1789 695 1965 759 solet.
2003 697 2062 758 2.
2093 697 2151 759 2.
2187 716 2246 777 q.
2283 699 2388 760 20.
2416 717 2470 760 a.
2512 698 2567 760 1.
2603 698 2666 759 et
2698 697 2758 759 3.

391 800 527 865 Non
575 802 670 864 est
717 800 928 863 autem
977 817 1130 881 opus
1176 796 1608 862 infidelitatem
1645 799 2031 881 praevertere
2060 798 2123 861 in
2174 800 2397 876 mente,
2447 799 2614 862 utin
2660 817 2764 862 vo-

313 904 544 968 luntate
577 901 837 966 exsistat
868 901 1077 964 motus
1125 898 1588 983 desperationis,
1616 900 1909 964 Manente
1946 900 2109 964 0111111
2146 900 2211 964 111
2241 899 2562 964 1111οΠ00111
2596 901 2761 964 10013

316 1004 735 1070 aestimatione
765 1003 926 1066 circa
957 1002 1352 1078 universalia,
1380 1003 1587 1086 potest
1617 1002 2013 1085 particularis
2040 1002 2393 1066 aestimatio
2419 1003 2759 1085 corrumpi:

313 1109 396 1173 ita
439 1108 727 1173 manente
776 1104 1004 1170 iudicio
1053 1105 1216 1187 quod
1266 1104 1592 1170 fornicatio
1642 1106 1727 1169 sit
1773 1107 2096 1188 peccatum
2141 1105 2403 1187 ideoque
2447 1104 2761 1190 fugienda,

315 1211 507 1293 potest
550 1207 926 1291 particulare
986 1206 1285 1271 iudicium
1347 1207 1552 1271 subire
1613 1206 1779 1290 quod
1826 1208 1961 1272 heic
2021 1208 2085 1271 et
2131 1227 2292 1272 nunc
2340 1209 2425 1272 sit
2486 1206 2765 1272 facienda

313 1310 448 1394 quia
492 1311 714 1394 placet.
755 1311 890 1373 Iam
937 1329 1079 1373 vero
1130 1310 1203 1373 ut
1250 1309 1490 1373 oriatur
1536 1312 1747 1374 motus
1797 1309 2261 1393 desperationiS‚
2302 1311 2458 1374 satis
2505 1310 2600 1375 est
2632 1329 2769 1393 par-

311 1414 625 1479 ticularem
671 1413 1167 1477 aestimationem
1215 1413 1545 1496 corrumpi,
1594 1415 1669 1477 ut
1715 1433 1775 1478 v.
1811 1433 1904 1498 gr.
1946 1413 2064 1478 etsi
2116 1414 2254 1495 quis
2302 1413 2513 1478 credat
2563 1414 2765 1478 Deum

312 1517 455 1580 velle
486 1516 767 1582 omnium
797 1515 1085 1592 salutem,
1121 1516 1328 1597 potest
1360 1517 1568 1579 tamen
1609 1515 1945 1581 aestimare
1991 1516 2156 1597 quod
2189 1516 2307 1579 sibi
2344 1517 2408 1579 in
2442 1516 2557 1579 tali
2590 1518 2767 1580 statu

314 1619 619 1684 exsistenti
666 1636 788 1683 non
834 1617 919 1682 sit
965 1617 1233 1700 amplius
1263 1618 1430 1681 Deus
1477 1618 1723 1682 veniam
1769 1620 2165 1700 peccatorum
2213 1637 2631 1682 concessurus.
2672 1618 2769 1681 Id-

313 1721 463 1786 circo
494 1720 628 1785 fieri
657 1720 864 1803 potest
887 1720 960 1783 ut
985 1719 1045 1783 in
1078 1721 1398 1801 peccatore
1431 1719 1564 1783 sola
1588 1718 1738 1782 fides
1766 1721 2035 1783 maneat.
2064 1738 2112 1783 3.
2140 1719 2412 1784 Thomas
2444 1719 2590 1783 ibid.
2620 1738 2675 1782 a.
2705 1721 2764 1782 2.

409 1847 442 1880 1(
463 1822 558 1886 Ad
586 1823 702 1887 hoc
733 1824 945 1886 autem
974 1823 1049 1885 ut
1079 1822 1268 1886 homo
1296 1821 1548 1902 aliquod
1579 1822 1813 1885 bonum
1840 1820 2104 1885 arduum
2128 1821 2417 1904 (ideoque
2439 1823 2768 1906 magnum)

247 1935 252 1938 ’
319 1942 436 1988 11011
467 1924 746 1988 3031111101
790 1925 862 1988 111
892 1923 1184 2006 possibile
1231 1923 1349 1988 sibi
1390 1923 1646 2007 adipisci
1695 1923 1795 1987 vel
1845 1943 1951 2006 per
1982 1942 2047 1988 se
2101 1923 2199 1988 vel
2237 1943 2344 2008 per
2392 1924 2605 2003 alium,
2640 1943 2771 2008 per-

316 2026 559 2090 ducitur
581 2046 653 2090 01
682 2027 871 2091 11111113
902 2026 1257 2104 deiectione,
1285 2045 1442 2108 quae
1475 2026 1720 2108 quando
1745 2027 1810 2090 in
1842 2026 2089 2091 homine
2121 2027 2497 2104 dominatur,
2524 2026 2771 2091 videtur

313 2128 383 2205 ei,
417 2128 580 2210 quod
625 2146 944 2210 nunquam
991 2128 1189 2211 possit
1227 2127 1300 2192 ad
1355 2128 1608 2210 aliquod
1647 2128 1881 2193 bonum
1917 2129 2199 2193 relevari.
2238 2128 2322 2192 Et
2350 2129 2497 2211 quia
2537 2128 2770 2193 accidia

311 2232 401 2296 est
444 2231 707 2296 tristitia
738 2230 1044 2313 quaedam
1090 2230 1388 2295 deiectiva
1436 2231 1714 2314 spiritus,
1748 2231 1887 2296 ideo
1927 2251 2033 2314 per
2079 2232 2244 2296 hunc
2274 2231 2528 2296 modum
2566 2230 2773 2315 despe-

308 2334 460 2398 ratio
507 2354 583 2399 ex
632 2332 864 2398 accidia
913 2334 1264 2418 generatur.
1307 2332 1442 2398 Hoc
1491 2334 1703 2397 autem
1752 2333 1847 2397 est
1893 2332 2215 2416 proprium
2262 2333 2574 2398 obiectum
2620 2333 2769 2416 spei,

308 2437 532 2502 scilicet
589 2436 758 2520 quod
804 2436 888 2501 sit
940 2454 1064 2499 non
1111 2435 1316 2500 solum
1363 2435 1594 2500 bonum
1641 2437 1704 2499 et
1753 2435 2017 2499 arduum
2067 2434 2171 2498 sed
2220 2437 2282 2499 et
2328 2435 2619 2518 possibile
2666 2435 2770 2518 (cf.

314 2538 438 2605 heic
472 2538 706 2623 Caiet.)
738 2563 800 2603 ›.
835 2537 991 2603 Ibid.
1028 2557 1082 2602 a.
1126 2538 1186 2601 4.

416 2700 496 2751 Vl.
523 2701 573 2753 3.
606 2698 806 2751 Mortale
843 2696 988 2749 etiam
1027 2703 1102 2748 est
1139 2709 1446 2760 praesumere
1486 2696 1546 2747 110
1585 2694 1921 2748 misericordia
1956 2695 2060 2757 Dei,
2090 2710 2135 2748 v.
2162 2711 2208 2761 g.
2238 2710 2347 2748 cum
2374 2694 2485 2761 quis
2511 2701 2673 2760 sperat
2697 2694 2770 2759 id,

309 2784 433 2847 quod
459 2792 531 2836 est
557 2780 869 2849 impossibile
896 2783 1160 2832 secundum
1202 2784 1355 2843 legem
1398 2778 1488 2831 Dei
1513 2779 1839 2832 ordinariam:
1871 2786 1921 2831 ut
1960 2778 2001 2831 si
2041 2794 2210 2845 speres
2237 2778 2575 2832 remissionem
2607 2793 2775 2847 pecca·

308 2872 461 2920 torum
498 2876 546 2921 et
588 2871 801 2920 satutem
840 2865 944 2918 sine
970 2863 1264 2930 poenitentia
1307 2867 1381 2916 vel
1424 2878 1511 2929 per
1551 2863 1746 2929 propria
1785 2863 1957 2915 merita
1998 2872 2046 2916 et
2089 2862 2217 2916 vires
2256 2871 2489 2916 naturae:
2518 2866 2597 2916 vel
2623 2862 2771 2916 etiam

308 2949 348 3003 si
381 2951 489 3017 quis
525 2956 717 3007 statuat
756 2963 1070 3016 perseverare
1098 2948 1148 3001 in
1175 2947 1402 3014 peccatis,
1430 2946 1645 3014 quandiu
1686 2950 1811 3000 bene
1841 2948 1971 3001 valet
2009 2953 2058 2999 et
2085 2954 2244 3000 tamen
2273 2954 2439 3015 speret
2470 2961 2524 3000 se
2548 2953 2773 3000 acturum

308 3036 658 3102 poenitentiam
699 3042 808 3089 ante
846 3041 1070 3088 mortem.
1103 3037 1155 3087 S.
1180 3035 1275 3087 Th.
1304 3038 1353 3087 2.
1381 3036 1431 3086 2.
1461 3048 1508 3097 q.
1542 3035 1628 3085 21.
1650 3039 1744 3085 art.
1778 3035 1824 3085 l.
1850 3034 2019 3097 Laym.
2048 3035 2079 3084 Ι.
2106 3047 2149 3086 0.

396 3155 551 3230 127.
578 3156 1010 3239 Praesemptio
1041 3155 1176 3219 heic
1199 3154 1462 3218 refertur
1488 3154 1563 3218 ad
1589 3154 1985 3219 voluntatem
2008 3155 2072 3219 et
2095 3154 2407 3239 significat
2432 3155 2777 3240 generatim

305 3263 643 3344 quemdam
673 3259 864 3324 animi
901 3259 1141 3322 motum
1184 3257 1259 3321 ad
1294 3257 1529 3339 aliquid
1563 3256 1891 3341 agendum,
1928 3257 2092 3339 quod
2129 3257 2364 3322 excedit
2409 3259 2651 3343 agentis
2682 3257 2778 3321 fa-

306 3365 612 3430 cultatem
660 3381 771 3428 seu
815 3362 974 3427 vires
1022 3378 1188 3425 suas.
1223 3357 1496 3424 Clarius:
1539 3384 1573 3417 «
1607 3360 2063 3442 Praesumptio,
2100 3361 2190 3423 ait
2222 3380 2270 3423 s.
2308 3361 2581 3425 Thomas
2615 3362 2678 3425 2.
2714 3362 2774 3424 2.

309 3486 363 3549 q.
399 3469 503 3531 21.
540 3487 600 3531 3.
637 3466 725 3541 4.,
758 3463 983 3546 duplex
1013 3464 1126 3527 est.
1162 3461 1300 3526 Una
1347 3460 1614 3544 quidem,
1660 3480 1819 3543 quae
1869 3462 2160 3525 innititur
2198 3463 2483 3545 propriae
2530 3462 2774 3538 virtuti,

309 3570 629 3633 attentans
679 3566 914 3631 scilicet
961 3563 1197 3646 aliquid
1245 3566 1318 3628 ut
1364 3564 1481 3628 sibi
1530 3564 1841 3646 possibile,
1891 3564 2056 3645 quod
2111 3564 2425 3647 propriam
2479 3565 2781 3629 virtutem

311 3673 611 3737 excedit...
654 3669 798 3735 Alia
845 3671 940 3733 est
986 3668 1428 3752 praesumptio,
1473 3686 1629 3749 quae
1674 3666 1969 3731 innititur
2015 3667 2362 3731 inordinate
2395 3667 2639 3732 divinae
2670 3667 2780 3732 mi-

308 3775 680 3841 sericordiae
729 3772 824 3837 vel
872 3770 1206 3855 potentiae,
1257 3789 1363 3853 per
1410 3788 1600 3851 quam
1648 3770 1857 3851 sperat
1903 3788 1967 3833 se
2017 3768 2290 3833 obtinere
2336 3769 2606 3855 gloriam
2652 3771 2780 3835 sine

311 3878 548 3943 meritis
599 3876 703 3941 vel
748 3875 997 3940 veniam
1045 3873 1175 3937 sine
1221 3870 1602 3955 poenitentia
1635 3896 1697 3934 ».

392 3978 696 4061 Quinque
726 3975 894 4041 modi
931 3974 1452 4059 praesumptionis
1490 3974 1837 4037 enumerari
1873 3976 2136 4058 possunt
2167 3994 2238 4039 ex
2270 3973 2517 4040 Suarez.

393 4083 657 4147 Primus
703 4081 817 4156 est,
858 4078 911 4141 si
942 4077 1081 4159 quis
1128 4078 1331 4160 speret
1379 4075 1671 4157 consequi
1716 4076 2164 4142 beatitudinem
2212 4078 2312 4142 vel
2356 4078 2781 4142 remissionem

310 4186 714 4267 peecatorum
744 4179 1006 4265 propriis
1039 4179 1308 4243 viribus:
1335 4178 1486 4242 11300
1511 4181 1604 4242 031
1635 4181 2058 4263 praesumptio
2099 4180 2443 4265 pelagiana,
2471 4198 2629 4262 quae
2661 4199 2783 4245 non

312 4288 519 4370 potest
551 4283 872 4350 committi
903 4283 1034 4346 sine
1062 4281 1320 4346 haeresi.

400 4386 727 4453 Secundus
760 4387 872 4463 est,
913 4385 968 4450 si
1000 4385 1138 4468 quis
1168 4383 1441 4449 indebito
1477 4384 1686 4449 ordine
1718 4387 1925 4468 speret
1953 4388 2065 4450 aut
2089 4384 2241 4450 velit
2265 4386 2782 4469 supernaturalia,

309 4493 465 4575 puta
495 4488 928 4554 remissionem
980 4487 1213 4571 peccati
1260 4486 1391 4550 sine
1440 4486 1840 4570 poenitentia,
1883 4487 2149 4571 gloriam
2182 4489 2311 4552 sine
2344 4488 2602 4563 111011113,
2644 4507 2785 4551 san-

308 4595 606 4658 ctitatem
657 4589 1052 4656 excellentem
1097 4588 1301 4673 tepide
1352 4589 1677 4672 operando.
1719 4589 1801 4652 Et
1832 4590 1981 4653 haec
2032 4593 2127 4653 est
2172 4589 2593 4672 praesumptio
2629 4590 2787 4653 lute-
