3497 5147
634 328 746 384 614
937 337 1435 381 TnAo'r.V1.sno‘r.
1455 335 1537 376 ιν.
1564 336 1648 374 ma
1671 333 1918 382 Quaero
1941 331 2158 374 pum.
2184 331 2512 375 mamm.
2531 332 2681 376 nun.
2701 334 2791 376 111.
2949 319 3095 395 [W]

1714 534 1877 598 Dus.
1918 534 2033 598 III.

1149 675 1264 740 Ad
1303 674 1459 757 quid
1503 676 1831 737 teneantur
1878 676 2107 736 tutores
2153 677 2213 737 et
2255 677 2591 753 curatore-5¹,

1437 778 1548 858 qui
1590 776 1718 839 loco
1752 780 2096 855 parentum
2138 781 2304 839 sunt.

753 955 891 1007 XVl.
918 955 1075 1005 Tutor
1114 949 1264 1016 (idem
1302 954 1378 1002 est
1415 949 1475 1000 de
1512 948 1765 1011 curatore)
1790 951 1985 998 tenetur
2013 936 2178 998 curam
2213 959 2384 1009 gerere
2413 945 2588 1012 pupilli
2622 946 2829 1014 eiusque
2852 950 2979 1001 bona
3005 947 3100 1002 rite

644 1046 693 1092 et
731 1035 939 1091 fideliter
965 1024 1320 1088 administrare.
1351 1031 1494 1085 Ratio
1520 1037 1609 1094 est,
1639 1029 1752 1095 quia
1780 1029 1829 1081 in
1857 1032 1984 1082 hunc
2012 1031 2154 1082 finem
2180 1029 2494 1084 constituitur
2521 1036 2571 1085 et
2613 1031 2889 1096 assignatur
2913 1031 3100 1099 pupillo

645 1121 796 1190 patris
832 1123 960 1174 loco.
986 1121 1165 1186 Quare,
1194 1117 1238 1171 si
1263 1116 1526 1181 delinquat,
1558 1118 1633 1167 vel
1674 1113 1955 1167 notabiliter
1991 1112 2056 1166 sit
2094 1114 2340 1178 negligens
2378 1118 2470 1168 hac
2506 1114 2555 1168 in
2598 1130 2667 1180 re,
2695 1123 2864 1184 peceat
2888 1116 3104 1182 graviter

646 1212 697 1260 et
733 1208 795 1259 ad
832 1202 1275 1271 compensationem
1310 1200 1489 1265 damni,
1518 1200 1648 1266 quod
1689 1198 1904 1266 pupillus
1939 1212 2001 1252 ex
2039 1213 2098 1251 eo
2143 1197 2344 1264 accepit,
2378 1198 2642 1266 obligatur,
2681 1202 2852 1254 saltem
2891 1203 2952 1255 de
2988 1203 3104 1254 dolo

650 1302 699 1348 et
736 1296 880 1361 culpa
920 1295 1031 1355 lata,
1057 1292 1155 1345 imo
1192 1290 1234 1344 si
1274 1289 1451 1343 tutoris
1487 1288 1701 1342 officium
1740 1295 1939 1341 exercet
1978 1287 2138 1355 pretio
2165 1290 2316 1354 (quod
2356 1294 2515 1342 tamen
2557 1288 2599 1343 si
2637 1292 2696 1343 ab
2731 1290 2872 1345 initio
2912 1307 3004 1344 non
3031 1297 3106 1346 est

647 1378 984 1444 constitutum,
1000 1383 1225 1429 censetur
1242 1373 1518 1441 suscepisse
1542 1372 1734 1441 gratis),
1764 1379 1958 1425 tenetur
1982 1372 2128 1426 etiam
2156 1373 2217 1426 de
2256 1373 2355 1426 levi
2391 1377 2551 1441 culpa.
2580 1376 2704 1427 Bon.
2734 1374 2799 1429 de
2827 1375 3106 1431 Coma-act.

651 1467 698 1518 d.
724 1466 772 1517 3.
797 1479 844 1529 q.
875 1465 958 1516 ⁴9.
994 1478 1041 1529 p.
1075 1462 1123 1515 4.

740 1584 920 1657 832.
955 1587 1253 1650 Tutorem
1296 1584 1461 1648 inter
1506 1584 1570 1647 et
1613 1584 1966 1647 curatorem
2010 1582 2334 1647 discrimen
2384 1584 2497 1660 est,
2539 1604 2611 1648 ex
2653 1583 2788 1649 iure
2825 1604 3104 1651 romano.

646 1692 850 1756 Tutor
895 1689 1095 1753 datur
1126 1687 1353 1751 directe
1391 1703 1686 1769 personae
1732 1686 1796 1749 et
1843 1704 1950 1768 per
1993 1703 2368 1765 consequens
2415 1685 2592 1750 bonis
2641 1687 2806 1752 eius:
2857 1691 3109 1753 curator

651 1794 839 1858 datur
884 1812 991 1876 per
1036 1811 1101 1855 se
1146 1790 1341 1867 boniS‚
1376 1791 1449 1853 ut
1494 1807 1711 1853 eorum
1759 1787 2227 1851 administrator
2273 1788 2534 1852 exsistat
2579 1791 2642 1853 et
2687 1810 2795 1873 per
2833 1789 3111 1854 accidens

652 1914 967 1981 personae.
1000 1895 1202 1958 Tutor
1232 1911 1427 1974 usque
1466 1891 1543 1954 ad
1575 1893 1821 1973 tempus
1854 1889 2198 1972 pubertatis
2237 1889 2442 1967 datur,
2470 1910 2593 1973 qua
2626 1896 2858 1969 secuta,
2884 1892 3112 1957 desinit

652 1997 875 2062 tutela.
887 1995 1157 2059 Curator
1177 1993 1511 2077 puberibus
1535 1992 1722 2056 datur
1742 2011 1939 2074 usque
1956 2011 2078 2074 quo
2103 1994 2350 2076 tempus
2372 1993 2753 2101 minoritatis
2770 1994 3110 2078 expleatur.

653 2104 855 2168 Tutor
891 2102 1142 2185 proinde
1180 2101 1436 2184 pupillo,
1473 2101 1724 2164 curator
1753 2100 1979 2164 minori
2011 2099 2217 2163 datur.

745 2206 962 2271 Officia
994 2205 1220 2270 tutoris
1253 2206 1316 2270 et
1350 2203 1656 2269 curatoris
1689 2203 1838 2267 bene
1876 2202 2128 2285 exponit
2148 2202 2224 2267 A.
2251 2222 2360 2267 nec
2391 2222 2547 2286 opus
2580 2206 2674 2269 est
2712 2204 2836 2269 alia
2870 2203 3111 2268 addere.

745 2310 906 2391 Quid
954 2308 1151 2392 possit
1186 2307 1461 2390 pupillus
1489 2308 1554 2370 et
1590 2306 1794 2369 minor
1827 2304 2034 2386 quoad
2066 2305 2484 2388 suscipiendas
2524 2306 2956 2391 obligationes,
2986 2307 3116 2371 iam

657 2413 961 2497 quaedam
985 2411 1251 2475 diximus
1276 2411 1529 2494 agentes
1555 2407 1627 2471 de
1645 2407 1833 2483 voto,
1848 2407 1970 2470 alia
1994 2406 2248 2470 dicenda
2270 2408 2335 2471 in
2361 2408 2541 2472 tract.
2561 2410 2636 2473 de
2661 2407 3114 2473 contractibus.

748 2513 966 2595 Quoad
1012 2512 1414 2578 domesticam
1459 2509 1908 2584 educationem,
1947 2528 2089 2573 cum
2136 2510 2311 2575 tutor
2355 2511 2490 2577 loco
2538 2512 2734 2596 patris
2773 2513 2875 2593 sit,
2911 2512 3118 2580 officia

657 2617 882 2703 pupilli
914 2635 1062 2699 erga
1101 2634 1261 2690 eum,
1296 2634 1438 2678 cum
1485 2613 1560 2677 ad
1610 2615 1881 2679 aetatem
1927 2612 2313 2680 discretionis
2362 2615 2659 2698 pervenit,
2693 2616 2921 2682 similia
2966 2618 3119 2688 sunt

655 2721 755 2797 iis,
789 2738 948 2800 quae
978 2717 1234 2781 haberet
1266 2736 1414 2799 erga
1461 2718 1720 2798 patrem.
1755 2715 1963 2781 Minor
2000 2717 2096 2781 est
2123 2716 2428 2800 obligatio
2461 2718 2737 2795 minoris,
2774 2719 2953 2783 cuius
2986 2739 3118 2803 per-

662 2839 881 2886 sonam
918 2818 1145 2882 directe
1182 2837 1303 2883 non
1348 2817 1513 2902 regit
1554 2820 1810 2882 curator
1846 2820 1909 2882 et
1953 2818 2055 2881 cui
2100 2818 2298 2882 invito
2346 2837 2455 2882 nec
2499 2819 2687 2884 datur
2722 2822 2975 2885 curator
3011 2820 3115 2903 (cf.

660 2922 984 3006 Laymann
1020 2921 1062 2984 l.
1099 2922 1159 2985 3.
1199 2924 1278 2984 tr.
1314 2921 1374 2984 4.
1410 2940 1461 2984 c.
1497 2922 1556 2984 9.
1591 2941 1650 2983 n.
1688 2922 1808 3003 2.):
1843 2920 2008 3002 quod
2045 2922 2287 3003 spectat
2325 2922 2536 2985 tamen
2569 2921 2647 2986 ad
2678 2923 2983 2987 bonorum
3016 2924 3119 2988 ad·

660 3023 1201 3102 ministrationem,
1250 3023 1524 3088 curatori
1576 3023 1781 3086 minor
1835 3024 2083 3086 subesse
2130 3024 2193 3086 et
2237 3043 2452 3106 parere
2507 3025 2687 3092 debet
2738 3028 3116 3112 gratumque

666 3146 944 3192 animum
981 3145 1209 3210 gerere.

658 3303 669 3315 ‚
751 3226 1040 3294 Ceterum
1086 3246 1195 3310 pro
1235 3226 1353 3292 rite
1398 3227 1754 3292 definiendis
1784 3227 2024 3292 iuribus
2055 3229 2119 3290 et
2166 3228 2385 3294 officiis
2431 3230 2663 3295 tutoris
2696 3231 2760 3295 et
2790 3230 3116 3309 curatoris,

659 3332 828 3416 leges
860 3330 1250 3414 singulorum
1273 3330 1578 3420 locorumt
1598 3329 1916 3410 quodiam
1941 3330 2095 3394 alias
2127 3332 2504 3412 notavimus,
2532 3333 2944 3417 inspiciendae
2969 3336 3119 3398 sunt

663 3437 726 3501 et
755 3452 971 3500 rursus
1002 3432 1228 3498 redibit
1266 3450 1466 3496 sermo
1497 3432 1562 3495 in
1595 3434 1672 3495 tr.
1700 3431 1876 3497 VIII.
1903 3431 1979 3496 cf.
2006 3431 2153 3496 ibid.
2181 3453 2241 3516 p.
2269 3435 2330 3498 3.
2357 3453 2409 3498 e.
2437 3435 2498 3499 3.
2527 3434 2671 3500 dub.
2704 3437 2762 3499 1.

1664 3606 1841 3673 Unde
1872 3605 2157 3672 resolves.

778 3763 938 3815 xvn.
980 3763 1027 3812 4.
1065 3763 1222 3815 Tutor
1260 3765 1450 3813 tenetur
1489 3757 1615 3812 tueri
1654 3771 1913 3824 personam
1949 3756 2140 3825 pupilli,
2170 3759 2287 3811 dum
2318 3772 2445 3825 opus
2481 3763 2558 3812 est
2596 3771 2803 3823 cumque
2841 3757 2983 3814 bonis
3021 3774 3123 3814 mo·

669 3842 808 3900 ribus
844 3844 1065 3899 imbuere
1103 3852 1152 3898 et
1188 3848 1312 3898 bene
1349 3846 1562 3899 educare
1599 3858 1687 3909 per
1724 3859 1795 3907 se,
1827 3844 1906 3896 vel
1943 3856 2033 3908 per
2067 3841 2210 3895 alios.
2243 3844 2361 3895 Bon.
2387 3843 2422 3895 l.
2451 3856 2494 3895 c

779 3931 957 3984 XVlll.
978 3934 1026 3983 2.
1052 3932 1268 3984 Tenetur
1295 3931 1419 3982 bona
1445 3928 1616 3996 pupilli
1642 3927 1851 3981 fideliter
1890 3926 2247 3990 administrare,
2274 3926 2484 3994 ideoque
2508 3927 2743 3993 (officium
2770 3929 2949 3983 tutoris
2974 3929 3126 3985 susei-

669 4015 827 4086 piens)
866 4014 1192 4070 inventarium
1229 4017 1469 4068 conficere
1480 4028 1497 4080 ;
1521 4012 1704 4078 alioqui
1729 4014 1902 4065 damna
1939 4024 2001 4063 ex
2040 4009 2146 4063 eius
2183 4012 2374 4065 defectu
2411 4018 2580 4065 secuta
2618 4012 2858 4066 resarcire
2896 4028 2986 4066 nee
3014 4012 3128 4068 licet

667 4101 740 4156 illi
776 4101 966 4170 pupillo
1003 4099 1236 4168 pecuniae
1274 4098 1473 4152 nimium
1512 4100 1571 4150 ad
1607 4111 1725 4149 usus
1762 4094 1961 4148 inutiles
1997 4098 2284 4149 concedere.

776 4189 913 4242 xlx.
940 4189 987 4240 3.
1013 4189 1171 4241 'l'utor
1191 4185 1283 4252 (uti
1308 4191 1356 4237 et
1382 4185 1601 4248 curator)
1625 4187 1814 4234 tenetur
1838 4193 2129 4233 conservare
2156 4179 2317 4233 omnia
2342 4179 2464 4244 iura,
2487 4184 2611 4234 bona
2638 4187 2687 4234 et
2712 4181 2929 4236 actiones
2955 4182 3127 4251 pupilli

670 4274 770 4340 <vel
809 4272 1031 4338 minoris)
1060 4280 1108 4326 et
1135 4276 1260 4324 bona
1297 4269 1418 4322 alias
1457 4267 1676 4333 peritura
1705 4267 1918 4317 vendere
1958 4265 2306 4331 pecuniamque
2330 4275 2611 4320 convertere
2639 4266 2687 4319 in
2714 4268 3008 4335 emptionem
3050 4271 3133 4323 bo·

670 4371 842 4410 norum
869 4356 1117 4409 stabilium
1146 4356 1225 4408 vel
1254 4354 1303 4405 in
1323 4365 1520 4406 censum
1541 4358 1634 4404 etc.
1662 4355 1809 4416 prout
1835 4348 1978 4402 ruerit
2004 4349 2188 4403 utiliuS.
2219 4349 2338 4403 lbib.
2366 4364 2427 4403 ex
2457 4351 2623 4404 Rebel.
2652 4366 2698 4417 p.
2728 4354 2776 4403 2.
2801 4352 2833 4404 Ι.
2867 4352 2948 4404 47.
2969 4368 3017 4418 q.
3045 4352 3127 4405 ⁴7.

781 4440 898 4493 XX.
928 4440 976 4493 4.
1007 4439 1059 4492 si
1099 4445 1246 4499 tutor,
1280 4440 1355 4490 vel
1394 4440 1594 4489 curator
1633 4432 1886 4500 pecuniam
1925 4433 2095 4501 pupilli
2135 4434 2381 4489 convertit
2415 4435 2465 4487 in
2503 4450 2622 4489 suos
2663 4450 2798 4501 usus,
2836 4443 3030 4489 tenetur
3070 4437 3131 4489 ad

669 4523 1028 4579 restitutionem
1069 4521 1217 4575 totius
1254 4519 1377 4574 lucri
1412 4517 1647 4573 cessantis
1688 4522 1764 4572 vel
1802 4518 1963 4572 damni
2001 4517 2310 4583 emergentis,
2341 4521 2471 4586 quod
2508 4519 2622 4574 iude
2672 4519 2858 4587 accepit
2895 4519 3128 4587 pupillus,

674 4613 754 4664 vel
794 4607 969 4661 minor.
997 4608 1029 4658 l.
1056 4621 1098 4659 c.
1126 4607 1315 4660 Rebell.
1343 4621 1388 4672 q.
1418 4605 1500 4657 47.
