3497 5147
304 429 455 505 [268]
882 445 967 484 Dm
1007 442 1342 485 somnam.
1383 444 1465 484 AN
1503 444 1711 486 Boxum
1751 444 2158 487 omi-rannulfi
2663 435 2767 489 195

309 556 551 620 cultum
574 555 931 620 moderetur
955 556 1018 619 et
1043 554 1378 619 secundum
1402 555 1516 618 hoc
1541 554 1673 618 nati
1698 573 1913 618 sumus
1937 553 2095 617 hanc
2120 553 2418 620 virtutem
2442 558 2767 640 suscipere,

307 677 468 740 quae
500 658 865 722 exteriorem
897 658 1140 722 cultum
1163 655 1521 722 moderatur
1544 681 1605 720 ».

398 760 494 824 Ad
529 763 617 824 2¹¹¹
656 760 848 835 «Illi,
897 761 1005 842 qui
1050 760 1114 823 in
1160 757 1573 843 dignitatibus
1619 757 2089 823 constituuntur
2135 760 2232 823 vel
2278 760 2468 824 etiam
2502 762 2773 827 ministri

307 862 556 940 altaris,
584 862 1055 946 pretiosioribus
1080 861 1375 938 vestibus,
1403 880 1590 943 quam
1615 860 1822 937 ceteri,
1857 860 2218 939 induuntur,
2246 880 2367 926 non
2399 865 2651 947 propter
2675 864 2770 928 sui

308 966 598 1051 gloriam,
650 964 755 1029 sed
804 963 880 1028 ad
926 963 1394 1049 significandam
1441 963 1865 1027 excellentiam
1910 964 2010 1028 sui
2055 963 2384 1029 ministerii
2430 966 2528 1030 vel
2565 967 2772 1031 cultus

308 1067 590 1132 ffinm».

363 1169 497 1260 ‚Ad
530 1170 622 1233 3¹¹¹
668 1192 704 1227 <
734 1168 1017 1233 Exterior
1048 1168 1255 1232 cultus
1287 1167 1582 1232 indicium
1607 1169 1919 1251 quoddam
1941 1172 2036 1235 est
2060 1168 2430 1235 conditionis
2463 1171 2771 1236 humanae

310 1272 377 1336 et
420 1271 557 1336 ideo
607 1290 886 1335 excessus
934 1273 997 1334 et
1043 1269 1315 1334 defectus
1363 1272 1425 1333 et
1472 1270 1744 1334 medium
1790 1271 1853 1336 in
1893 1273 2125 1336 talibus
2158 1271 2366 1336 reduci
2404 1275 2665 1356 possunt
2695 1274 2773 1338 ad

313 1372 615 1438 virtutem
646 1373 950 1450 veritatis,
985 1391 1176 1454 quam
1206 1371 1619 1455 Philosophus
1643 1373 1820 1456 ponit
1850 1375 2011 1439 circa
2044 1374 2208 1438 facta
2240 1375 2304 1437 et
2335 1374 2519 1453 dicta,
2548 1376 2772 1457 quibus

310 1478 550 1560 aliquid
583 1477 658 1541 de
690 1478 863 1542 statu
900 1476 1170 1541 hominis
1207 1476 1593 1561 significatur
1624 1502 1685 1541 ».

402 1576 579 1651 268.
614 1580 734 1644 His
767 1580 985 1663 positis
1025 1580 1115 1643 ita
1162 1597 1211 1642 s,
1252 1578 1523 1644 Thomas
1561 1580 1736 1644 artic.
1775 1583 1857 1659 2.,
1892 1581 1999 1645 ubi
2031 1580 2295 1662 quaerit,
2338 1606 2374 1639 α
2405 1600 2482 1644 an
2518 1584 2773 1645 ornatus

312 1683 647 1747 mulierum
694 1681 779 1746 sit
826 1682 954 1746 sine
999 1682 1249 1765 peccato
1297 1681 1550 1746 mortali
1582 1704 1652 1745 »:
1699 1706 1734 1740 «
1769 1682 2130 1760 Dicendum,
2180 1681 2348 1764 quod
2393 1682 2553 1747 circa
2603 1701 2776 1746 orna-

312 1786 526 1847 menta
551 1784 883 1848 mulierum
907 1784 1053 1847 sunt
1076 1783 1289 1847 eadem
1323 1781 1714 1857 attendenda,
1748 1804 1906 1867 quae
1939 1803 2124 1866 supra
2164 1784 2574 1847 communiter
2611 1782 2775 1847 dicta

314 1888 469 1951 sunt
506 1885 665 1949 circa
697 1885 1058 1951 exteriorem
1090 1885 1330 1949 cultum
1363 1886 1427 1949 et
1455 1883 1707 1967 insuper
1741 1886 2054 1968 quoddam
2088 1885 2258 1949 aliud
2290 1884 2570 1967 speciale,
2612 1884 2778 1967 quod

315 1988 454 2053 scil.
489 1988 803 2054 muliebris
850 1988 1057 2053 cultus
1089 1987 1255 2052 viros
1288 1987 1365 2051 ad
1396 1987 1719 2052 lasciviam
1753 1991 2050 2072 provocat
2088 2014 2148 2052 ».

411 2114 447 2149 «
482 2090 702 2155 Potest
725 2093 935 2155 tamen
958 2090 1182 2155 mulier
1210 2089 1379 2155 licite
1413 2109 1661 2173 operam
1694 2090 1839 2154 dare
1872 2090 1948 2154 ad
1981 2091 2116 2164 hoc,
2141 2090 2308 2173 quod
2335 2090 2465 2154 viro
2505 2110 2617 2156 suo
2652 2090 2779 2173 pla-

313 2195 471 2271 ceat,
500 2212 574 2257 ne
605 2212 714 2275 per
745 2193 876 2256 eius
910 2193 1334 2276 contemptum
1366 2192 1428 2256 in
1455 2192 1833 2257 adulterium
1855 2193 2170 2258 labatur...
2205 2193 2287 2257 Et
2317 2192 2453 2258 ideo
2479 2193 2532 2257 si
2555 2192 2779 2257 mulier

312 2297 653 2379 coniugata
681 2295 758 2360 ad
782 2296 898 2360 hoc
930 2315 993 2360 se
1021 2296 1215 2372 ornet,
1250 2297 1324 2359 ut
1347 2296 1480 2361 viro
1513 2315 1625 2359 suo
1659 2295 1921 2378 placeat,
1948 2297 2156 2379 potest
2178 2297 2294 2360 hoc
2327 2296 2523 2360 facere
2548 2297 2779 2380 absque

312 2399 566 2481 peccato
608 2422 670 2461 ι».

413 2524 448 2558 «
484 2500 639 2564 Illae
688 2501 900 2565 autem
944 2500 1252 2578 muliereS,
1301 2520 1459 2583 quae
1506 2501 1671 2565 viros
1717 2521 1838 2566 non
1877 2501 2110 2565 habent
2141 2522 2249 2565 nec
2282 2502 2503 2567 volunt
2534 2502 2777 2582 habere,

318 2603 419 2667 vel
451 2605 597 2667 sunt
643 2603 709 2667 in
748 2606 921 2668 statu
967 2622 1088 2669 non
1125 2602 1408 2681 habendi,
1457 2622 1578 2667 non
1610 2606 1872 2688 possunt
1920 2605 2150 2687 absque
2197 2605 2447 2689 peccato
2497 2607 2781 2690 appetere

320 2706 563 2790 placere
611 2704 888 2771 virorum
919 2705 1267 2789 aspectibus
1315 2705 1391 2768 ad
1438 2706 2016 2789 concupiscendum3
2051 2707 2198 2790 quia
2230 2708 2344 2772 hoc
2377 2709 2472 2772 est
2518 2707 2662 2773 dare
2694 2708 2781 2774 eis

316 2809 705 2874 incentivum
742 2808 1049 2892 peccandi.
1099 2807 1180 2871 Et
1225 2806 1528 2889 siquidem
1575 2808 1690 2872 hac
1735 2808 2077 2874 intentione
2116 2829 2180 2873 se
2219 2812 2455 2887 ornent,
2506 2812 2578 2873 ut
2623 2809 2780 2874 alios

319 2913 661 2995 provocent
685 2910 762 2975 ad
787 2910 1363 2993 concupiscentiam,
1390 2909 1739 2975 mortaliter
1772 2913 2046 2993 peccant.
2081 2910 2146 2975 Si
2172 2913 2384 2976 autem
2415 2931 2487 2976 ex
2511 2912 2779 2995 quadam

317 3014 578 3079 levitate
625 3015 725 3078 vel
771 3015 961 3078 etiam
1008 3033 1079 3077 ex
1125 3012 1392 3095 quadam
1441 3011 1720 3076 vanitate
1765 3016 2019 3096 propter
2050 3014 2416 3079 iactantiam
2446 3015 2780 3097 quandam,

324 3135 445 3180 non
495 3136 736 3200 semper
781 3117 875 3180 est
922 3116 1241 3198 peccatum
1274 3115 1558 3192 mortale,
1592 3114 1697 3179 sed
1736 3116 2104 3198 quandoque
2136 3118 2416 3182 veniales
2443 3118 2526 3183 Et
2571 3118 2785 3183 eadem

324 3218 489 3283 ratio
539 3220 847 3300 quantum
894 3219 970 3283 ad
1017 3219 1132 3283 hoc
1178 3219 1273 3281 est
1320 3218 1392 3281 de
1425 3217 1574 3281 viris
1607 3242 1668 3281 ».
1703 3218 1786 3283 Et
1834 3219 2026 3283 allato
2061 3219 2401 3304 Augustini
2433 3223 2628 3298 textu,
2679 3222 2784 3286 ubi

324 3320 556 3385 dicitur
602 3340 724 3385 non
773 3322 979 3386 decere
1025 3320 1285 3384 feminas
1332 3321 1520 3384 etiam
1568 3320 1899 3385 maritatas
1946 3320 2177 3385 nudare
2215 3322 2492 3405 capillos,
2543 3322 2782 3400 subdit;

327 3447 363 3482 α
403 3424 481 3487 In
522 3443 646 3506 quo
681 3427 888 3489 tamen
920 3442 1068 3487 casu
1100 3423 1350 3505 possent
1396 3423 1641 3504 aliquae
1689 3441 1725 3486 a
1772 3425 2021 3504 peccato
2055 3425 2349 3501 excusari,
2390 3424 2635 3506 quando
2671 3425 2787 3490 hoc

320 3544 446 3589 non
495 3525 672 3589 fieret
719 3545 789 3589 ex
838 3525 1047 3608 aliqua
1095 3525 1392 3601 vanitate,
1432 3523 1538 3587 sed
1568 3526 1820 3608 propter
1850 3524 2228 3588 contrariam
2257 3525 2783 3604 consuetudinem,

324 3629 616 3709 quamvis
655 3629 801 3693 talis
836 3628 1213 3693 consuetudo
1261 3647 1381 3692 non
1416 3627 1501 3691 sit
1542 3626 1876 3691 laudabilis
1915 3653 1976 3691 ».
2017 3626 2193 3706 Quod
2226 3626 2595 3710 principium
2642 3647 2787 3711 prae

326 3731 524 3795 oculis
557 3734 653 3796 est
683 3731 1052 3796 habendum.

414 3835 498 3899 Et
524 3834 603 3898 ad
639 3836 724 3897 1¹¹¹
764 3858 799 3892 ‹<
832 3833 1085 3899 Sobrius
1117 3833 1181 3896 et
1202 3831 1561 3897 moderatus
1586 3832 1842 3895 ornatus
1869 3850 1990 3896 non
2015 3830 2377 3914 prohibetur
2398 3832 2784 3910 mulieribuS,

324 3938 431 4002 sed
471 3937 823 4021 superfluus
855 3937 918 4001 et
946 3933 1391 4000 inverecundus
1424 3936 1486 3999 et
1516 3933 1865 4017 impudicus
1902 3959 1964 3998 ».

413 4040 514 4104 Ad
549 4043 635 4104 2¹¹¹
677 4064 713 4099 α
745 4039 1080 4105 Mulierum
1120 4038 1351 4102 fucatio
1384 4055 1507 4101 non
1533 4055 1773 4120 semper
1805 4039 1899 4102 est
1930 4057 2072 4103 cum
2103 4039 2353 4121 peccato
2385 4039 2657 4117 mortali,
2685 4037 2784 4104 sed

328 4145 538 4208 solum
563 4143 810 4226 quando
844 4142 917 4207 fit
946 4142 1196 4225 propter
1219 4140 1540 4205 lasciviam
1573 4139 1670 4204 vel
1700 4139 1764 4202 in
1795 4140 1912 4204 Dei
1943 4142 2433 4223 contemptum...
2463 4140 2791 4206 Sciendum

330 4247 561 4323 tamen,
612 4245 779 4328 quod
826 4243 997 4308 aliud
1043 4244 1137 4308 est
1172 4242 1403 4327 fingere
1449 4240 1970 4325 pulchritudinem
2018 4262 2139 4307 non
2186 4243 2467 4307 habitam
2514 4245 2577 4307 et
2624 4244 2792 4308 aliud

333 4350 645 4414 occultare
683 4346 1135 4429 turpitudinem
1159 4363 1230 4409 ex
1256 4344 1465 4426 aliqua
1488 4363 1677 4408 causa
1708 4344 2186 4426 provenientem,
2221 4345 2376 4427 puta
2408 4346 2793 4429 aegritudine

335 4451 431 4515 vel
464 4450 677 4533 aliquo
712 4447 1043 4515 eiusmodi:
1077 4448 1194 4511 hoc
1230 4449 1327 4511 est
1356 4446 1518 4510 enim
1554 4445 1800 4510 licitum
1838 4471 1897 4509 ».

417 4554 517 4620 Ad
549 4554 637 4618 3¹¹¹
676 4578 713 4612 α
747 4551 1041 4616 Mulieres
1071 4551 1241 4616 licite
1280 4570 1343 4615 se
1375 4551 1635 4632 possunt
1674 4568 1910 4625 ornare,
1953 4549 2050 4613 vel
2081 4551 2155 4613 ut
2191 4554 2551 4614 conservent
2580 4550 2796 4614 decen-

338 4657 496 4722 tiam
531 4655 631 4722 sui
663 4655 892 4732 statuS,
927 4654 1024 4718 vel
1056 4654 1248 4718 etiam
1276 4650 1528 4733 aliquid
1558 4649 1996 4730 superaddere,
2031 4653 2105 4714 ut
2141 4651 2426 4733 placeant
2462 4651 2610 4714 viris
2641 4673 2703 4710 ».
