3497 5147
665 358 774 412 642
876 370 1089 411 τΒΑοτ.
1119 369 1199 411 vr.
1224 368 1386 409 sacr.
1414 368 1469 409 v.
1501 367 1586 406 mr
1616 365 1844 414 Qumro
1869 365 2087 406 mimo.
2113 363 2442 405 nmALom.
2470 361 2602 403 cAr».
2632 362 2672 400 1.
2700 362 2841 402 nus.
2871 362 2912 402 1.
2987 344 3129 421 [865]

665 469 908 531 nentiae
954 466 1289 544 relaxatur,
1338 463 1584 546 quando
1633 480 1807 527 secus
1862 462 2060 526 instat
2115 461 2335 526 mortis
2382 459 2747 544 periculum,
2787 458 3129 541 periculum

662 572 874 634 autem
920 567 1142 632 mortis
1170 567 1255 630 sit
1277 566 1481 650 magis
1514 564 1797 629 minusve
1845 563 2196 646 proximum
2222 582 2332 645 pro
2366 563 2556 626 variis
2596 561 2830 626 morbis
2864 562 2926 624 et
2956 580 3132 644 gene-

658 671 847 737 ratim
897 669 1202 735 eiusmodi
1233 668 1578 753 periculum
1612 666 1934 750 proprium
1972 666 2056 730 sit
2093 665 2368 730 cuiusvis
2407 664 2607 729 morbi
2639 664 2850 748 gravis
2883 682 2991 726 nec
3022 662 3133 726 dif-

664 773 824 837 ficile
849 773 941 836 sit·
956 771 1307 856 excogitare
1339 788 1610 845 causam,
1644 788 1754 832 cur
1785 767 1985 851 prosit
2008 786 2158 831 usus
2189 767 2490 844 carnium,
2516 767 2579 830 et
2602 784 2818 830 rursus
2850 784 2992 829 cum
3027 784 3133 827 ne-

666 875 943 953 cessitaS,
977 893 1136 956 quae
1173 891 1460 956 praesens
1487 870 1660 935 adest
1683 870 1747 934 in
1774 870 1955 955 gravi
1984 870 2222 945 morb0,
2255 868 2426 933 facili
2449 868 2701 953 negotio
2723 866 3134 931 transferatur

668 977 746 1042 ad
793 994 1032 1054 causaS,
1082 995 1115 1040 e
1162 975 1388 1057 quibus
1458 973 1667 1057 gravis
1729 971 1985 1036 morbus
2034 973 2241 1055 potest
2286 970 2570 1047 incidere,
2623 970 2700 1034 ad
2747 987 2902 1052 quas
2949 970 3135 1051 impe-

668 1078 921 1142 diendas
945 1077 1178 1160 pariter
1199 1076 1363 1139 idem
1388 1076 1663 1140 medium
1687 1074 2082 1139 adhiberetur
2105 1074 2281 1138 iuxta
2304 1072 2488 1137 illud:
2531 1072 2891 1152 Privwipiis
2919 1071 3133 1148 obsta;

667 1180 811 1243 hinc
858 1198 982 1244 non
1026 1178 1425 1243 inficiandum
1472 1179 1586 1254 est,
1634 1176 1836 1259 reipsa
1873 1175 2039 1240 haud
2086 1175 2389 1241 mediocre
2436 1194 2566 1239 esse
2612 1175 2844 1238 bonum
2893 1173 3133 1237 Ordinis

667 1284 889 1361 totius,
924 1283 1090 1366 quod
1136 1283 1199 1346 in
1247 1282 1546 1347 servanda
1595 1281 1972 1345 abstinentia
2019 1279 2266 1346 residet.

758 1385 1067 1462 Alterum,
1100 1384 1266 1467 quod
1297 1384 1431 1448 heic
1465 1383 1976 1461 animadvertam,
2009 1383 2166 1447 illud
2199 1386 2313 1461 est,
2348 1383 2650 1465 quosdam
2689 1382 3037 1464 scriptoreS‚
3070 1380 3132 1443 in

669 1487 786 1551 hac
809 1487 1229 1552 controversia
1261 1486 1578 1570 agitanda,
1611 1485 1771 1550 falso
1822 1485 2227 1564 existimasse,
2262 1483 2709 1549 Carthusianos
2742 1485 2890 1548 voto
2925 1482 3134 1565 aliquo

670 1588 748 1652 ad
796 1587 1099 1653 eiusmodi
1148 1587 1591 1652 abstinentiam
1639 1587 1964 1672 adstringi.
2004 1588 2198 1652 Porro
2231 1588 2340 1669 qui
2377 1587 2600 1651 melius
2632 1606 2728 1651 res
2776 1584 3135 1650 Carthusia-

668 1710 894 1755 norum
938 1690 1352 1774 inspexerunt,
1388 1692 1636 1764 norunt,
1685 1689 1930 1754 nullum
1963 1689 2036 1754 de
2067 1690 2185 1753 hac
2223 1709 2286 1754 re
2318 1690 2538 1754 votum
2582 1689 2734 1772 ipsis
2779 1688 2997 1764 inesse,
3032 1686 3133 1749 sed

668 1792 1060 1858 solummodo
1086 1796 1344 1867 statuta,
1378 1793 1440 1856 et
1472 1791 1720 1874 quidem
1754 1791 2100 1856 addendum
2133 1792 2247 1868 est,
2272 1795 2511 1855 statuta
2541 1791 2856 1873 quaelibet
2892 1788 3136 1853 Ordinis

668 1893 1072 1959 Carthusiani
1082 1914 1207 1975 per
1230 1913 1294 1958 se
1321 1893 1397 1958 ad
1422 1895 1666 1958 nullum
1692 1896 2014 1977 peccatum
2054 1894 2351 1978 obligare.
2379 1893 2517 1957 Per
2552 1914 2636 1971 se,
2672 1894 2948 1975 inquam,
2980 1891 3139 1955 idest

673 1998 737 2061 vi
784 1998 979 2078 ipsius
1015 1996 1200 2081 legis;
1258 2016 1398 2061 cum
1458 1997 1667 2060 tamen
1712 1997 1956 2060 ratione
2004 1995 2300 2060 materiae
2338 1995 2437 2058 vel
2468 1996 2707 2059 ratione
2746 1994 3138 2076 contemptus

673 2101 787 2163 aut
820 2098 1096 2163 scandali
1133 2099 1246 2162 aut
1277 2098 1544 2162 accidiae
1577 2100 1715 2176 etc.,
1757 2099 1939 2180 culpa
1979 2098 2188 2180 aliqua
2213 2098 2336 2162 -vix
2393 2098 2604 2162 abesse
2637 2116 2816 2180 saepe
2865 2096 2926 2160 in
2976 2096 3138 2159 eius-

673 2201 841 2266 modi
889 2201 1251 2285 regularum
1282 2200 1726 2265 violationibus
1760 2201 1978 2264 soleat.

762 2303 920 2368 Cum
969 2322 1116 2388 ergo
1166 2304 1243 2368 ob
1272 2323 1574 2388 magnum
1606 2304 1838 2368 bonum
1871 2322 2194 2368 commune
2230 2302 2417 2367 liceat
2463 2303 2820 2385 permittere
2871 2304 3135 2367 mortem

670 2407 771 2472 sui
802 2407 889 2488 (n.
920 2407 1128 2489 855.);
1164 2407 1581 2488 consequitur,
1615 2406 1797 2470 licere
1821 2404 2236 2470 Carthusiano
2263 2406 2568 2469 abstinere
2609 2406 2685 2469 ab
2717 2423 2828 2469 esu
2859 2405 3136 2468 carnium

672 2509 864 2573 etiam
901 2529 1043 2573 cum
1080 2509 1302 2575 mortis
1349 2508 1641 2592 periculo.

765 2613 997 2677 Verum
1030 2632 1079 2677 s.
1107 2612 1292 2696 Alph.
1327 2632 1387 2675 n.
1429 2613 1578 2675 370.
1614 2611 1949 2695 distinguit
1994 2631 2135 2676 cum
2168 2610 2467 2676 Sanchez:
2510 2637 2543 2670 «
2577 2609 2643 2675 Si
2678 2612 3007 2676 necessitas
3038 2629 3138 2673 ve-

671 2715 878 2779 scendi
926 2714 1010 2778 sit
1059 2714 1135 2777 ab
1181 2713 1534 2792 intrinsecO,
1586 2734 1643 2776 v.
1685 2735 1746 2798 g.
1797 2733 1868 2778 ex
1917 2714 2153 2791 morbo,
2195 2733 2265 2778 ex
2325 2733 2447 2797 quo
2494 2713 2726 2779 iudicio
2763 2714 3136 2779 medicorum

676 2817 1099 2881 convalescere
1147 2835 1267 2880 non
1316 2817 1518 2899 possit
1563 2816 1683 2880 nisi
1730 2835 1840 2881 esu
1886 2817 2185 2894 carnium,
2252 2818 2343 2880 ait
2406 2815 2694 2895 Sanchez‚
2759 2816 3138 2900 probabilius

672 2937 805 2982 esse
843 2937 985 2982 eum
1023 2937 1146 2982 non
1178 2918 1375 2982 teneri
1405 2918 1568 2981 vesci
1601 2918 1885 3000 (tametsi
1915 2919 2084 2983 licite
2126 2919 2380 3002 possit);
2422 2918 2568 3000 quia
2615 2919 2917 2983 morietur
2962 2920 3138 2982 natu-

672 3021 891 3085 raliter
920 3039 992 3084 ex
1041 3020 1277 3096 morb0,
1312 3020 1489 3084 cuius
1523 3020 1653 3102 ipse
1683 3039 1807 3084 non
1841 3022 1936 3084 est
1968 3040 2184 3084 causa:
2226 3021 2279 3084 si
2327 3040 2469 3085 vero
2519 3021 2602 3084 sit
2650 3021 2727 3085 ab
2775 3020 3131 3096 extrinseco,

674 3143 733 3185 v.
767 3143 827 3206 g.
864 3123 915 3185 si
965 3122 1041 3185 ob
1089 3122 1365 3204 inopiam
1414 3121 1679 3185 aliorum
1727 3122 2007 3186 ciborum
2054 3121 2215 3187 fame
2274 3123 2660 3187 moriendum
2714 3124 2894 3199 esset,
2944 3121 3134 3186 teneri

678 3223 875 3298 vesei3
918 3223 1065 3303 quia
1102 3241 1270 3287 mors
1295 3223 1425 3300 illa,
1467 3242 1607 3287 cum
1639 3224 1723 3286 sit
1756 3223 2049 3300 violenta,
2082 3223 2202 3306 ipsi
2248 3223 2666 3308 imputaretur
2713 3249 2773 3287 ».
2809 3223 2983 3304 Quod
3016 3242 3136 3287 eer-

680 3325 994 3389 tissimum
1020 3343 1149 3390 esse
1183 3326 1275 3390 ait
1304 3345 1352 3390 s.
1388 3325 1622 3390 Doctor
1655 3325 1769 3409 (a).

786 3469 891 3520 Vll.
919 3469 969 3520 5.
998 3466 1135 3521 Licet
1155 3482 1349 3520 carnem
1372 3465 1554 3529 vigiliis
1579 3472 1628 3519 et
1652 3466 1813 3520 inedia
1842 3469 2094 3522 moderate
2119 3469 2360 3533 affligere:
2388 3469 2469 3535 qui
2495 3479 2658 3523 autem
2696 3473 2959 3525 advertens
2984 3470 3130 3523 vitam

674 3552 737 3605 iis
773 3551 1053 3616 notabiliter
1091 3550 1258 3615 minui,
1304 3549 1616 3604 nibilominus
1653 3552 1978 3616 continuaret,
2013 3560 2238 3620 peccaret
2276 3554 2501 3619 graviter,
2544 3563 2595 3609 ut
2633 3561 2769 3610 notat
2807 3558 2975 3622 Laym.
3014 3559 3044 3609 Ι.
3083 3557 3129 3608 3.

676 3636 741 3690 de
770 3639 901 3690 lust.
928 3643 961 3687 t.
989 3638 1038 3688 3.
1067 3650 1114 3701 p.
1142 3638 1190 3688 3.
1222 3651 1264 3686 e.
1301 3637 1343 3688 t.
1371 3651 1416 3687 n.
1446 3637 1524 3690 15.
1553 3651 1612 3689 ex
1653 3636 1806 3691 Caiet.
1837 3636 1938 3690 Etsi
1977 3636 2056 3691 bie
2096 3637 2233 3691 multi
2271 3641 2334 3691 ob
2375 3641 2548 3692 bonam
2590 3642 2732 3693 fldem
2772 3648 2819 3693 et
2846 3644 3002 3694 zelum
3031 3642 3134 3694 Deo

675 3719 896 3786 placendi
936 3727 1250 3773 excusentur.
1294 3722 1356 3771 V.
1386 3722 1504 3774 Bon.
1532 3722 1579 3772 d.
1608 3724 1655 3774 2.
1685 3737 1731 3786 q.
1762 3725 1850 3776 ult.
1877 3738 1916 3776 s,
1947 3725 1995 3775 t.
2024 3738 2069 3789 p.
2096 3725 2147 3777 7.
2181 3737 2228 3775 n.
2262 3726 2311 3777 9.
2338 3724 2445 3778 Fin.
2474 3728 2502 3777 Ι.
2547 3740 2589 3778 c.
2627 3724 2683 3778 C.
2723 3727 2858 3791 Lugo
2897 3725 2963 3780 de
3005 3729 3132 3780 lust.

674 3809 723 3857 d.
756 3807 837 3855 40.
865 3810 984 3856 sect.
1018 3807 1061 3856 1.
1087 3818 1133 3856 n.
1163 3806 1246 3856 32.
1280 3806 1363 3857 33.
1392 3806 1476 3857 36.
1505 3813 1596 3858 etc.
1627 3806 1720 3859 Ubi
1756 3814 1887 3860 recte
1925 3813 2077 3871 notat,
2107 3807 2238 3861 aliud
2265 3822 2375 3862 esse
2413 3823 2677 3876 procurare
2714 3811 3131 3865 abbreviationem

674 3889 805 3941 vitae
832 3902 918 3940 seu
959 3895 1164 3940 mortem
1205 3888 1414 3954 positive
1453 3889 1547 3942 sibi
1585 3893 1787 3944 afferre:
1815 3891 1946 3945 aliud
1987 3892 2269 3957 permittere
2296 3897 2374 3947 vet
2404 3894 2672 3960 periculum
2711 3894 2818 3949 eius
2844 3895 3026 3959 subire,
3052 3899 3128 3950 vel

674 3987 768 4025 non
796 3971 1032 4024 adbibere
1060 3970 1215 4024 media
1242 3974 1301 4024 ad
1332 3975 1658 4027 avertendam.
1689 3975 1832 4027 Prius
1860 3974 1928 4027 ait
1953 3990 2062 4028 esse
2086 3977 2324 4041 illicitum,
2355 3994 2401 4031 v.
2427 3994 2499 4042 gr.
2530 3979 2840 4045 poenitentiis
2864 3979 3136 4035 indiscretis

780 4249 847 4299 (a)
877 4245 975 4290 Sed
1002 4257 1168 4289 nonne
1200 4250 1249 4287 et
1280 4247 1334 4287 in
1363 4244 1459 4288 hac
1486 4245 1757 4298 hypothesi
1787 4245 1927 4289 valet
1956 4247 2131 4291 eadem
2159 4251 2290 4294 ratio
2317 4251 2434 4295 boni
2473 4255 2784 4297 eommunis?
2813 4259 2969 4308 atquo
2995 4259 3135 4300 estne

676 4313 881 4356 evidens
907 4312 1176 4355 essentiale
1204 4311 1479 4354 discrimen
1508 4311 1645 4354 inter
1674 4311 1891 4366 priorem
1921 4316 1973 4356 et
2000 4314 2221 4358 alterum
2251 4330 2422 4362 casum
2439 4319 2461 4362 1>
2480 4319 2541 4363 In
2570 4320 2726 4374 priori
2754 4321 2945 4365 dieitur
2973 4335 3139 4366 mona-

678 4378 805 4420 chus
831 4378 961 4421 mori
990 4391 1052 4419 ex
1081 4379 1268 4430 morbo,
1298 4378 1444 4421 cuius
1473 4390 1573 4421 non
1603 4383 1679 4421 est
1708 4390 1889 4422 causa:
1921 4381 2008 4424 sed
2037 4387 2088 4425 et
2117 4383 2171 4426 in
2200 4384 2364 4429 altero
2393 4386 2609 4430 moritur
2647 4400 2708 4430 ex
2735 4387 2935 4432 defectu
2963 4401 3137 4433 eonve-

680 4445 871 4487 nie‘ntis
898 4444 1146 4497 alimenti,
1178 4446 1324 4488 euius
1354 4443 1579 4488 defectus
1608 4445 1713 4499 ipse
1743 4458 1843 4488 non
1873 4450 1948 4490 est
1977 4461 2146 4494 eausa.
2177 4450 2307 4501 Quid
2339 4453 2379 4496 si
2411 4454 2515 4508 ipse
2537 4465 2687 4498 eausa
2707 4453 2885 4498 fuisset
2912 4455 3007 4498 sibi
3026 4467 3140 4499 con·

678 4512 835 4552 tracti
866 4509 1056 4553 morbi?
1085 4513 1164 4554 An
1198 4524 1298 4554 non
1328 4511 1504 4554 liceret
1546 4512 1591 4553 ei
1635 4512 1963 4566 (poenitentia
2006 4518 2199 4571 peceati
2243 4521 2377 4573 acta)
2408 4520 2637 4574 regulam
2673 4521 2912 4566 servare?
2950 4522 3136 4566 Parum

678 4589 797 4630 ergo
825 4577 1051 4620 conferre
1081 4577 1286 4621 videtur
1314 4577 1467 4621 huius
1495 4579 1812 4623 causalitatis
1839 4581 2084 4627 absentia.
2115 4584 2174 4628 E.
