3497 5147
350 325 531 400 [1035]
774 337 858 378 Ais
897 335 1255 384 ALIQUANDO
1290 338 1515 380 121anoe
1551 323 1921 382 Panchaiam
1958 342 2392 384 ponnus-ronam
2712 327 2820 382 765

352 434 703 504 confitendi.
730 433 897 498 Nam
927 452 1049 498 non
1081 433 1300 499 alienis
1330 434 1437 498 sed
1468 436 1598 500 suis
1636 437 1930 516 tactibuS,
1962 439 2110 504 licet
2141 439 2203 503 in
2234 438 2526 514 alterum,
2559 438 2658 502 hic
2683 456 2819 520 pro·

352 539 600 605 curavit
630 536 1041 620 pollutionem
1088 537 1150 599 et
1181 536 1235 600 si
1265 554 1388 600 non
1420 538 1654 603 sufficit
1684 539 1882 605 dicere
1927 561 2023 604 me
2041 540 2272 620 pollui,
2322 540 2569 605 videtur
2606 558 2680 603 ea
2709 539 2822 603 cir·

350 641 731 707 cumstantia
777 639 1119 704 necessario
1159 639 1505 704 confitenda
1553 641 1880 708 discrimen
1928 644 2181 726 aliquod
2245 643 2574 709 essentiale
2608 643 2821 706 afferre

350 745 514 810 inter
551 744 668 809 hoc
698 744 1023 826 peccatum
1053 744 1117 806 et
1147 741 1491 825 simplicem
1523 744 1957 826 pollutionem.

445 844 804 910 Sodomiam
834 842 1156 908 infandum
1189 862 1320 908 esse
1351 845 1600 923 crimen,
1642 846 1851 928 prodit
1881 847 2088 930 ipsum
2129 867 2372 925 nomen,
2407 847 2574 930 quod
2606 847 2669 910 in
2701 863 2826 909 me-

359 946 624 1012 moriam
656 945 909 1010 revocat
937 945 1323 1028 punitionem
1356 964 1393 1009 a
1424 947 1555 1012 Deo
1586 947 1888 1013 inflictam
1913 948 2252 1015 Sodomitis
2282 951 2403 1015 hac
2433 950 2537 1014 lue
2559 946 2824 1012 infectis.

468 1092 677 1145 XXVII.
709 1091 759 1142 5.
788 1086 1087 1152 BestiatitaS,
1107 1090 1240 1155 qnod
1265 1094 1340 1143 est
1363 1089 1710 1154 gravissimum
1750 1091 1876 1144 inter
1911 1106 2082 1146 omnes
2119 1099 2168 1145 et
2204 1099 2281 1146 est
2311 1106 2621 1156 congressae,
2647 1091 2697 1143 in
2724 1103 2824 1155 qno

359 1192 456 1231 non
494 1183 719 1230 servatur
766 1172 996 1227 identitas
1033 1172 1215 1238 speciei
1253 1187 1301 1227 v.
1335 1189 1408 1238 gr.
1446 1173 1490 1228 si
1532 1178 1681 1229 homo
1719 1184 1862 1230 coeat
1899 1192 2010 1231 cum
2050 1177 2223 1241 bestia,
2265 1177 2371 1231 sive
2410 1176 2630 1232 eiusdem
2675 1188 2825 1228 sexus

360 1260 425 1315 sit
460 1260 567 1314 sive
606 1274 720 1313 non.
747 1259 913 1324 Neque
951 1272 1076 1323 opus
1112 1264 1187 1311 est
1224 1258 1489 1324 explicare,
1516 1258 1673 1326 quatis
1711 1259 1819 1315 sive
1844 1261 1986 1315 cuius
2015 1261 2197 1328 speciei
2237 1260 2401 1328 tuerit;
2430 1260 2542 1328 quia
2581 1266 2658 1313 est
2695 1258 2828 1312 ditte·

363 1345 515 1399 rentia
557 1352 742 1398 tantum
771 1341 1036 1395 materialis
1063 1341 1186 1395 etin
1212 1357 1389 1407 genere
1423 1343 1564 1406 entis,
1596 1359 1691 1398 non
1720 1353 1880 1399 autem
1910 1346 2126 1400 formalis
2152 1353 2200 1400 et
2226 1346 2275 1399 in
2301 1360 2480 1410 genere
2520 1344 2687 1398 moris.
2716 1347 2827 1397 Esc.

362 1443 405 1483 e.
436 1432 482 1481 2.
510 1444 555 1481 c.
584 1430 634 1480 6.
664 1427 767 1480 Fill.
799 1433 913 1479 tom.
944 1429 992 1479 2.
1019 1434 1053 1479 t.
1082 1429 1166 1480 30.
1194 1440 1236 1479 c.
1266 1426 1316 1479 7.
1345 1442 1392 1479 n.
1426 1429 1539 1480 131.
1572 1431 1677 1482 Huc
1704 1436 1969 1483 revocatur
2007 1437 2257 1497 peecatum
2283 1445 2394 1484 cum
2437 1431 2684 1482 Daemone
2723 1442 2828 1480 suc-

362 1516 504 1574 cubo,
532 1514 610 1564 vel
635 1510 830 1564 incubo.
858 1509 952 1565 Cui
976 1518 1177 1577 peccato
1205 1510 1552 1577 superadditur
1579 1512 1761 1565 malitia
1788 1521 1957 1567 contra
1985 1514 2271 1578 religionem
2318 1521 2368 1567 et
2405 1519 2655 1580 praeterea
2683 1511 2829 1565 etiam

365 1596 632 1660 sodomiae,
660 1594 886 1648 adulterii
922 1597 1002 1648 vet
1038 1594 1271 1658 incestus»,
1299 1595 1341 1649 si
1379 1599 1552 1649 affectu
1595 1597 1691 1650 viri
1719 1599 1799 1652 vel
1839 1598 2060 1652 mulieris
2087 1598 2397 1660 sodomitico,
2424 1597 2721 1659 adulterino,
2748 1599 2827 1649 vet

364 1681 644 1736 incestuoso
679 1694 792 1734 cum
832 1680 1082 1733 Daemone
1117 1686 1275 1733 coeat.
1304 1678 1433 1733 Vide
1473 1683 1590 1734 Bon.
1616 1680 1683 1736 de
1703 1681 1873 1737 Matr.
1896 1698 1944 1748 q.
1973 1683 2022 1736 4.
2049 1698 2096 1749 p.
2128 1685 2210 1736 ⁴2.
2237 1682 2345 1737 Fill.
2371 1697 2417 1736 n.
2449 1684 2570 1736 462.

458 1802 667 1878 1034.
703 1803 889 1870 Clara
919 1807 1031 1871 est.
1074 1805 1264 1870 Vides
1295 1806 1371 1870 A.
1420 1825 1542 1871 non
1590 1807 1789 1873 dicere
1823 1808 1988 1891 quod
2025 1828 2282 1892 peccans
2314 1828 2458 1873 cum
2498 1809 2833 1893 apparente

368 1910 680 1987 daemone,
731 1909 785 1974 si
830 1908 930 1973 hic
976 1909 1091 1974 sub
1140 1908 1339 1992 specie
1385 1927 1435 1973 e.
1487 1930 1547 1993 g.
1597 1911 1912 1976 coniuncti
1959 1913 2274 1995 appareat,
2323 1911 2533 1995 peccet
2578 1929 2647 1975 eo
2695 1910 2829 1993 ipso

370 2012 646 2077 affective
694 2012 1016 2095 peccatum
1060 2011 1333 2076 incestus
1379 2013 1442 2075 et
1488 2012 1580 2076 ita
1626 2031 1841 2094 porro:
1890 2013 1996 2078 sed
2033 2014 2251 2093 dicere,
2291 2014 2345 2079 si
2384 2014 2609 2078 affectu
2654 2014 2833 2077 coeat

370 2114 737 2190 adulterino,
791 2114 1164 2195 incestuoso,
1214 2113 1600 2191 sodomiticO,
1651 2133 1900 2197 peccare
1948 2118 2095 2181 tunc
2141 2117 2461 2199 praeterea
2505 2116 2829 2198 peccatum

371 2215 680 2288 adulterii,
729 2216 1001 2280 incestus
1047 2216 1161 2279 etc.
1202 2213 1380 2294 Quod
1425 2216 1672 2298 quidem
1723 2217 2197 2302 intelligendum
2243 2220 2359 2295 est,
2401 2218 2475 2280 ut
2513 2217 2707 2299 patet,
2757 2215 2832 2278 de

371 2320 621 2402 peccato
654 2319 717 2382 in
755 2318 998 2395 affectu,
1031 2336 1154 2382 non
1184 2317 1250 2382 in
1282 2319 1520 2384 effectu.

461 2420 667 2485 Huius
700 2422 912 2485 autem
948 2419 1287 2485 diabolicae
1319 2422 1695 2504 operationis
1726 2422 2108 2506 possibilitas
2145 2421 2223 2486 iis
2254 2420 2407 2505 ipsis
2441 2419 2832 2504 argumentis

371 2523 852 2602 demonstratur,
893 2541 1051 2606 quae
1097 2523 1524 2588 demonstrant
1569 2526 1948 2608 potestatem
1994 2524 2311 2589 daemonis
2360 2523 2426 2587 in
2471 2522 2833 2586 materiam:

373 2626 539 2690 facta
571 2646 713 2690 vero
746 2628 866 2690 huc
895 2627 1240 2709 spectantia
1270 2627 1532 2691 historia
1565 2628 1791 2692 veteris
1839 2628 2231 2693 idololatriae
2278 2625 2641 2710 suppeditat
2686 2628 2749 2690 et
2795 2644 2835 2689 a

373 2747 534 2793 nova
564 2747 726 2793 nunc
757 2730 1053 2813 regnante
1085 2728 1523 2811 superstitione
1554 2732 1701 2794 sunt
1732 2730 2008 2813 profecto
2041 2729 2345 2795 timenda.

1446 2973 1609 3037 DUB.
1652 2972 1762 3037 IV.

822 3128 938 3194 An
970 3127 1314 3211 aliquando
1359 3126 1546 3193 liceat
1579 3147 1929 3211 procurare
1957 3128 2394 3209 pollutionem.

483 3326 713 3380 XXVlll.
752 3327 901 3390 Resp.
941 3320 1247 3377 Auctoritate
1297 3319 1598 3387 scripturae,
1635 3335 1766 3386 quae
1817 3321 1990 3374 molles
2042 3334 2069 3372 a
2124 3334 2276 3384 regno
2324 3321 2579 3374 coelorum
2623 3320 2842 3375 excludit

381 3414 429 3464 t.
452 3410 568 3465 Cor.
602 3412 685 3464 vt.
713 3412 763 3462 9.
794 3410 971 3461 docent
1006 3420 1193 3469 omneS,
1233 3406 1368 3458 nullo
1407 3419 1524 3458 casu
1562 3403 1751 3458 licitum
1790 3419 1898 3457 esse
1937 3404 2190 3458 intendere
2233 3404 2308 3455 vel
2349 3418 2617 3469 procurare
2655 3405 2843 3459 directe

378 3494 647 3558 moltitiem,
677 3508 736 3547 ne
761 3506 906 3546 causa
931 3488 1127 3556 quidem
1152 3487 1374 3541 sanitatis
1400 3503 1454 3542 ac
1483 3488 1709 3541 vitandae
1735 3487 1857 3540 alias
1898 3492 2059 3540 certae
2087 3485 2278 3540 mortis·
2304 3488 2514 3542 Causam
2543 3489 2625 3540 dat
2665 3490 2843 3542 Sanch.

381 3580 414 3631 l.
442 3580 490 3629 9.
519 3580 566 3630 (Ι.
598 3578 677 3630 ⁴7.
704 3578 837 3642 quod
864 3581 1033 3627 natura
1072 3568 1543 3626 administrationem
1582 3570 1797 3635 seminis,
1822 3575 1960 3624 extra
1999 3569 2380 3636 matrimonium,
2408 3569 2456 3623 in
2485 3570 2618 3624 omni
2645 3579 2844 3636 eventu,

382 3659 568 3714 homini
602 3659 870 3725 denegarit,
895 3673 955 3712 eo
991 3659 1124 3725 qnod
1163 3659 1287 3711 adeo
1324 3660 1590 3710 vehemens
1629 3655 1690 3708 sit
1724 3654 1775 3708 in
1815 3669 1872 3709 ea
1899 3668 1955 3708 re
1992 3669 2168 3708 sensus
2204 3654 2492 3721 voluptatis,
2529 3661 2584 3708 nt
2621 3654 2846 3707 homines

382 3744 609 3811 passione
647 3742 899 3798 excaecati
935 3742 1116 3809 passim
1150 3740 1246 3796 sibi
1285 3740 1425 3795 tacite
1458 3742 1833 3807 persuaderent,
1867 3741 2055 3793 habere
2093 3754 2146 3793 se
2182 3738 2362 3792 iustam
2399 3752 2597 3792 causam
2621 3736 2851 3792 irritandi

383 3827 599 3892 seminis,
641 3830 770 3882 unde
808 3827 1015 3894 plurima
1052 3826 1436 3893 gravissimaque
1475 3823 1595 3878 vitia
1634 3830 1805 3879 eontra
1844 3826 2024 3877 bonnm
2061 3836 2319 3876 commune
2359 3828 2409 3877 et
2445 3822 2495 3876 in
2534 3821 2852 3890 impeditione

381 3911 712 3980 generationis
747 3917 1069 3977 emergerent.
1095 3908 1226 3966 ¹'Hie
1263 3919 1376 3965 nota
1416 3913 1620 3977 Propos.
1653 3908 1734 3962 49.
1775 3910 2049 3962 damnatam
2089 3911 2150 3960 ab
2191 3908 2353 3960 innoc.
2395 3908 2460 3962 X.
2485 3904 2653 3961 *Natu
2694 3924 2737 3961 c.
2771 3909 2853 3961 16.

385 4001 520 4053 Less.
551 4006 599 4051 et
636 4012 813 4051 comm.

479 4122 687 4197 1035.
737 4124 1128 4189 Advertenda
1173 4123 1445 4206 primum
1490 4141 1664 4207 prop.
1716 4121 1822 4185 49.
1875 4120 2171 4185 damnata
2205 4120 2288 4184 ab
2337 4118 2701 4185 Innocentio
2739 4117 2858 4183 XI.

395 4256 430 4291 «
461 4229 763 4296 Mollities
793 4227 927 4292 iure
949 4227 1211 4291 naturae
1247 4225 1562 4309 prohibita
1591 4243 1717 4289 non
1752 4225 1886 4289 est:
1923 4222 2103 4301 unde,
2145 4221 2200 4287 si
2231 4222 2398 4287 Deus
2434 4240 2571 4285 eam
2618 4239 2741 4286 non
2771 4221 2862 4285 in·

388 4333 756 4409 tei-dixisset,
797 4349 978 4413 saepe
1030 4329 1193 4394 esset
1245 4328 1408 4392 bona
1454 4329 1518 4391 et
1555 4326 1890 4409 aliquando
1931 4324 2311 4410 obligatoria
2344 4325 2460 4390 sub
2505 4323 2761 4389 mortali
2794 4348 2859 4389 ».

391 4435 699 4516 Quoniam
751 4434 826 4499 A.
884 4433 964 4499 ad
998 4429 1547 4498 demonstrandum
1591 4430 1725 4495 iure
1771 4432 2033 4495 naturae
2048 4428 2237 4493 nullo
2273 4446 2551 4510 unquam
2596 4427 2661 4491 in
2707 4446 2856 4493 casu

390 4538 571 4604 licere
594 4557 923 4622 procurare
954 4536 1182 4601 directe
1219 4532 1567 4611 mollitiem,
1602 4534 1901 4615 provocat
1925 4531 2003 4597 ad
2036 4530 2327 4608 Sanchez,
2355 4530 2636 4613 praestat
2667 4530 2856 4594 verba
