3497 5147
763 377 873 430 400
1064 391 1275 430 TRAc‘r.
1308 391 1385 431 vi.
1415 390 1575 431 sssc‘r.
1606 390 1670 429 11.
1698 389 1783 429 ms
1814 388 2095 431 SECUNDO
2124 388 2341 430 PRAEC.
2367 387 2698 429 mrcaLom.
2725 388 2858 428 CAP.
2888 389 2927 428 1.
3088 378 3205 446 [5211

763 487 901 551 dem
923 489 1197 564 actuum,
1224 487 1329 553 sed
1363 507 1434 551 ex
1466 488 1850 571 praevisione
1877 485 2166 571 prudenti
2192 486 2433 568 pendet.
2456 487 2546 550 De
2579 486 2805 568 quibus
2838 486 2990 550 bene
3012 487 3201 573 Laym.

761 590 876 655 loc.
912 590 1016 655 cit.
1054 591 1149 656 ab.
1189 590 1264 655 A.
1299 591 1404 654 lib.
1447 593 1502 655 1.
1539 595 1617 656 tr.
1658 593 1715 655 1.
1752 611 1883 675 cap.
1927 591 2083 654 3.11.
2120 589 2179 652 6.

852 694 937 757 Α1
975 713 1281 775 quaenam
1329 695 1423 757 est
1455 693 1578 758 ista
1610 713 1800 758 causa
1838 694 1902 756 in
1934 713 2058 774 qua
2091 692 2266 758 adest
2311 696 2566 758 reatus?
2613 691 2773 758 Sunt
2820 693 2956 758 DD.
3006 696 3108 777 qui
3134 715 3204 759 re-

760 799 1019 860 currunt
1059 797 1135 859 ad
1169 797 1472 880 originem
1511 795 1976 861 consuetudinis
2025 795 2455 880 duplicemque
2504 815 2612 860 seu
2662 798 3074 880 aggravatam
3100 817 3204 861 ma-

759 898 963 962 litiam
1012 899 1326 981 reperiunt
1375 898 1434 962 in
1477 898 1864 981 praecedenti
1914 900 2168 962 actuum
2219 898 2735 980 frequentatione,
2786 917 2858 962 ex
2918 918 3042 981 qua
3090 919 3204 964 con-

760 1000 1023 1065 suetudo
1073 1001 1351 1065 inolevit.
1387 1002 1486 1065 Ita
1534 1001 1856 1085 Laymann
1881 1003 1923 1065 l.
1966 1022 2039 1078 c.,
2075 1001 2182 1082 qui
2215 1005 2425 1064 tamen
2464 1001 2616 1065 scite
2652 1002 2887 1074 monet,
2922 1019 3075 1084 opus
3097 1022 3204 1067 esse

761 1103 838 1166 ad
877 1102 1012 1181 hoc,
1052 1107 1126 1168 111
1172 1104 1311 1186 (11113
1343 1104 1492 1168 (111111
1525 1104 1916 1187 blasphemat
1949 1105 2042 1167 vel
2084 1104 2336 1187 peierat,
2374 1102 2678 1180 advertat,
2713 1122 2821 1186 per
2851 1102 2916 1167 id
2953 1104 3069 1168 sibi
3090 1125 3204 1169 eam

760 1206 1269 1270 consuetudinem
1308 1205 1674 1291 ingenerari.
1725 1204 1842 1270 Sed
1890 1207 2071 1289 plane
2118 1205 2438 1269 dicamus:
2487 1205 2552 1268 in
2597 1205 2770 1288 praxi
2821 1205 2921 1268 vix
2968 1206 3206 1288 reperies

759 1307 1039 1372 homines
1088 1309 1163 1371 ad
1212 1309 1327 1373 hoc
1376 1309 1712 1382 advertere,
1786 1308 2150 1392 praesertim
2198 1308 2250 1371 si
2299 1327 2333 1371 a
2382 1307 2589 1390 pueris
2649 1306 2991 1390 inceperint
3031 1327 3206 1389 neque

761 1410 815 1473 si
840 1411 1187 1486 advertant,
1214 1412 1444 1476 habent
1478 1413 1868 1494 propositum
1901 1412 1992 1475 ita
2017 1410 2448 1492 frequentandi
2487 1411 2718 1485 actum,
2746 1411 2821 1473 ut
2844 1409 3205 1475 consuetudo

761 1512 1111 1591 inducatur,
1153 1514 1256 1578 sed
1288 1514 1406 1578 sibi
1438 1515 1828 1597 pollicentur,
1864 1514 2020 1577 alias
2059 1533 2121 1576 se
2153 1533 2274 1576 non
2307 1511 2868 1595 blasphematuros.

849 1616 935 1680 At
972 1636 1043 1681 eo
1075 1619 1254 1682 reatu
1280 1617 1615 1692 deficiente,
1655 1635 1779 1680 non
1813 1616 2018 1680 deficit
2061 1617 2235 1692 alter,
2272 1616 2379 1697 qui
2418 1614 2704 1679 consistit
2749 1614 2814 1678 in
2846 1614 3208 1699 negligentia

760 1719 1017 1784 tollendi
1066 1740 1204 1784 eam
1250 1719 1787 1795 consuetudinem;
1851 1719 2011 1783 unde
2061 1721 2237 1783 actus
2285 1717 2585 1781 indirecte
2655 1718 2806 1780 sunt
2865 1718 3205 1794 voluntarii,

760 1822 922 1886 sicut
956 1824 1103 1886 sunt
1136 1841 1345 1886 omnes
1385 1822 1636 1886 effectus
1671 1821 2022 1886 omissionis
2076 1820 2253 1885 nobis
2301 1819 2712 1897 voluntariae,
2747 1839 2891 1884 cum
2923 1821 3058 1885 scil.
3103 1840 3206 1885 non

760 1924 1043 1988 tollimus
1076 1944 1348 2001 causam,
1387 1925 1462 1988 ad
1495 1944 1683 2006 quam
1726 1924 2064 1988 tollendam
2113 1925 2415 1987 tenemur.
2447 1923 2529 1986 Et
2560 1921 2648 1986 sic
2685 1924 2880 2005 patet,
2915 1923 3207 2006 quomodo

760 2025 1223 2089 consuetudinis
1272 2027 1665 2090 voluntarius
1713 2026 1834 2090 dici
1881 2028 2078 2110 possit
2125 2028 2353 2101 reatus,
2399 2025 2647 2089 etiamsi
2693 2024 2963 2090 defuerit
3025 2025 3211 2090 adver-

760 2128 958 2192 tentia
1008 2148 1077 2191 ac
1126 2131 1336 2193 reatus
1384 2130 1665 2212 specialis
1704 2130 1767 2193 in
1803 2130 1935 2212 ipsa
1969 2127 2411 2193 consuetudine
2443 2126 2883 2191 contrahenda.

849 2226 1007 2300 521.
1048 2228 1291 2295 Statuit
1327 2231 1463 2295 dein
1510 2232 1608 2308 A„
1635 2231 1978 2314 aliquando
2009 2230 2424 2315 blasphemias
2457 2249 2568 2295 seu
2597 2229 2952 2294 iuramenta
2986 2232 3212 2313 prolata

756 2352 829 2395 ex
866 2333 1330 2411 consuetudine,
1365 2354 1400 2398 a
1440 2337 1689 2416 peccato
1722 2334 2020 2398 excusari.
2049 2334 2218 2398 Dicit
2250 2335 2462 2397 autem
2493 2329 2837 2412 aliquando
2850 2353 2874 2408 ,·
2901 2333 3052 2415 quia
3084 2351 3208 2396 con·

755 2435 1019 2500 suetudo
1068 2455 1187 2500 non
1237 2436 1446 2513 efficit,
1490 2439 1561 2501 ut
1599 2456 1810 2502 omnes
1837 2438 2012 2499 actus
2046 2436 2171 2500 sint
2202 2453 2454 2518 prorsus
2485 2432 2897 2499 indeliberati.
2925 2432 2994 2499 Si
3018 2437 3212 2500 autem

756 2540 901 2602 sunt
951 2539 1161 2624 aliquo
1200 2539 1384 2604 modo
1426 2538 1769 2613 deliberati,
1805 2559 1914 2603 seu
1962 2558 2103 2602 cum
2139 2535 2524 2603 advertentia
2556 2536 2765 2620 positi,
2799 2535 2931 2602 iam
2981 2539 3210 2602 reatum

754 2642 985 2707 habent
1013 2644 1076 2707 in
1109 2664 1191 2710 se.

844 2746 1102 2825 Quando
1144 2750 1353 2811 autem
1387 2747 1568 2830 plane
1592 2748 1740 2811 sunt
1776 2746 1838 2809 in
1879 2765 1942 2810 se
1979 2746 2388 2823 indeliberati,
2429 2748 2579 2810 tunc
2609 2764 2648 2809 a
2678 2746 2932 2828 peccato
2966 2748 3214 2829 possunt

754 2850 1051 2926 excusari,
1093 2851 1144 2913 si
1169 2869 1385 2933 nempe
1417 2850 1555 2931 quis
1586 2851 1845 2913 conetur
1875 2849 2033 2912 serio
2066 2847 2575 2912 consuetudinem
2613 2847 2873 2911 auferre.
2890 2847 3086 2912 Ratio
3110 2850 3213 2917 est,

754 2953 901 3033 quja
949 2953 1019 3015 in
1064 2972 1129 3015 se
1160 2971 1282 3016 non
1329 2952 1560 3016 habent
1604 2953 1870 3028 reatum,
1921 2950 2025 3015 sed
2074 2952 2277 3014 solum
2325 2951 2588 3033 possunt
2633 2949 2860 3014 habere
2896 2950 2967 3014 in
3014 2969 3210 3016 causa.

751 3053 945 3118 Porro
974 3054 1026 3118 si
1072 3073 1260 3118 causa
1293 3054 1670 3137 intelligitur
1708 3054 1972 3136 pristina
2003 3054 2419 3135 frequentatio
2468 3054 2744 3130 actuum,
2779 3052 2945 3118 unde
2977 3072 3219 3119 consue-

753 3155 905 3219 tudo
954 3158 1048 3219 est
1086 3155 1359 3232 inducta,
1402 3155 1499 3218 hic
1531 3156 1743 3218 reatus
1785 3176 1891 3238 per
1926 3156 2433 3220 retractationem
2474 3155 2601 3219 iam
2658 3155 2952 3221 sublatus
2997 3158 3109 3221 est.
3159 3153 3221 3219 Si

752 3275 896 3320 vero
935 3257 1312 3340 intelligitur
1343 3275 1531 3321 causa
1568 3256 1893 3335 indirecta,
1946 3259 2094 3322 haec
2130 3259 2338 3334 abest;
2374 3258 2522 3340 quia
2568 3259 2983 3341 supponimus
3029 3259 3223 3324 homi-

752 3377 891 3422 nem
923 3359 1082 3423 serio
1121 3361 1446 3424 conantem
1478 3361 1553 3423 ut
1585 3360 2019 3425 consuetudini
2061 3360 2344 3425 obsistat.

841 3461 922 3525 Et
954 3462 1104 3526 haec
1142 3462 1389 3545 quidem
1439 3463 1782 3545 poenitenti
1832 3465 1978 3527 sunt
2023 3462 2423 3539 inculcanda3
2475 3462 2701 3546 quippe
2747 3482 3056 3548 magnum
3102 3463 3228 3529 ani-

750 3585 922 3629 mum
959 3565 1178 3630 addere
1217 3566 1418 3630 solent
1468 3566 1543 3629 ad
1598 3566 1936 3630 curandam
1994 3566 2132 3630 vitii
2190 3564 2696 3648 exstirpationem
2749 3584 2950 3649 neque
2994 3566 3227 3650 impru-

748 3669 961 3733 denter
992 3670 1427 3751 relinquendus
1462 3671 1779 3753 poenitens
1813 3671 1874 3733 in
1900 3670 2066 3733 mala
2099 3669 2236 3745 fide,
2273 3669 2450 3751 quasi
2476 3671 2704 3752 peccet,
2730 3669 2837 3733 ubi
2861 3690 3078 3736 revera
3103 3690 3224 3735 non

748 3774 988 3853 peceat:
1029 3772 1129 3835 hic
1178 3773 1344 3836 zelus
1383 3774 1477 3836 est
1524 3771 1912 3850 indiscretuS,
1965 3773 2071 3853 qui
2127 3775 2313 3855 putat
2351 3791 2413 3836 se
2447 3770 2787 3836 remedium
2829 3772 2920 3837 sic
2951 3774 3219 3847 auferre3

750 3874 816 3935 at
864 3873 925 3936 id
960 3877 1054 3937 est
1105 3876 1319 3938 contra
1366 3895 1619 3959 gravem
1661 3876 2107 3959 obligationem
2154 3874 2530 3952 confessarii,
2564 3875 2672 3957 qui
2710 3876 2963 3939 tenetur
3008 3876 3222 3940 docere

748 3978 811 4040 et
850 3995 1116 4055 monere,
1150 3977 1397 4059 quando
1421 3978 1672 4043 omissio
1698 3978 1861 4042 cedit
1893 3979 1952 4041 in
1980 3978 2276 4042 damnum
2308 3977 2633 4062 spirituale
2670 3977 3063 4060 poenitentis.

837 4076 1015 4150 522.
1059 4078 1118 4144 S.
1160 4081 1344 4164 Alph.
1387 4103 1444 4146 11.
1486 4083 1630 4145 127.
1667 4102 1789 4146 11011
1825 4081 2207 4163 acquiescere
2246 4080 2492 4146 videtur
2537 4080 2883 4146 dicentibus
2930 4101 3070 4147 cum
3114 4080 3210 4151 A„

748 4183 1080 4265 aliquando
1130 4203 1200 4248 ex
1250 4185 1485 4268 impetu
1534 4185 1661 4249 irae
1695 4185 1793 4249 vel
1841 4185 1902 4248 vi
1951 4185 2205 4248 habitus
2254 4183 2558 4248 contracti
2595 4200 2718 4248 non
2751 4182 2994 4249 adverti
3037 4180 3210 4247 mali·

744 4287 901 4349 tiam
934 4287 1354 4369 blasphemiae
1402 4289 1466 4351 et
1511 4292 1718 4353 censet
1766 4308 1907 4353 cum
1955 4289 2246 4365 Auctore,
2283 4290 2355 4352 ut
2384 4286 2609 4369 inquit,
2650 4284 2898 4370 Operis:
2932 4312 2966 4345 α
3011 4284 3203 4349 Istru-

744 4388 920 4450 0φόηο
954 4390 1066 4468 pei
1110 4389 1339 4452 novelli-
1390 4391 1746 4470 confessori,
1808 4410 2046 4474 semper
2118 4391 2328 4455 adesse
2393 4390 2669 4472 aliquam
2738 4387 3196 4455 advertentiam.

744 4489 966 4554 saltem
1015 4490 1337 4554 confusam
1371 4491 1443 4555 de
1474 4494 1741 4567 malitia,
1777 4494 1925 4558 licet
1965 4513 2084 4558 non
2121 4494 2205 4557 sit
2239 4491 2483 4557 reflexa.

834 4592 957 4657 Ubi
988 4593 1105 4656 hoc
1152 4592 1320 4658 dicat
1358 4593 1595 4660 Auctor
1642 4616 1677 4659 a
1727 4616 1774 4659 S.
1813 4596 1992 4660 Doct.
2035 4597 2285 4672 01131113,
2321 4596 2584 4678 reperire
2623 4612 2745 4660 non
2792 4594 2986 4678 potui.
3018 4586 3200 4671 Quid-
