3497 5147
660 301 771 354 648
885 314 1099 354 macr.
1130 314 1210 355 vr.
1236 313 1398 354 sacr.
1428 314 1482 354 v.
1508 314 1595 353 mn
1620 313 1847 361 Qumro
1874 312 2092 354 Pnauc.
2118 312 2446 354 nncuoor.
2475 312 2608 353 cn».
2636 315 2676 354 1.
2702 314 2845 354 nun.
2870 313 2910 353 1.
2986 297 3134 375 [873]

660 411 944 475 cessisset
983 410 1279 492 Iosephus
1313 410 1450 492 (seu
1483 410 1611 492 ipse
1645 409 1938 492 scriptor)
1967 429 2038 474 ex
2068 410 2225 493 lege,
2255 410 2327 474 ut
2361 409 2622 473 alteram
2655 409 2904 474 sibimet
2935 408 3137 474 Clitus

658 513 1054 595 praecideret,
1091 512 1312 578 educto
1347 513 1452 576 ille
1484 513 1734 577 dextera
1767 512 1978 596 gladio
2012 512 2254 575 laevam
2294 512 2413 576 sibi
2447 511 2797 575 abscidit».

748 615 1046 695 Quamvis
1082 635 1225 681 vero
1260 616 1405 693 sint,
1442 616 1551 697 qui
1582 615 1824 693 illicita,
1861 615 1957 679 sin
1990 615 2195 678 minus
2242 614 2392 679 haec
2441 614 2670 692 omnia,
2706 615 2774 677 at
2810 617 3131 693 nonnulla,

654 716 869 781 dicunt
894 716 1278 800 probabilius
1313 735 1479 793 esse3
1509 718 1719 780 tamen
1753 716 1927 780 iuxta
1962 716 2118 781 alios
2152 718 2234 794 et,
2271 714 2345 779 ut
2375 715 2640 793 videtur,
2668 715 2848 798 plane
2880 718 3128 795 rectius,

660 819 811 883 haec
850 818 1059 883 omnia
1096 819 1269 884 licita
1304 819 1649 883 censentur.

747 922 837 986 Ac
874 921 1073 1003 primo
1108 920 1356 1002 quidem
1390 921 1440 983 si
1474 920 1546 985 de
1579 922 1720 1004 igne
1760 919 2053 1004 fugiendo
2106 922 2352 1003 agatur,
2394 939 2503 982 cur
2541 921 2827 984 amittere
2866 940 2986 985 non
3027 941 3131 1005 po-

654 1023 806 1087 terit
838 1043 1093 1087 manum
1126 1024 1250 1101 ille,
1286 1023 1387 1086 cui
1419 1022 1685 1086 facultas
1718 1022 1811 1098 fit,
1848 1025 1919 1086 ut
1959 1041 2021 1085 se
2060 1022 2457 1105 praecipitem
2507 1021 2610 1085 det
2648 1023 2712 1086 et
2742 1022 3128 1105 periclitetur

654 1144 776 1189 non
812 1126 995 1191 modo
1028 1126 1296 1189 brachiis
1329 1126 1390 1189 et
1423 1126 1697 1204 auribuS,
1733 1124 1838 1189 sed
1871 1126 2004 1207 ipso
2038 1126 2239 1209 capite
2273 1127 2336 1189 et
2367 1124 2546 1189 vita?

750 1228 911 1292 Hinc
949 1247 1093 1292 vero
1133 1227 1209 1290 ad
1244 1247 1386 1292 eum
1435 1230 1845 1305 transeamuS,
1881 1228 1986 1309 qui
2036 1228 2302 1292 mortem
2350 1225 2770 1310 praestolatur
2805 1246 2838 1290 a
2873 1227 3126 1294 latroni-

662 1331 796 1395 bus.
829 1330 1027 1395 Nemo
1076 1330 1349 1414 negabit,
1384 1348 1562 1412 posse
1610 1349 1764 1393 eum
1800 1329 1888 1393 sic
1934 1329 2166 1414 fugere,
2203 1330 2256 1392 si
2305 1329 2377 1393 de
2426 1329 2571 1394 feris
2619 1349 2818 1394 sermo
2868 1334 3047 1409 esset,
3088 1353 3124 1396 a

657 1434 883 1515 quibus
917 1435 1078 1497 esset
1110 1432 1535 1509 dilaniandus;
1576 1451 1685 1495 cur
1717 1432 1880 1495 idem
1927 1450 2046 1495 non
2096 1432 2346 1516 poterit,
2381 1452 2524 1495 cum
2573 1433 2802 1516 agatur
2834 1432 2905 1496 de
2938 1434 3127 1499 latro-

655 1537 838 1600 nibus
872 1538 984 1599 aut
1016 1536 1088 1600 de
1120 1538 1434 1619 tyranno?

746 1633 920 1707 873.
972 1638 1043 1701 111
1091 1637 1257 1702 hisce
1304 1656 1486 1720 porro
1535 1637 1781 1701 casibus
1829 1636 2147 1700 mutilatio
2196 1636 2444 1720 proprio
2493 1638 2692 1700 marte
2739 1636 2995 1721 eligitur
3040 1638 3115 1701 ad

653 1740 910 1825 gravius
947 1739 1187 1803 malum
1234 1759 1343 1804 seu
1382 1739 1825 1804 detrimentum
1873 1739 2070 1802 totius
2118 1738 2497 1802 evitandum.
2533 1739 2729 1821 Atqui
2776 1739 2830 1803 si
2869 1739 3124 1824 eligitur

651 1843 840 1917 licite,
870 1862 979 1907 cur
1002 1861 1123 1906 non
1156 1842 1325 1907 licite
1349 1842 1634 1926 rogasset
1657 1840 1882 1918 Clitus,
1901 1843 1976 1906 ut
2001 1842 2262 1905 alteram
2285 1861 2543 1906 manum
2567 1844 2882 1907 servaret?
2904 1842 3121 1908 Nonne

651 1945 781 2027 ipse
816 1944 877 2007 id
909 1944 1105 2028 eligit,
1143 1944 1219 2007 ad
1257 1945 1461 2008 maius
1493 1945 1728 2008 malum
1764 1943 2135 2008 vitandum?

741 2045 1085 2109 Discrimen
1118 2047 1183 2109 in
1215 2064 1284 2110 eo
1321 2050 1434 2123 est,
1469 2046 1635 2128 quod
1668 2047 1729 2110 in
1763 2046 2070 2129 prioribus
2103 2046 2348 2110 casibus
2378 2047 2509 2129 ipse
2541 2046 2712 2111 solus
2745 2046 2863 2111 sim
2904 2049 3120 2113 auctor

648 2149 821 2212 illius
854 2148 1114 2225 consilii,
1151 2150 1225 2212 ut
1271 2150 1474 2213 maius
1523 2150 1762 2213 malum
1800 2149 2102 2226 devitem,
2143 2149 2206 2212 in
2256 2150 2451 2214 altero
2492 2151 2703 2214 autem
2750 2170 2898 2214 casu
2948 2151 3116 2233 optio

648 2251 800 2315 mihi
852 2252 929 2315 ab
977 2252 1172 2316 altero
1212 2252 1412 2316 detur.
1454 2251 1647 2333 Atqui
1697 2252 1848 2315 haec
1895 2252 2362 2316 circumstantia
2411 2252 2590 2335 plane
2637 2254 2732 2317 est
2778 2254 3113 2318 extrinseca

647 2355 1032 2435 quaestioni:
1060 2355 1121 2418 111
1155 2356 1422 2435 utroque
1455 2355 1619 2417 enim
1651 2373 1800 2418 casu
1833 2354 1895 2417 in
1930 2373 1998 2417 ea
2039 2354 2389 2418 conditione
2421 2374 2651 2432 versor,
2679 2356 2753 2419 ut
2779 2375 2815 2419 a
2839 2356 3110 2440 graviori

648 2457 815 2520 malo
850 2476 947 2520 me
995 2456 1256 2520 liberare
1303 2475 1424 2519 non
1464 2456 1716 2537 possim,
1753 2456 1870 2518 nisi
1919 2456 2123 2520 minus
2162 2457 2400 2520 malum
2446 2458 2665 2540 sponte
2703 2458 2947 2542 eligam,
2982 2459 3112 2522 sive

645 2557 895 2623 demum
934 2558 995 2622 in
1031 2557 1357 2640 angustias
1390 2556 1570 2620 hasce
1603 2576 1700 2619 me
1740 2576 1894 2633 sorS,
1921 2557 2049 2622 sive
2083 2558 2341 2623 alterius
2374 2558 2619 2624 malitia
2656 2558 2997 2625 coniecerit.
3024 2559 3113 2624 At

645 2661 924 2743 nunquid
950 2661 1047 2724 ius
1086 2660 1221 2724 ideo
1263 2660 1487 2724 amitto
1520 2661 1941 2741 procurandae
1966 2663 2190 2726 salutis
2222 2683 2393 2727 meae
2426 2684 2533 2746 per
2571 2664 2931 2729 electionem
2961 2665 3113 2729 mali

642 2763 920 2839 minoriS,
947 2761 1096 2843 quia
1136 2762 1469 2826 necessitas
1496 2763 1645 2826 haec
1671 2763 1880 2845 potius
1906 2783 2096 2846 quam
2129 2784 2164 2827 a
2192 2784 2378 2829 causa
2407 2767 2681 2831 naturali
2705 2767 3113 2850 proficiscitur

641 2883 673 2925 a
716 2883 905 2927 causa
941 2863 1187 2927 libera?

728 2964 833 3042 At,
862 2965 1171 3047 inquiunt,
1200 2967 1316 3031 hoc
1349 2968 1444 3031 est
1467 2968 1786 3050 cooperari
1819 2970 2069 3050 peccato
2104 2967 2551 3052 tyranni:'cum
2576 2971 2739 3034 enim
2770 2973 3109 3055 praecipiat

640 3066 700 3129 id
748 3067 865 3131 tibi
914 3068 1072 3131 alter
1117 3067 1354 3146 illicite,
1413 3088 1532 3133 non
1589 3072 1767 3152 potes
1817 3070 2079 3144 obedire,
2124 3071 2242 3134 nisi
2291 3073 2671 3155 cooperando
2722 3077 2909 3156 atque
2956 3075 3105 3140 adeo

638 3189 870 3252 peccas.
904 3170 990 3234 At
1039 3171 1155 3235 hoc
1201 3172 1297 3235 est
1342 3172 1677 3254 sophisma.
1720 3172 1862 3236 Non
1910 3172 2071 3235 enim
2120 3174 2194 3236 ut
2244 3175 2526 3240 obediam
2559 3178 2846 3260 tyranno,
2881 3177 2986 3242 sed
3034 3180 3107 3242 ut

636 3271 829 3334 vitem
862 3272 1099 3336 malum
1138 3273 1360 3349 maiuS,
1396 3272 1458 3335 id
1505 3273 1688 3356 eligo.
1726 3273 2028 3337 Videlicet
2077 3277 2429 3356 cooperatio
2477 3297 2598 3342 non
2646 3278 2779 3343 heic
2825 3280 3103 3345 formalis

635 3377 749 3452 est,
786 3394 943 3456 quae
992 3375 1068 3438 ad
1116 3376 1507 3440 voluntatem
1558 3376 1793 3458 peccati
1841 3377 2171 3455 concurrit,
2213 3378 2318 3443 sed
2366 3381 2727 3460 materialis,
2761 3402 2920 3464 quae
2968 3402 3106 3448 con·

636 3476 831 3540 currit
879 3477 956 3541 ad
1002 3478 1474 3542 exsecutionem.
1502 3476 1698 3542 Nemo
1750 3479 1960 3542 autem
2007 3479 2276 3564 ignora-t,
2318 3500 2684 3547 concursum
2716 3485 3102 3550 materialem

634 3579 881 3661 saepius
929 3581 1226 3656 excusari,
1277 3578 1523 3661 quando
1572 3600 1788 3662 nempe
1835 3601 2023 3645 causa
2070 3582 2354 3668 legitima
2403 3585 2596 3661 adest,
2647 3586 2724 3649 ad
2777 3588 3103 3653 vitandum

634 3683 953 3763 proprium
1000 3683 1343 3763 periculum
1383 3702 1491 3747 nec
1522 3682 1773 3747 interim
1807 3685 1968 3749 actio
2018 3705 2125 3768 per
2172 3705 2234 3750 se
2273 3687 2367 3750 est
2415 3688 2505 3751 ita
2552 3688 2880 3754 intrinsece
2911 3693 3100 3771 mala,

632 3786 706 3847 ut
738 3803 918 3848 suam
951 3785 1262 3849 malitiam
1310 3804 1527 3850 exuere
1561 3805 1882 3868 nunquam
1929 3788 2144 3868 possit.
2181 3786 2551 3870 Cooperatio
2599 3791 2812 3873 itaque
2844 3793 2907 3857 in
2955 3814 3100 3859 casu

633 3885 1004 3948 tantundem
1051 3888 1164 3962 est,
1201 3887 1505 3968 quantum
1544 3887 1605 3950 in
1642 3907 1732 3964 eo,
1769 3889 1875 3970 qui
1909 3889 2056 3954 data
2097 3891 2213 3954 sibi
2264 3892 2511 3974 optione
2544 3912 2580 3957 a
2612 3894 2854 3959 latrone
2887 3899 2961 3961 ut
2992 3899 3106 3961 aut

632 3990 897 4052 mortem
931 3987 1172 4063 subeat,
1215 3990 1327 4051 aut
1374 3989 1593 4053 afferat
1640 3990 1695 4053 ei
1728 3990 2113 4056 substantias
2162 3992 2345 4075 (quas
2393 3997 2555 4060 certe
2602 3995 2942 4078 dilapidare
2979 4017 3102 4064 non

630 4091 854 4172 potest,
889 4088 1158 4153 maxime
1191 4089 1243 4152 si
1276 4109 1423 4153 suae
1456 4109 1574 4153 11011
1611 4090 1783 4173 sint),
1826 4091 1934 4155 dat
1984 4114 2359 4174 crumenam,
2394 4117 2555 4179 quae
2600 4117 2748 4163 sane
2794 4101 2891 4164 est
2936 4101 3100 4166 actio

625 4211 962 4275 cooperans
995 4191 1184 4255 furto.

735 4317 821 4368 ΧΙ.
847 4318 895 4368 2.
931 4317 1133 4368 Peccant
1161 4320 1404 4380 parentes»,
1432 4312 1515 4378 qui
1544 4312 1670 4365 wios
1697 4313 1843 4368 etiam
1883 4319 2244 4374 consentientes
2269 4327 2499 4384 castrant,
2529 4330 2580 4376 111
2601 4322 2697 4377 sint
2723 4324 2869 4379 utiles
2903 4325 3088 4381 cantui.

628 4402 691 4450 V.
720 4399 889 4462 Laym.
926 4402 954 4451 Ι.
984 4401 1032 4451 3.
1061 4403 1094 4450 t.
1125 4401 1172 4451 3.
1201 4413 1243 4450 c.
1280 4400 1321 4449 Ι.

716 4494 891 4567 874.
928 4496 988 4561 S.
1025 4499 1472 4579 Alpl1.n.374.
1516 4501 1944 4580 quaestionem
1978 4504 2126 4569 data
2167 4524 2351 4589 opera
2390 4508 2462 4572 de
2500 4510 2617 4573 hac
2649 4530 2712 4573 re
2751 4511 2905 4595 agit,
2947 4513 3098 4576 refe·

623 4623 760 4666 rens
800 4601 1118 4683 oppositas
1153 4602 1510 4666 sententias.
1548 4602 1674 4668 Nec
1722 4625 1836 4669 sua
1885 4609 2326 4687 probabilitate
2373 4612 2640 4700 destitui
2689 4615 2933 4679 videtur
2963 4636 3098 4682 sen-
