3497 5147
363 359 509 429 [791]
1211 373 1297 413 mr
1335 372 1662 417 murmur-s
1697 375 1982 420 vaxrrs
2701 369 2824 424 ⁴581

362 471 527 530 docto,
553 468 600 521 in
640 467 844 521 dubium
874 473 1089 534 vocatur,
1114 468 1352 534 peculiari
1377 469 1527 523 dubio
1554 470 1873 527 examinanda
1904 483 1996 541 est,
2028 490 2088 530 ue
2113 475 2212 539 cui,
2239 476 2352 542 quia
2380 476 2504 530 liber
2529 477 2709 532 obvius
2734 485 2825 544 est,

362 556 621 622 scrupulus
661 561 744 606 aul
783 552 1077 607 00115ῦίθῦῑί3
1120 561 1348 607 nascatur
1385 569 1608 608 erronea.

446 651 630 735 788.
670 664 812 728 Duo
860 663 996 728 heic
1039 663 1308 728 maxime
1356 663 1628 728 notanda
1677 647 2024 731 occurrunt.
2065 667 2353 733 Alterum
2400 668 2561 733 circa
2594 668 2826 753 obliga-

362 770 596 834 tionem
635 767 922 832 audiendi
953 766 1214 831 Missam
1237 768 1299 830 in
1324 768 1636 849 parochia,
1669 788 1828 851 quae
1866 773 2160 855 negatur:
2202 772 2274 836 de
2299 791 2422 854 quo
2456 775 2825 856 argumento

363 872 599 936 tractat
636 872 699 935 et
730 888 990 951 sequens
1036 869 1293 932 dubium
1339 873 1654 951 quartum.
1689 871 1974 936 Alterum
2022 873 2096 937 de
2145 874 2418 939 oratorio
2451 874 2717 956 privato,
2751 873 2824 936 de

363 993 489 1055 quo
521 973 655 1036 heic
685 973 1014 1056 praecipua
1047 970 1318 1037 notanda
1351 972 1626 1037 veniunt.
1662 973 1733 1036 In
1781 992 1853 1037 eo
1900 994 2022 1039 non
2053 975 2172 1039 nisi
2211 976 2545 1040 Indultarii
2582 975 2826 1040 satisfa-

361 1077 536 1141 ciunt
566 1077 913 1159 praecepto,
963 1093 1136 1139 secus
1185 1093 1256 1138 ac
1300 1076 1493 1139 sentit
1523 1076 1598 1138 A.
1633 1073 1752 1139 Sed
1799 1076 1876 1140 ab
1923 1077 2020 1141 his
2067 1078 2330 1160 privatis
2378 1077 2682 1142 Oratoriis
2730 1096 2825 1141 se-

363 1176 664 1242 cernenda
709 1197 781 1241 ea
828 1195 1005 1259 quae,
1039 1175 1244 1258 quoad
1291 1179 1685 1258 praeceptum
1719 1178 2006 1244 audiendi
2042 1179 2305 1245 Missam
2339 1180 2416 1244 ad
2447 1181 2647 1245 instar
2679 1181 2828 1245 sunt

364 1281 773 1366 publicorum,
792 1281 855 1345 in
876 1279 1160 1344 domibus
1189 1279 1657 1363 Episcoporum,
1676 1277 2121 1359 Cardinalium,
2143 1283 2421 1348 locorum
2449 1282 2691 1366 piorum
2710 1285 2824 1345 etc.

363 1385 436 1449 de
468 1384 693 1467 quibus
725 1382 801 1447 cf.
835 1382 958 1447 vol.
993 1382 1055 1446 4.
1089 1383 1163 1445 de
1195 1381 1620 1460 Eucharistia,
1661 1383 1769 1447 ubi
1798 1384 1871 1447 (Ie
1904 1384 2031 1448 loco
2063 1384 2435 1449 celebrandi.

454 1486 773 1552 Generalis
820 1504 1037 1550 norma
1082 1503 1194 1568 pro
1241 1485 1546 1550 Oratoriis
1592 1486 1855 1568 privatis
1902 1490 2016 1563 est,
2066 1490 2139 1552 ut
2185 1488 2513 1570 diligenter
2558 1488 2827 1553 conside-

361 1592 575 1655 rentur
618 1588 923 1654 formulae
960 1606 1069 1652 seu
1116 1588 1432 1652 clausulae
1480 1588 1735 1652 Indulti.
1775 1589 1873 1653 Ab
1903 1588 1999 1653 his
2031 1590 2194 1654 enim
2228 1591 2450 1673 pendet
2488 1590 2650 1654 ratio
2686 1610 2823 1654 con-

362 1693 673 1758 cessionis.

1352 1830 1573 1910 Qnoad
1618 1829 1834 1894 Iocum.

451 1981 781 2048 CLAUSULA
814 1983 863 2047 Ι.
898 2018 983 2028 -—-
1019 1981 1165 2044 Tibi
1193 1981 1351 2044 ΚΝ.
1385 1980 1706 2046 Dioecesis
1737 1981 2259 2047 Mediolanensi&

453 2081 625 2155 788.
660 2084 823 2150 Bene
869 2085 1052 2149 notat
1098 2082 1389 2148 Gatticus
1435 2082 1510 2145 de
1551 2082 1798 2148 Orator.
1831 2086 1990 2165 priv.
2031 2103 2163 2168 cap.
2200 2087 2305 2149 22.
2342 2105 2445 2149 nn.
2484 2086 2823 2151 17.-23.·et

346 2209 411 2254 s.
454 2189 641 2271 Alph.
691 2188 916 2270 probat
959 2207 1020 2250 n.
1070 2187 1220 2250 318.
1271 2185 1349 2249 ad
1408 2183 1617 2249 olaus.
1673 2187 1728 2249 1.
1779 2187 2226 2270 inspiciendum
2272 2205 2422 2264 esse,
2474 2206 2550 2251 an
2598 2207 2821 2254 nomen

360 2291 672 2358 Dioeoesis
690 2291 1040 2374 apponatur
1062 2291 1319 2354 tantum·
1330 2288 1408 2353 ad
1432 2288 1962 2354 determinandam
1987 2309 2311 2372 personam
2337 2290 2817 2375 privilegiatam,

359 2415 439 2460 an
471 2413 614 2460 vero
650 2394 729 2458 ad
758 2392 1293 2458 determinandum
1324 2391 1548 2468 locum,
1582 2391 1647 2454 in
1677 2410 1803 2473 quo
1836 2395 1933 2457 est
1965 2393 2329 2457 oratorium.

447 2497 613 2561 Nam
644 2497 707 2560 in
755 2514 903 2560 casu
950 2494 1161 2579 priori,
1194 2512 1585 2576 quocumque
1631 2494 1772 2576 quis
1818 2494 2155 2559 transferat
2200 2495 2672 2572 habitationem,
2709 2497 2820 2560 eri-

360 2621 504 2688 gere
549 2601 637 2666 ibi
684 2598 914 2683 poterit
962 2599 1325 2663 oratorium.
1376 2598 1447 2661 In
1494 2597 1761 2662 secundo
1810 2600 2020 2662 autem
2083 2617 2233 2662 casu
2279 2599 2332 2662 si
2378 2598 2822 2663 determinetur

358 2704 671 2776 dioecesi&
704 2721 827 2767 non
875 2701 1106 2786 poterit
1152 2703 1323 2765 extra
1368 2700 1545 2764 illam
1591 2700 1945 2776 dioecesim3
1982 2701 2036 2764 si
2081 2701 2332 2783 insuper
2379 2701 2822 2766 determinetur

360 2807 552 2873 etiam
584 2806 827 2884 civitaS,
860 2822 984 2870 non
1015 2803 1245 2887 poterit
1277 2802 1508 2887 erigere
1548 2803 1719 2866 extra
1752 2802 1927 2866 illam
1959 2803 2299 2881 civitatem,
2334 2823 2392 2869 V.
2427 2824 2521 2889 gr.
2551 2804 2709 2869 -r-uri.

1142 2970 1244 3036 De
1275 2970 1597 3035 nobilitate
1622 2970 2036 3051 privilegiati.

448 3110 779 3183 CLAUSULA
803 3116 887 3179 H.
915 3152 1000 3160 —
1033 3113 1156 3193 Qui
1180 3112 1281 3194 (ut
1301 3111 1563 3193 asseris)
1590 3111 1663 3175 de
1689 3110 1888 3174 nobili
1907 3132 2128 3193 yenere
2147 3117 2518 3192 procreatus
2547 3114 2818 3177 emeretis.

440 3206 623 3289 ²190.
660 3216 1133 3300 Inspiciendum,
1170 3235 1249 3278 an
1278 3213 1593 3278 indultum
1626 3212 1739 3276 fiat
1776 3213 2034 3292 homini,
2068 3216 2176 3296 qui
2223 3214 2322 3278 vel
2366 3214 2566 3278 nobili
2599 3236 2822 3296 yenere

346 3326 717 3405 procreatus
748 3322 1012 3397 dicatur,
1039 3319 1137 3383 vel
1160 3338 1323 3380 mere
1348 3314 1545 3379 nob-ili-
1568 3317 1911 3388 exsistenti,
1939 3317 2037 3380 vel
2072 3319 2298 3379 m'centi
2319 3336 2487 3380 more
2519 3315 2824 3381 nobilium

362 3427 475 3491 aut
507 3426 630 3490 alio
663 3423 867 3488 modo.
901 3421 1065 3485 Nam
1111 3419 1393 3509 clausula
1439 3419 1563 3482 ista
1612 3436 1736 3482 non
1774 3418 2165 3500 supponitur,
2205 3416 2310 3481 sed
2357 3436 2644 3499 expressa
2692 3437 2822 3483 esse

362 3529 612 3695 deliga&
615 3631 762 3693 ntur
786 3627 972 3692 verba
1003 3645 1052 3691 S·
1070 3624 1254 3707 Alph·
1270 3622 1419 3686 318,
1448 3618 1656 3685 Claus.
1687 3622 1771 3682 2.:
1805 3644 1840 3677 «
1859 3617 2088 3684 Censeo
2116 3638 2355 3701 semper
2380 3620 2822 3703 distinguenda

360 3752 492 3798 esse
536 3734 703 3798 loca:
743 3749 891 3795 nam
928 3729 1036 3811 qui
1065 3728 1227 3793 forte
1271 3725 1497 3792 nobilis
1542 3721 1981 3788 aestimabitur
2018 3722 2079 3785 in
2129 3722 2340 3803 aliqua
2387 3722 2664 3799 civitate,
2701 3743 2822 3789 non

365 3835 802 3902 aestimabitur
832 3833 979 3898 talis
1010 3833 1074 3895 in
1108 3831 1231 3895 alia
1257 3855 1317 3893 ».

1192 3988 1371 4069 Quod
1397 3990 1729 4050 exto-natur
1765 4002 2001 4046 umerus.

448 4145 783 4211 CLAUSULA
830 4143 942 4205 ΙΙΙ.
996 4179 1079 4187 —-
1140 4139 1225 4205 Ut
1266 4140 1335 4202 in
1384 4140 1638 4219 privato
1685 4136 1902 4201 domus
1961 4142 2100 4201 tuae
2146 4136 2365 4201 solitae
2413 4136 2824 4200 habitatam&

369 4250 677 4327 Oratorv'o,
711 4248 781 4309 in
811 4244 1054 4308 civitate
1079 4242 1167 4306 N.
1203 4244 1552 4318 exsistente,
1579 4241 1666 4305 ad
1694 4239 1804 4304 hoc
1832 4240 2115 4304 decenter
2148 4261 2324 4303 mmo
2358 4244 2688 4317 exstructo,
2729 4261 2825 4304 or-

358 4357 530 4426 nato,
561 4350 640 4414 ab
672 4347 957 4413 omnibus
985 4345 1333 4408 dovrcestz'eis
1368 4344 1585 4408 ambus
1617 4344 1834 4407 libe-ro,

446 4442 600 4524 781.
636 4452 727 4515 Ex
773 4471 821 4515 s.
857 4448 1039 4532 Alph.
1076 4446 1222 4510 ibid.
1257 4444 1467 4509 Claus.
1502 4446 1563 4508 3.
1597 4465 1718 4510 non
1770 4465 1923 4530 opus
1971 4448 2065 4510 est
2113 4448 2385 4527 quatuor
2433 4447 2629 4512 muris
2678 4467 2821 4511 cum

359 4558 561 4640 porta,
596 4555 701 4619 sed
747 4573 858 4638 pro
905 4551 1129 4634 quarto
1176 4568 1354 4613 muro
1390 4549 1597 4629 potest
1643 4548 1847 4631 aptari
1895 4548 2180 4612 aulaeum
2234 4552 2345 4613 aut
2393 4552 2622 4629 velum,
2658 4550 2823 4632 quod

359 4662 665 4725 reseretur
699 4657 793 4720 vel
825 4654 1154 4719 claudatur
1185 4651 1262 4715 ad
1296 4648 1803 4714 commoditatem
1837 4648 2224 4714 audientium
2256 4652 2534 4716 Missam.
