3497 5147
325 338 461 413 [300]
1253 355 1338 394 nn
1372 353 1840 396 nooman-romu
2674 338 2784 392 219

322 450 435 514 erit
478 450 845 525 materiam,
895 451 947 514 si
992 470 1138 533 pars
1182 470 1305 516 non
1352 450 1543 514 fuerit
1585 450 1746 515 ritus
1794 448 2232 532 superstitiosi.
2273 447 2477 514 Grave
2526 449 2776 531 aliquod

322 552 631 628 damnum,
670 550 836 633 quod
892 552 1131 616 oriatur
1182 552 1559 635 cooperanti,
1593 553 1645 615 si
1693 552 1772 616 ab
1809 552 1925 616 hac
1979 551 2292 615 materiali
2345 553 2777 633 cooperatione

320 656 621 720 abstinere
645 655 934 734 voluerit,
960 655 1198 719 licitam
1230 674 1367 719 eam
1390 655 1594 732 faciet,
1629 655 1876 720 etiamsi
1907 655 2270 720 scandalum
2294 654 2582 732 adfuerit,
2609 655 2773 737 quod

325 757 691 839 pusillorum
736 757 965 821 dicitur
1012 775 1048 820 a
1095 757 1439 841 theologis,
1478 757 1626 838 quia
1672 777 1744 823 ex
1791 758 1926 841 lege
1972 757 2256 821 caritatis
2303 775 2483 822 nemo
2530 758 2779 822 tenetur

319 879 453 924 cum
490 859 674 944 gravi
705 878 821 923 suo
852 858 1078 924 damno
1112 859 1473 924 scandalum
1502 859 1670 924 istud
1702 878 2016 925 removere
2041 884 2102 922 ».
2129 858 2253 924 Ubi
2289 859 2479 924 habes
2512 860 2576 925 et
2611 859 2777 943 prin-

318 963 468 1045 cipia
498 962 767 1026 moralia
798 961 872 1025 de
903 962 1335 1045 cooperatione
1366 962 1430 1026 et
1459 962 1744 1046 regulam
1775 963 2145 1046 generalem.

397 1067 617 1148 Quoad
648 1068 913 1133 alteram
944 1070 1204 1151 partem,
1240 1069 1565 1133 Resolntio
1599 1070 1795 1151 patet.
1831 1070 2073 1134 Rursus
2106 1070 2463 1151 quaesitum
2495 1072 2608 1135 est.

398 1170 650 1234 Licetne
696 1168 1067 1234 Christianis
1120 1171 1280 1235 inter
1325 1170 1600 1235 infideles
1647 1171 1968 1236 aedificare
2030 1174 2265 1255 templa
2312 1173 2642 1251 idolorum,
2693 1173 2769 1237 ad

318 1272 638 1336 vitandum
669 1272 923 1336 exilium
953 1273 1051 1337 vel
1080 1273 1383 1338 bonorum
1413 1274 1875 1356 privationem?
1905 1293 1955 1339 e.
1983 1272 2052 1340 C.
2077 1275 2148 1340 P.
2175 1276 2246 1341 F.
2274 1277 2559 1342 consulta
2591 1296 2776 1359 super

315 1375 442 1451 hoc,
476 1375 684 1439 voluit
714 1375 940 1440 certior
967 1375 1101 1439 fieri
1140 1395 1217 1440 an
1250 1377 1467 1459 templi
1497 1377 1722 1441 erectio
1761 1377 2094 1442 haberetur
2117 1379 2192 1442 ut
2211 1377 2776 1457 facwmprotesta-

319 1478 503 1540 tivum
548 1478 722 1559 (falsi
767 1478 973 1542 cultus
1019 1480 1265 1563 nempe)
1301 1481 1366 1543 et
1411 1481 1659 1562 accepto
1707 1498 1999 1562 responso
2049 1480 2448 1556 affirmativo,
2499 1480 2634 1562 ipsa
2686 1501 2775 1545 re-

313 1581 560 1663 spondit
590 1581 651 1643 8.
679 1580 810 1642 Ian.
851 1580 1040 1644 1851.
1075 1606 1110 1639 «
1132 1581 1275 1645 Non
1320 1580 1503 1645 licere
1550 1578 1921 1645 Christianis
1970 1580 2202 1662 templa
2250 1581 2434 1647 idolis
2472 1581 2773 1646 fabricare

314 1684 422 1747 aut
436 1701 655 1747 eorum
670 1680 941 1745 fabricae
964 1683 1298 1765 cooperari,
1318 1683 1383 1746 et
1397 1683 1579 1746 detur
1601 1683 1917 1747 decretum
1932 1701 2041 1765 pro
2064 1682 2322 1765 Iaponia
2343 1684 2400 1747 7.
2414 1684 2559 1747 Dec.
2579 1685 2771 1747 1626.

312 1785 613 1849 videlicet.
646 1784 785 1849 Non
832 1785 1093 1867 possunt
1139 1785 1401 1867 Iapones
1447 1784 1676 1860 fideles,
1712 1786 1787 1848 ut
1818 1785 2163 1866 periculum
2208 1785 2431 1849 mortis
2468 1786 2569 1850 vel
2604 1786 2773 1851 exilii

313 1886 567 1963 evitent,
602 1887 822 1951 altaria
853 1887 952 1950 vel
983 1885 1149 1951 idola
1188 1886 1489 1951 fabricare
1521 1888 1635 1950 aut
1665 1905 1881 1952 eorum
1909 1886 2179 1952 fabricae
2210 1887 2528 1970 cooperari
2558 1913 2620 1953 ».
2649 1887 2773 1953 Sci-

308 1989 455 2054 licet
484 1990 603 2054 hoc
636 2008 881 2071 quoque
911 1988 1226 2054 decretum
1271 1989 1568 2072 supponit
1613 1990 1826 2053 haberi
1872 1991 2399 2056 constructionem
2429 1992 2504 2055 ut
2532 1991 2770 2057 factum

307 2093 811 2174 protestativum.

390 2195 480 2261 At
519 2196 574 2259 si
605 2196 986 2260 constructio
1032 2195 1252 2277 templi
1281 2214 1405 2259 non
1444 2195 1761 2260 contineat
1807 2196 2325 2278 protestationem
2355 2197 2500 2261 falsi
2536 2198 2766 2275 cultile,

306 2297 486 2362 aliter
536 2296 856 2380 respondit
900 2296 1113 2360 eadem
1159 2316 1209 2359 s.
1249 2294 1318 2361 C.
1357 2295 1515 2361 Cum
1561 2298 1727 2361 enim
1764 2321 1800 2357 «
1832 2296 2173 2363 Christiani
2218 2299 2561 2363 Turcarum
2607 2301 2770 2364 servi

305 2400 748 2463 adhiberentur
796 2399 872 2463 ad
916 2398 1281 2464 Moschaeas
1328 2399 1791 2476 construendas,
1839 2419 2056 2464 earum
2101 2419 2313 2464 muros
2372 2402 2766 2483 reparandoS,

305 2501 705 2575 dealbandoS,
738 2501 1026 2565 Vicarius
1061 2500 1283 2584 Apost.
1315 2501 1643 2582 quaesivit,
1683 2521 1764 2565 an
1795 2502 1954 2567 tales
1987 2503 2164 2567 actus
2199 2501 2358 2566 liciti
2395 2503 2541 2567 sint.
2575 2504 2768 2568 Porro

307 2606 567 2670 attentis
630 2605 906 2679 motiviS,
946 2605 1150 2669 causis
1204 2605 1268 2668 et
1318 2605 1823 2683 circumstantiis,
1881 2606 2175 2689 expositis
2232 2606 2309 2669 ab
2369 2606 2604 2680 eodem,
2659 2609 2768 2690 qui

300 2708 682 2784 ostenderat,
723 2707 981 2773 miseros
1026 2725 1256 2786 servoS,
1291 2708 1665 2772 constitutos
1710 2708 1776 2772 in
1823 2708 1977 2773 dura
2026 2708 2390 2774 necessitate
2437 2709 2593 2775 tales
2631 2731 2769 2793 per-

294 2811 535 2876 ficiendi
572 2811 839 2887 laboreS,
874 2811 1204 2875 eorundem
1236 2811 1462 2876 bonam
1494 2810 1697 2886 fidem,
1737 2810 2139 2876 difficultates
2175 2812 2580 2889 invincibiles,
2613 2816 2770 2897 peri·

290 2913 504 2978 culum
536 2914 864 2997 praeterea
895 2912 1269 2995 expulsionis
1293 2912 1834 2977 Missionariorum
1865 2932 1936 2977 ac
1983 2913 2416 2996 prohibitionis
2462 2915 2767 2980 ministris

290 3014 647 3100 Religionis
670 3014 1015 3079 instruendi
1045 3033 1256 3079 servos
1279 3013 1649 3079 christianos
1681 3015 1891 3096 eisque
1914 3015 2301 3080 sacramenta
2334 3015 2767 3081 administran-

284 3117 365 3192 di,
414 3119 780 3183 resolutum
827 3119 922 3181 est
979 3118 1044 3181 in
1104 3117 1268 3180 hisce
1322 3115 1800 3194 conditionibus,
1856 3117 2040 3199 quod,
2090 3118 2151 3181 si
2192 3118 2359 3180 servi
2414 3116 2767 3183 Christiani

282 3222 482 3284 coacti
517 3239 659 3284 non
690 3223 898 3282 essent
922 3240 963 3282 a
991 3219 1214 3282 Tur-cis
1243 3218 1334 3282 ad
1365 3217 1477 3282 hos
1513 3217 1758 3283 labores
1788 3220 1859 3283 in
1889 3219 2099 3283 odium
2129 3223 2382 3283 nostrae
2403 3219 2763 3301 Reliyionis·

277 3326 370 3390 vel
400 3327 479 3390 ob
514 3326 727 3406 ipsiu-s
764 3328 1192 3404 contemptum,
1232 3344 1352 3405 quo
1388 3344 1539 3387 casu
1571 3323 1866 3388 deberent
1881 3327 2096 3404 potius
2139 3329 2398 3390 mortem
2427 3326 2757 3399 sustinere,

294 3428 603 3492 Viearim·
649 3428 872 3505 Apost.
906 3425 1085 3489 debet
1111 3445 1212 3489 eos
1246 3426 1601 3507 relinquere
1636 3427 1710 3490 in
1757 3427 1918 3490 bona
1950 3426 2073 3506 fide
2104 3428 2174 3491 in
2221 3448 2347 3507 qua
2383 3430 2551 3500 sunt,
2585 3428 2763 3492 dum-

277 3530 455 3594 modo
478 3528 906 3593 intentionem
925 3547 1052 3591 non
1073 3525 1348 3591 habeant
1366 3529 1802 3608 superstitioni
1823 3529 2197 3608 cooperandi
2221 3555 2284 3592 ».
2311 3529 2411 3593 Ita
2436 3549 2484 3592 s.
2509 3527 2576 3592 C.
2599 3530 2667 3594 P.
2687 3531 2760 3594 F.

275 3632 612 3716 respondit
648 3631 756 3694 31.
783 3630 947 3714 Aug.
979 3631 1170 3694 1780.

361 3735 533 3800 Cum
572 3751 718 3797 mos
750 3733 913 3797 esset
956 3732 1020 3795 in
1056 3733 1302 3816 populis
1335 3734 1399 3796 et
1443 3733 1806 3797 civitatibus
1845 3732 2025 3797 Sinae
2071 3734 2424 3816 imponendi
2455 3735 2758 3816 quasdam

272 3836 784 3904 contributiones
823 3834 1066 3919 populis
1093 3835 1329 3913 vicinis,
1365 3855 1522 3917 quae
1555 3835 2036 3918 expenderentur
2074 3837 2136 3900 in
2168 3836 2576 3912 idololatriaS,
2617 3857 2762 3904 con-

271 3941 438 4005 vivia
474 3941 546 4004 et
596 3937 948 4002 communis
994 3937 1273 4002 laetitiae
1319 3937 1822 4020 significationeS,
1863 3939 2217 4021 quaesitum
2265 3942 2378 4019 est,
2422 3961 2499 4006 an
2546 3941 2759 4006 liceret

267 4041 646 4107 christianis
684 4042 748 4104 et
784 4039 1086 4104 ministris
1118 4059 1352 4118 eorum,
1389 4059 1499 4123 pro
1536 4041 1636 4105 his
1681 4042 1864 4107 rebus
1911 4043 2332 4118 contribuere;
2367 4065 2513 4108 nam
2560 4063 2755 4120 secus,

264 4146 595 4209 tumultus
633 4141 861 4223 aliquis
893 4143 1109 4206 contra
1140 4139 1526 4208 Christianos
1558 4144 1751 4207 fieret.
1787 4163 1834 4208 s.
1870 4143 1938 4208 C.
1977 4145 2044 4209 P.
2073 4145 2141 4208 F.
2168 4146 2486 4227 respondit
2521 4147 2621 4209 12.
2658 4145 2760 4210 Se·

263 4245 581 4328 ptembris
642 4242 834 4306 1645.
891 4266 927 4302 «
973 4262 1151 4326 posse
1198 4243 1585 4309 Christianos
1639 4244 1934 4311 Senenses
1997 4248 2288 4330 pecunias
2344 4249 2752 4326 contribuere,

263 4347 619 4414 dnmmodo
655 4365 763 4428 per
795 4346 1151 4412 huiusmodi
1181 4348 1669 4414 contributiones
1708 4368 1831 4414 non
1863 4350 2189 4414 intendant
2222 4350 2298 4414 ad
2349 4353 2525 4416 actus
2557 4351 2757 4417 idolo-

264 4451 528 4516 latricos
568 4449 643 4513 et
675 4449 1139 4529 superstitiosos
1164 4468 1542 4528 concurrere,
1577 4452 1904 4534 supposita
1935 4471 2142 4527 causa,
2170 4471 2329 4534 quae
2366 4455 2657 4518 narratur
2689 4454 2753 4517 in

265 4553 480 4631 dubio,
508 4551 885 4636 praemissa,
911 4551 964 4614 si
994 4552 1314 4616 commode
1344 4553 1476 4617 fieri
1513 4555 1738 4636 potest,
1767 4555 2235 4636 protestatione,
2263 4555 2426 4637 quod
2461 4555 2756 4637 imposita
