3497 5147
666 324 784 379 382
881 339 1093 380 macr.
1124 338 1204 379 vr.
1230 337 1392 378 sac-r.
1419 339 1458 378 1.
1485 339 1570 378 1111
1593 338 1787 379 ramo
1813 337 2028 378 paam.
2053 337 2382 380 nncAnoor.
2407 338 2541 380 oar.
2562 340 2626 381 11.
2651 340 2795 381 nus.
2820 341 2910 381 111.
2980 327 3127 403 [ciffi]

673 437 899 501 saltem
938 436 1430 500 declaratoriam.
1465 433 1566 499 Sic
1594 454 1715 499 non
1746 435 2106 510 incurritur,
2143 435 2264 500 nisi
2294 437 2439 518 post
2465 435 2838 500 sententiam
2860 436 3127 502 declara-

670 540 922 614 toriam‚
963 557 1179 622 poena,
1213 558 1339 621 qua
1376 538 1670 621 recipiens
1703 538 2036 603 simoniace
2075 537 2314 602 amittit
2343 557 2415 603 eo
2444 538 2580 621 ipso
2627 539 3002 620 potestatem
3037 561 3126 606 re-

668 640 956 724 cipiendi.
1008 642 1219 715 Ratio,
1253 641 1402 724 quia
1456 642 1519 704 et
1571 641 1723 704 haec
1768 659 1962 723 poena
2010 641 2105 704 est
2148 640 2414 722 privatio
2462 640 2616 705 iuris
2665 642 2794 704 iam
2837 644 3120 722 quaes-iti.

678 743 975 807 Thesanr.
1014 743 1161 807 ibid.
1196 763 1256 807 n.
1298 744 1358 807 5.

757 845 992 910 Locum
1025 847 1236 911 tamen
1272 846 1430 911 istae
1461 863 1692 928 poenae
1716 863 1841 909 non
1863 845 2110 920 habent,
2146 844 2393 927 quando
2424 845 2741 928 ingressus
2772 865 2880 928 per
2902 846 3123 928 profes·

664 949 907 1013 sionem
948 951 1417 1014 consummatus
1450 968 1571 1013 non
1605 950 1719 1012 est.
1760 949 1859 1012 Ita
1896 966 2203 1012 commun.
2246 947 2409 1030 apud
2440 945 2744 1012 Schmalz.
2786 967 2838 1012 c.
2876 968 2936 1012 n.
2974 950 3117 1014 254.

670 1050 934 1116 Proinde
980 1052 1035 1116 si
1080 1053 1347 1135 receptio
1380 1051 1458 1115 ad
1489 1051 1777 1115 habitum
1822 1050 1988 1114 facta
2034 1050 2118 1115 sit
2153 1050 2506 1127 simoniace,
2542 1050 2646 1114 sed
2679 1051 2977 1134 professio
3025 1051 3120 1116 ad·

667 1152 964 1217 mittatur
998 1154 1217 1237 gratiS,
1250 1153 1399 1235 quia
1447 1153 1577 1216 scil.
1610 1153 1848 1217 factum
1879 1154 2259 1217 retractatur
2288 1171 2361 1217 ac
2391 1153 2650 1235 pecunia
2680 1153 3121 1236 nonrecipitur

670 1258 769 1320 vel
800 1261 1044 1341 recepta
1080 1258 1378 1334 redditur,
1411 1258 1965 1322 excommunicatio
1989 1275 2112 1321 non
2143 1257 2506 1333 incurritu13
2541 1257 2707 1321 sicut
2736 1276 2807 1321 ex
2841 1257 3118 1340 opposito

666 1359 1104 1434 incurreretur,
1131 1361 1184 1426 si
1208 1360 1474 1444 receptio
1500 1360 1578 1424 ad
1602 1360 1888 1424 habitum
1913 1360 2112 1442 gratis
2145 1360 2310 1424 facta
2342 1362 2459 1432 est,
2482 1359 2592 1424 sed
2612 1361 2830 1441 postea
2851 1361 3118 1449 tempore

666 1461 1060 1544 professionis
1099 1463 1336 1545 aliquid
1365 1463 1653 1547 exigitur.
1687 1461 1989 1526 Schmalz.
2029 1462 2071 1526 l.
2105 1481 2156 1527 c.
2189 1483 2248 1526 n.
2284 1462 2434 1526 254.

757 1565 1083 1629 Praeterea
1116 1568 1329 1629 monet
1352 1566 1705 1629 Thesaurus
1742 1565 1784 1627 l.
1820 1584 1870 1628 c.
1898 1585 1956 1628 n.
2001 1567 2081 1639 5.,
2117 1565 2281 1646 (111οᾶ
2318 1565 2383 1628 111
2414 1564 2624 1646 11061113
2655 1563 2792 1628 11616
2819 1565 3117 1629 enarratis

665 1666 1020 1750 dispensare
1043 1669 1251 1752 potest
1279 1667 1639 1751 EpiscopuS,
1671 1686 1780 1731 seu
1805 1667 2122 1749 praelatus
2144 1686 2287 1730 cum
2318 1666 2450 1731 suis
2471 1665 2757 1745 subditis,
2790 1665 3117 1732 dummodo

665 1769 797 1852 ipse
835 1771 1193 1854 dispensans
1229 1790 1352 1836 non
1384 1770 1571 1835 fuerit
1607 1770 1884 1852 complex
1921 1769 2213 1833 criminis.

753 1868 933 1942 498.
953 1873 1131 1952 Quod
1147 1875 1358 1938 autem
1384 1873 1573 1937 habet
1586 1873 1842 1949 Auctor,
1860 1872 2026 1954 quod
2049 1890 2280 1954 poenae
2300 1872 2379 1937 ob
2400 1872 2733 1937 simoniam
2755 1872 2822 1936 in
2843 1871 3116 1956 ingressu

669 1973 989 2056 religionis
1026 1993 1165 2039 raro
1205 1975 1624 2052 incurruntur,
1657 1975 1992 2057 multiplici
2029 1993 2101 2038 ex
2130 1974 2331 2056 capite
2369 1974 2734 2056 profluebat.

757 2075 921 2138 Nam
951 2076 1021 2137 1⁰
1046 2076 1241 2139 citata
1272 2076 1549 2154 Extrav.,
1574 2095 1733 2158 quae
1755 2077 1988 2161 infligit
2019 2095 2281 2160 poenam
2303 2076 2970 2150 excommunicationis,
2992 2093 3113 2139 non

668 2180 899 2261 ubique
930 2179 1176 2243 videtur
1213 2180 1456 2261 recepta
1483 2197 1553 2242 ac
1582 2198 1705 2244 non
1737 2184 2046 2262 receptam
2077 2179 2397 2245 contendit
2442 2199 2571 2244 6336
2600 2179 2660 2243 N
2664 2198 2944 2255 avarrus,
2975 2196 3114 2261 apo·

666 2282 1031 2347 stolicarum
1055 2283 1597 2356 constitutionum,
1621 2284 1696 2347 ut
1721 2283 1813 2347 ait
1828 2281 2129 2348 Schmalz.
2155 2282 2199 2346 l.
2226 2301 2275 2346 c.
2304 2302 2363 2346 n.
2392 2283 2564 2358 255„
2590 2282 3038 2347 scientissimus
3056 2282 3117 2345 et

660 2404 805 2449 eum
840 2386 1185 2466 sequuntur
1215 2385 1484 2463 Lessins,
1518 2386 1770 2462 Palaus,
1810 2383 2123 2468 Sylvester
2167 2385 2232 2447 et
2276 2383 2560 2465 quisquis
2598 2383 2759 2447 alius
2796 2383 2996 2456 docet,
3029 2401 3114 2447 ex·

664 2488 1288 2554 communicationem
1320 2489 1551 2553 incurri
1582 2489 1785 2552 solum
1821 2488 1896 2551 ob
1930 2487 2259 2551 simoniam
2303 2487 2367 2549 in
2414 2505 2494 2550 ss.
2534 2485 2867 2551 Ordinibus
2913 2487 2978 2550 et
3014 2486 3120 2551 Be-

660 2592 911 2657 neficiis.

844 2698 912 2758 2⁰
943 2696 1289 2772 Praeterea,
1339 2694 1864 2777 quemadmodum
1908 2694 2209 2758 moniales
2242 2695 2486 2759 veniam
2516 2693 2748 2757 habent
2793 2691 3119 2775 recipiendi

661 2801 873 2865 dotem
906 2802 968 2864 et
1016 2820 1198 2883 super
1244 2818 1316 2864 ea
1363 2798 1758 2883 pasciscendi,
1806 2798 1897 2862 ita
1944 2798 2135 2862 etiam
2180 2799 2244 2862 in
2289 2796 2683 2863 monasteriis
2729 2797 3028 2872 virorum,
3065 2797 3118 2861 si

667 2902 820 2984 quid
860 2902 1172 2986 recipitur,
1230 2902 1354 2967 fere
1391 2905 1640 2967 tantum
1692 2901 2008 2984 recipitur,
2066 2900 2212 2982 quia
2265 2902 2482 2983 sponte
2521 2899 2805 2964 oblatum
2850 2900 2975 2973 est:
3023 2898 3117 2963 vel

666 3005 916 3070 etiamsi
948 3006 1251 3090 exigatur,
1278 3024 1350 3069 ea
1367 3005 1603 3070 exactio
1627 3005 2071 3069 cohonestatur
2088 3003 2165 3068 ob
2181 3002 2701 3068 monasteriorum
2721 3001 3113 3075 tenuitatem,

660 3108 828 3190 quod
860 3108 953 3172 ita
985 3108 1399 3172 necessarium
1423 3108 1709 3172 videatur
1731 3107 1809 3170 ad
1834 3107 2352 3171 sustentationem
2383 3105 2674 3188 professi:
2709 3105 2808 3170 vel
2837 3105 3110 3186 denique,

662 3210 717 3273 si
749 3210 1197 3275 monasterium
1244 3210 1330 3274 sit
1376 3209 1567 3286 (livea,
1601 3209 1719 3273 etsi
1750 3228 1874 3273 non
1922 3209 2086 3273 absit
2115 3209 2416 3273 simoniae
2452 3208 2701 3285 crimen,
2734 3204 3112 3273 Constitutio

664 3314 875 3375 tamen
908 3310 1112 3393 quoad
1146 3330 1372 3395 poenas
1410 3313 1655 3394 recepta
1685 3311 1772 3374 ibi
1803 3330 1924 3375 non
1956 3312 2068 3376 est.
2102 3310 2306 3376 Schm.
2345 3312 2387 3375 l.
2421 3330 2472 3375 c.
2506 3331 2567 3375 n.
2603 3309 2753 3375 256.

746 3414 981 3478 Verum
1026 3434 1167 3478 cum
1214 3415 1278 3478 in
1326 3412 1430 3478 SS.
1482 3414 1557 3476 D.
1590 3413 1668 3476 N.
1702 3413 1802 3476 Pii
1846 3414 2052 3496 Papae
2082 3414 2192 3478 IX.
2233 3411 2446 3478 Const.
2481 3412 2705 3493 Apost.
2733 3411 2916 3477 Sedis
2960 3412 3114 3478 inter

660 3518 1329 3584 excommunicationes
1376 3517 1582 3600 Papae
1627 3519 1973 3581 reservatas
2018 3519 2407 3582 recenseatur
2442 3518 2507 3581 et
2534 3517 2688 3581 haec
2718 3518 2938 3581 contra
2983 3532 3112 3580 reos

669 3622 968 3687 simoniae
1013 3621 1198 3686 realis
1247 3620 1325 3686 ob
1369 3619 1717 3705 ingressum
1764 3620 1828 3683 111
1875 3620 2256 3704 religionem,
2289 3620 2499 3684 nullus
2532 3620 2708 3684 locus
2737 3615 3112 3684 dubitationi

662 3726 931 3807 amplius
965 3743 1093 3789 esse
1125 3726 1349 3807 potest.
2411 3743 2416 3747 ·

766 3881 891 3931 LXl.
922 3881 1070 3945 Resp.
1102 3879 1149 3930 4.
1176 3879 1393 3931 simonia
1431 3878 1766 3932 Confidentiae
1806 3880 2062 3945 completa,
2088 3880 2201 3933 dato
2240 3884 2289 3932 et
2314 3885 2514 3945 accepto
2554 3875 2808 3940 beneficio,
2836 3875 2951 3929 licet
2989 3873 3102 3928 acci·

655 3961 792 4028 piens
832 3960 1204 4029 promissionem
1230 3961 1446 4015 vicissim
1472 3977 1567 4015 non
1593 3961 1884 4030 impleverit,
1904 3962 2087 4016 inducit
2108 3965 2153 4017 1.
2174 3961 2721 4017 excommunicationem
2747 3962 2978 4028 papalem
3004 3957 3107 4013 utri·

657 4062 752 4113 que
781 4045 906 4115 parti
934 4045 1252 4099 contrahenti.
1285 4048 1331 4098 2.
1356 4046 1584 4099 Annullat
1613 4047 1989 4111 resignationem
2016 4055 2064 4101 et
2089 4047 2396 4101 collationem
2422 4046 2664 4113 beneficii,
2688 4046 2739 4100 in
2762 4061 2861 4112 quo
2887 4054 2965 4100 est
2986 4059 3108 4099 eom·

655 4132 800 4186 missa
828 4139 878 4187 et
902 4129 1179 4185 inhabilitnt
1202 4131 1263 4183 ad
1286 4129 1415 4185 idem
1447 4137 1616 4197 postea
1641 4132 1977 4187 obtinendum.
1998 4131 2166 4188 privat
2188 4132 2415 4187 omnibus
2441 4131 2692 4188 beneflciis
2716 4138 2767 4187 et
2793 4130 3110 4200 pensionibus

656 4223 794 4269 antea
835 4214 1049 4270 obtentis
1061 4230 1077 4282 ;
1105 4229 1200 4268 non
1240 4220 1399 4269 tamen
1433 4223 1542 4271 ante
1571 4217 1860 4270 sententiam
1894 4221 2054 4272 latam.
2085 4217 2133 4271 t.
2161 4216 2400 4272 Beneficia
2437 4216 2509 4272 sie
2545 4218 2722 4273 collata
2761 4216 2856 4272 soli
2890 4215 3114 4271 Pontifici

654 4307 985 4353 reservantur.
1010 4301 1147 4354 Lesa
1173 4315 1217 4353 c.
1251 4300 1333 4353 35.
1362 4303 1409 4353 (1.
1438 4304 1522 4355 26.
1550 4305 1686 4355 Suar.
1718 4303 1800 4355 43.
1829 4305 1998 4367 Laym.
2027 4318 2072 4356 n.
2109 4304 2192 4356 26.

737 4429 915 4504 499.
944 4434 1120 4515 Quod
1145 4436 1296 4501 dicit
1328 4437 1615 4501 Busemb.
1658 4461 1693 4496 «
1727 4438 2012 4502 Simonia
2042 4437 2451 4518 confidentiae
2480 4436 2778 4518 completa
2802 4462 2837 4495 »
2866 4439 2987 4503 rite
3018 4439 3116 4502 est

650 4537 1144 4623 intelligendum.
1170 4539 1333 4603 Nam
1362 4540 1608 4623 impleri
1637 4561 1816 4621 opere
1854 4544 2135 4606 censetur
2165 4542 2315 4605 haec
2360 4540 2508 4607 dato
2545 4543 2611 4605 et
2640 4543 2888 4622 accepto
2937 4540 3116 4604 bene-
