3497 5147
425 357 610 426 11024]
1110 371 1358 415 emerus
1395 373 1714 416 mmmm
1751 373 2206 416 consertarum
2781 367 2887 422 757

426 467 794 550 praesertim
840 465 991 530 dum
1035 472 1353 533 consecrat
1399 471 1513 534 aut
1556 474 1951 535 consummat
1997 472 2387 551 sacrificium,
2426 494 2491 539 se
2537 477 2887 540 voluntarie

428 569 660 652 polluit
697 571 810 633 aut
840 569 1191 634 voluntarie
1222 571 1613 638 inhonestam
1650 571 2124 638 delectationem
2161 574 2458 652 admittit,
2493 578 2611 642 erit
2641 579 2887 642 luxuria

426 671 751 756 sacrilega.
788 671 890 735 Ita
921 671 1286 737 Tamburini
1318 673 1518 738 Meth.
1563 671 1840 752 confess.
1868 676 1909 738 l.
1939 677 2000 739 2.
2027 696 2078 740 c.
2109 678 2166 740 7.
2192 695 2252 739 n.
2282 677 2387 741 38.
2414 677 2669 742 Addunt
2693 679 2883 744 Salm.

425 773 469 837 l.
510 793 561 837 c.
591 773 643 837 si
675 771 817 854 quis
857 772 983 837 iam
1030 772 1286 838 indutus
1319 775 1596 839 vestibus
1628 775 1820 840 sacris
1852 778 1915 857 et
1950 778 2208 860 paratus
2245 778 2648 861 purissimum
2674 781 2886 845 offerre

425 875 819 952 sacrificium,
856 875 1146 959 copulam
1193 879 1305 942 aut
1340 877 1752 961 pollutionem
1797 879 2234 957 committeret,
2274 881 2464 945 etiam
2498 884 2659 947 esset
2703 885 2887 948 sacri-

423 978 632 1063 legus;
668 979 817 1060 quia
863 978 929 1043 id
973 978 1136 1044 foret
1170 981 1381 1064 gravis
1427 980 1826 1047 irreverentia
1874 985 2089 1048 contra
2126 984 2376 1048 tantum
2407 985 2777 1051 sacrificium
2823 988 2888 1051 et

425 1100 601 1145 sacra
648 1081 1021 1145 vestimenta
1054 1080 1131 1145 ad
1167 1081 1325 1146 illud
1358 1082 1733 1147 offerendum
1780 1083 2110 1148 destinata.
2143 1083 2322 1164 Quod
2368 1088 2753 1168 postremum
2784 1107 2885 1152 ae-

425 1183 655 1266 cipiens
681 1202 729 1247 s.
747 1182 933 1266 Alph.
949 1183 992 1247 l.
1020 1202 1072 1247 c.
1096 1184 1214 1247 ait:
1247 1207 1284 1242 «
1307 1186 1525 1250 contra
1548 1204 1645 1249 res
1667 1203 1876 1249 sacras
1901 1187 1997 1249 est
2019 1186 2209 1249 etiam
2234 1187 2631 1273 sacrilegium
2655 1190 2884 1271 (sermo

421 1286 521 1349 est
551 1285 624 1348 de
648 1283 898 1349 luxuria
926 1285 1256 1370 sacrilega)
1282 1287 1459 1351 abuti
1490 1287 1673 1351 rebus
1703 1287 1895 1351 sacris
1929 1287 2005 1350 ad
2029 1287 2297 1371 turpiter
2326 1290 2721 1372 peccandum,
2747 1290 2883 1356 ideo

427 1389 825 1474 sacrilegium
862 1388 1111 1471 quidem
1158 1389 1516 1468 committit,
1566 1389 1674 1472 qui
1705 1389 1962 1454 indutus
2000 1390 2076 1455 ad
2109 1389 2371 1454 Missam
2402 1409 2464 1456 se
2498 1392 2879 1473 polluerit».

422 1489 542 1556 Sed
598 1491 935 1556 difficultas
989 1493 1104 1566 est,
1159 1490 1469 1573 quomodo
1517 1492 1650 1557 heic
1687 1492 1772 1557 sit
1804 1493 2035 1557 abusus
2081 1493 2348 1558 vestium
2382 1512 2727 1559 sacrarum:
2777 1495 2882 1560 sed

420 1592 642 1669 voluit,
692 1593 868 1676 puto,
915 1592 1134 1669 dicere,
1182 1592 1349 1674 quod
1394 1591 1586 1657 Salm.
1619 1593 1801 1658 citati
1849 1593 2083 1670 dicunt,
2116 1594 2580 1659 irreverentiam
2625 1616 2880 1679 gravem

418 1695 631 1760 haberi
663 1713 812 1780 erga
836 1713 940 1760 eas
971 1696 1036 1760 et
1067 1714 1313 1760 sacrum
1345 1693 1738 1770 sacrificium,
1776 1694 1853 1759 ad
1876 1694 2042 1775 quod
2072 1695 2162 1760 sic
2185 1695 2441 1761 indutus
2472 1699 2730 1779 paratus
2763 1700 2876 1775 est,

419 1798 597 1862 cuius
622 1816 763 1861 cum
802 1797 1211 1863 celebratione
1242 1796 1431 1861 habet
1462 1796 1609 1861 talis
1649 1798 2005 1881 apparatuS,
2041 1816 2112 1861 ex
2143 1796 2556 1875 institutione,
2590 1799 2878 1864 intimam

419 1901 873 1964 connexionem.

510 1997 722 2073 1⁰24.
778 2000 1036 2081 Quaerit
1080 2019 1131 2066 s.
1177 2001 1362 2085 Alph.
1411 2021 1471 2065 n.
1520 2001 1669 2066 457.
1734 2019 1813 2065 an
1859 2000 2088 2065 habens
2145 2002 2364 2067 votum
2420 2003 2731 2068 castitatis
2778 2023 2878 2069 sa-

415 2106 741 2189 crilegium
788 2105 1165 2182 committat,
1208 2105 1262 2169 si
1309 2105 1575 2170 alterum
1612 2122 1726 2168 suo
1761 2105 2016 2169 consilio
2055 2104 2310 2170 inducat
2341 2105 2419 2170 ad
2464 2107 2709 2170 carnale
2747 2126 2878 2190 pec-

414 2210 647 2274 catum.

506 2312 578 2377 In
617 2310 854 2394 primiS,
894 2310 1070 2376 iuxta
1107 2328 1200 2389 ea,
1249 2330 1409 2392 quae
1455 2309 1621 2374 dicta
1669 2312 1817 2374 sunt
1863 2310 1928 2373 in
1976 2310 2374 2376 Tractatione
2420 2311 2494 2375 de
2536 2310 2874 2395 Sacrilegio

415 2416 459 2479 1.
494 2433 544 2479 c.
579 2434 639 2477 n.
675 2413 827 2477 390.
863 2413 1083 2496 seqq.),
1124 2413 1408 2495 quaestio
1442 2432 1478 2476 a
1502 2412 1679 2477 nobis
1711 2411 2113 2495 intelligenda
2138 2415 2232 2477 est
2262 2413 2337 2478 de
2367 2413 2631 2479 habente
2654 2414 2875 2478 votum

417 2516 713 2582 sollemne
748 2513 1063 2580 castitatis
1093 2514 1225 2581 sive
1258 2534 1365 2598 per
1388 2513 1829 2599 professionem
1852 2514 1981 2579 sive
2013 2532 2120 2597 per
2150 2515 2604 2599 susceptionem
2643 2514 2874 2581 ordinis

416 2620 596 2686 sacri.
633 2619 754 2700 Qui
801 2618 1119 2684 affirmant
1163 2619 1560 2703 sacrilegium
1607 2618 1877 2701 admitti,
1911 2636 1983 2683 eo
2016 2617 2346 2697 ducuntur,
2381 2619 2547 2701 quod
2579 2619 2871 2685 inducens

412 2722 609 2787 alium
657 2721 735 2785 ad
780 2722 1106 2804 peccatum
1138 2721 1467 2796 carnalem,
1499 2720 1625 2783 iam
1662 2721 1795 2802 ipse
1825 2720 2090 2804 positive
2123 2721 2377 2786 affectus
2416 2724 2511 2786 est
2549 2722 2627 2787 ad
2673 2721 2874 2787 libidi-

408 2844 572 2903 nem,
610 2824 810 2889 violat
840 2823 1094 2907 proinde
1124 2824 1364 2889 votum.
1398 2822 1463 2887 Si
1494 2822 1594 2885 hic
1619 2822 1885 2886 actualis
1911 2822 2165 2886 affectus
2190 2825 2577 2906 supponatur
2608 2843 2657 2888 e.
2683 2824 2868 2907 Alph.

417 2946 664 3009 quoque
709 2927 915 2992 censet
961 2925 1438 3009 probabiliorem
1484 2923 1858 2989 sententiam
1906 2924 2340 2990 affirmantem.
2390 2925 2508 2990 Sed
2540 2926 2696 2991 satis
2728 2945 2871 3010 pro-

411 3028 702 3093 babiliter
731 3027 945 3113 negari
990 3027 1146 3093 illud
1180 3047 1215 3091 a
1254 3024 1523 3091 Sanchez
1572 3026 1682 3103 ait,
1721 3026 1777 3088 si
1805 3025 1945 3107 quis
1979 3044 2050 3089 ex
2087 3026 2210 3092 alio
2244 3046 2436 3111 pravo
2459 3027 2602 3099 ‚fine
2633 3028 2872 3094 inducit

412 3130 768 3214 quempiam
815 3130 893 3195 ad
939 3131 1262 3214 peccatum
1293 3128 1572 3195 carnale:
1607 3128 1755 3211 quia
1787 3128 1848 3191 vi
1881 3128 2014 3193 voti
2051 3148 2229 3194 suam
2277 3132 2526 3194 tantum
2558 3149 2680 3194 non
2729 3130 2872 3195 alie-

405 3253 553 3298 nam
590 3234 949 3298 castitatem
980 3231 1303 3316 obligavit.

496 3337 685 3401 Aliud
734 3337 849 3411 est,
884 3333 1049 3416 quod
1088 3332 1181 3396 ait
1215 3332 1391 3417 Gury
1422 3353 1481 3396 v·
1521 3333 1578 3395 1.
1612 3351 1670 3395 n.
1713 3333 1864 3395 424.
1900 3334 1983 3405 3.,
2019 3333 2391 3416 sacrilegum
2424 3351 2573 3407 esse,
2602 3333 2708 3414 qui
2740 3352 2871 3416 per-

411 3457 629 3504 sonam
675 3457 916 3503 sacram
971 3435 1048 3499 ad
1105 3436 1428 3516 peccatum
1471 3435 1754 3498 luxuriae
1785 3433 2043 3507 inducit,
2083 3435 2228 3498 licet
2278 3434 2407 3516 ipse
2439 3452 2580 3497 cum
2627 3451 2698 3497 ea
2744 3452 2867 3498 non

411 3541 654 3621 peccet:
688 3540 852 3604 ratio
884 3538 999 3615 est,
1032 3536 1181 3619 quia
1212 3535 1535 3619 sacrilegio
1582 3536 1968 3617 cooperatur.

498 3640 635 3703 Iam
671 3659 813 3704 cum
846 3640 1224 3705 tractaretur
1255 3637 1328 3702 de
1360 3635 1696 3721 Sacrilegio
1721 3636 1765 3700 l.
1799 3655 1850 3700 c.
1884 3656 1945 3700 n.
1973 3638 2123 3701 390.
2149 3637 2385 3703 dictum
2412 3638 2525 3713 est,
2551 3636 2719 3701 haud
2742 3637 2870 3719 pla-

410 3758 545 3804 cere
578 3742 968 3818 sententiam,
1003 3759 1192 3823 quam
1226 3739 1287 3803 in
1321 3739 1437 3803 hac
1482 3740 1688 3803 Resol.
1722 3737 1920 3802 tradit
1949 3739 2022 3802 A.
2057 3740 2284 3803 ultimo
2322 3739 2478 3803 loco.
2511 3736 2672 3802 Cum
2706 3738 2869 3802 enim

410 3841 673 3906 violatio
704 3842 839 3907 voti
871 3843 1187 3909 sollemnis
1218 3842 1531 3906 castitatis
1555 3841 1640 3905 sit
1670 3840 2084 3923 sacrilegium,
2118 3859 2241 3905 non
2274 3859 2417 3905 vero
2449 3840 2709 3905 violatio
2734 3840 2869 3905 voti

410 3944 741 4027 simplicis:
776 3945 1051 4028 profecto
1096 3944 1568 4010 circumstantia
1598 3944 1732 4008 voti
1779 3943 2095 4007 sollemnis
2125 3943 2484 4026 explicanda
2515 3944 2628 4017 est,
2656 3944 2729 4008 ut
2775 3962 2869 4007 sa-

404 4047 647 4132 crilegii
678 4047 909 4113 crimen
940 4047 1390 4113 manifestetur.
1425 4045 1517 4110 Of.
1550 4046 1874 4130 Laymann
1911 4046 1952 4109 l.
1989 4046 2052 4110 4.
2086 4047 2166 4110 tr.
2197 4048 2299 4110 10.
2335 4065 2384 4109 c.
2424 4047 2481 4109 7.

497 4149 590 4214 De
623 4150 842 4215 ceteris
879 4168 1039 4232 quae
1076 4150 1267 4214 habet
1300 4150 1398 4227 Α..
1432 4150 1558 4213 iam
1590 4167 1791 4213 sermo
1827 4147 2080 4213 habitus
2126 4152 2222 4214 est
2268 4149 2330 4212 in
2378 4147 2593 4212 eadem
2640 4147 2867 4210 tracta-

399 4253 574 4320 tione
619 4254 693 4319 de
738 4252 1094 4338 Sacrilegio.
