3497 5147
315 345 447 419 [670]
1018 361 1104 401 nn
1141 360 1282 404 vo‘rx
1319 359 1719 404 mannicum
1756 359 2020 402 mamm-A
2644 350 2752 405 509

1270 556 1447 622 Unde
1492 555 1779 621 resolves,

400 727 494 778 Lil.
530 726 570 776 Ι.
599 724 774 791 Quivis
797 732 937 792 pater
974 733 1023 778 et
1060 725 1108 778 in
1147 724 1255 779 eius
1292 727 1481 778 delectu
1520 739 1645 778 avus
1683 731 1933 790 paternus.
1961 732 2109 789 tutor,
2135 724 2235 778 imo
2277 724 2422 778 etiem
2451 732 2624 789 mater,
2650 741 2748 781 nou

299 816 475 861 tantum
514 807 556 861 si
594 808 745 862 tutrix
784 808 862 877 sit,
889 810 974 862 sed
1014 810 1161 862 etiam
1185 809 1234 862 in
1275 805 1492 875 priorum
1531 811 1721 862 deiectu
1760 816 1811 863 et
1847 809 2116 862 secundum
2158 812 2411 875 quosdam,
2440 810 2642 877 reliquis
2668 813 2750 865 de·

297 892 577 956 Mentibus
602 894 748 946 etiam
776 894 1006 958 magister
1032 898 1110 947 vei
1142 897 1308 956 hcruS,
1336 902 1387 947 ut
1413 896 1558 946 Suar.
1584 896 1720 947 Lessa
1751 895 1799 946 d.
1838 896 1915 947 10.
1943 908 1991 946 ιι.
2018 894 2295 947 78.οοιιιι·ιι
2323 897 2558 967 δεηοιιςῑ,
2587 902 2751 961 potest

296 977 471 1031 directe
494 977 688 1032 irritare
707 985 821 1031 vota
842 979 1107 1033 liberorum
1131 977 1458 1046 impuberum,
1478 985 1532 1032 ut
1556 977 1804 1042 colligitur
1828 992 1893 1031 ex
1917 992 2025 1044 cap.
2056 979 2136 1031 14.
2161 976 2397 1033 Mulier.
2424 981 2509 1033 32.
2528 995 2576 1045 q.
2598 983 2647 1034 2.
2668 982 2746 1046 (a)

293 1069 340 1115 et
361 1060 423 1116 si
456 1060 597 1130 quis,
629 1062 702 1116 Re
727 1062 984 1132 Reqular.
1012 1065 1313 1130 impubertas
1336 1070 1499 1117 autem
1525 1064 1793 1116 secundum
1819 1062 1930 1116 iura
1970 1062 2137 1116 finitur
2167 1062 2218 1116 iu
2245 1063 2478 1117 musculis
2502 1079 2628 1117 auno
2666 1067 2748 1118 de·

293 1145 410 1198 timo
446 1153 624 1212 quarto
661 1150 923 1213 completo,
961 1146 1009 1200 in
1049 1147 1239 1200 leminis
1276 1146 1565 1200 duodecimo
1603 1149 1866 1213 completo,
1901 1162 1928 1200 a
1967 1145 2047 1200 die
2086 1147 2358 1201 nativitatis
2398 1151 2744 1216 computando,

291 1237 340 1282 ut
375 1233 547 1284 Suucb.
577 1233 609 1284 Ι.
636 1247 679 1284 c.
708 1233 877 1296 Laym.
906 1239 940 1284 t.
965 1232 1011 1283 4.
1040 1246 1085 1286 c.
1111 1232 1161 1283 7.
1190 1248 1233 1285 n.
1273 1233 1347 1285 10.
1378 1233 1497 1284 Bon.
1528 1231 1652 1298 disp.
1684 1231 1731 1284 4.
1765 1248 1812 1297 q.
1841 1235 1888 1284 2.
1920 1247 1966 1298 p.
2003 1235 2050 1284 6.
2080 1234 2128 1300 g.
2160 1234 2208 1285 2.

373 1352 543 1427 869.
578 1356 671 1421 Ex
703 1375 753 1421 s,
779 1357 964 1441 Alph.
988 1357 1097 1423 lib.
1126 1358 1186 1422 3.
1213 1379 1273 1422 ιι.
1302 1359 1450 1422 229.
1476 1359 1628 1423 nota
1665 1359 1730 1420 1⁰
1755 1358 2149 1424 Facultatem
2185 1359 2474 1426 irritandi
2503 1360 2747 1424 extendi

289 1457 359 1522 ad
404 1459 615 1524 omnia
663 1460 814 1523 vota
859 1460 998 1523 tum
1041 1460 1253 1536 realia,
1302 1462 1441 1524 tum
1485 1461 1854 1543 personalia,
1895 1461 2085 1525 etiam
2134 1461 2411 1544 alioquin
2456 1462 2746 1527 Pontifici

284 1561 613 1638 reservata,
643 1561 740 1625 uti
770 1561 919 1626 vota
942 1563 1273 1645 perpetuae
1305 1563 1380 1626 et*
1400 1562 1788 1627 omnimodae
1821 1563 2134 1628 castitatis
2159 1582 2231 1627 ac
2255 1563 2601 1648 Religionis
2627 1565 2742 1627 etc.

286 1664 345 1725 et
372 1663 517 1727 licet
561 1663 733 1727 reale
780 1664 865 1728 sit
908 1663 983 1727 de
1028 1663 1205 1728 bonis
1251 1664 1667 1729 castrensibus
1706 1665 1821 1728 aut
1865 1665 2045 1747 quasi
2091 1665 2528 1729 castrensibus.
2578 1665 2744 1750 Ergo

282 1768 495 1831 votum
527 1785 575 1831 s.
615 1764 944 1831 Gertrudis
982 1767 1228 1849 poterat
1260 1785 1296 1830 a
1328 1767 1506 1850 patre
1546 1767 1803 1830 irritari.

456 1871 523 1932 2ο
569 1870 970 1935 Facultatem
1022 1870 1183 1934 hanc
1235 1869 1477 1934 extendi
1530 1869 1722 1933 etiam
1769 1869 1847 1933 ad
1900 1869 2062 1935 filios
2115 1870 2502 1954 illegitimos.
2553 1870 2746 1935 Addit

283 1988 332 2033 S.
356 1970 534 2053 Alph.
568 1992 631 2036 n.
672 1973 822 2036 232.
855 1972 1172 2055 probabile
1220 1990 1370 2046 esse,
1402 1971 1467 2034 id
1514 1972 1719 2036 valere
1768 1971 1842 2036 de
1889 1973 2063 2054 patre
2109 1971 2300 2054 (idem
2348 1972 2446 2036 dic
2483 1972 2557 2036 de
2604 1972 2744 2036 aliis

280 2074 579 2158 personis)
627 2074 740 2156 qui
786 2075 933 2139 talis
964 2075 1049 2139 sit
1078 2074 1284 2138 solum
1328 2093 1436 2156 per
1472 2093 1748 2137 errorem
1792 2092 2189 2151 communem,
2224 2093 2333 2139 seu
2364 2094 2529 2139 mere
2567 2075 2745 2159 puta-

274 2173 474 2241 titius.
523 2177 749 2243 Monet
793 2178 1002 2243 tamen
1050 2176 1319 2242 Sanchez
1367 2175 1538 2240 Mor.
1587 2177 1695 2241 lib.
1729 2179 1792 2241 4.
1843 2197 1975 2259 cap.
2016 2179 2122 2241 32.
2161 2199 2221 2243 ιι.
2260 2179 2364 2242 16.
2413 2198 2558 2242 cum
2603 2178 2744 2242 aliis

271 2278 434 2360 apud
466 2277 836 2346 Salmantic.
876 2280 951 2343 de
999 2279 1130 2345 Vot.
1167 2299 1300 2363 cap.
1335 2279 1395 2342 3.
1431 2300 1489 2344 n.
1529 2281 1653 2354 71..
1689 2279 2104 2344 irritationem
2137 2299 2258 2344 non
2291 2282 2520 2357 tenere,
2556 2280 2608 2344 si
2642 2300 2746 2363 po-

269 2383 399 2443 stea
431 2382 775 2468 detegatur
819 2402 1007 2447 error.
1040 2383 1124 2445 Et
1168 2381 1308 2463 (nos
1346 2381 1708 2464 subdemus)
1739 2383 1889 2445 tunc
1935 2382 2214 2465 potestas
2262 2381 2372 2445 fiet
2408 2382 2508 2446 vel
2553 2383 2744 2446 matri

272 2482 364 2546 vel
397 2483 545 2548 aliis
582 2486 704 2549 etc.

445 2588 520 2651 3⁰
544 2587 615 2652 Si
640 2588 851 2671 plures
876 2588 1002 2663 sint
1024 2589 1286 2663 tutores..
1311 2587 1650 2669 quemlibet
1675 2606 1892 2652 eorum
1916 2587 2130 2652 eadem
2162 2586 2465 2653 facultate
2489 2588 2743 2671 pollere.

263 2684 440 2752 Suar.
469 2690 583 2754 lib.
616 2690 681 2753 6.
706 2707 758 2752 c.
786 2688 846 2753 6.
874 2709 934 2754 n.
962 2691 1067 2752 22.

350 2788 535 2863 670.
579 2791 683 2856 Ad
718 2793 986 2856 matrem
1015 2792 1182 2873 quod
1203 2793 1462 2876 spectat,
1496 2792 1734 2856 Auctor
1764 2790 1961 2867 docet,
1996 2792 2261 2856 matrem
2293 2791 2357 2854 id
2390 2809 2570 2874 posse
2598 2793 2663 2855 1⁰
2686 2792 2741 2856 si

257 2892 459 2959 tutrix
492 2896 608 2974 sit,
645 2896 717 2957 2ο
746 2894 810 2958 in
858 2894 1125 2959 aliorum
1171 2893 1431 2971 defectu,
1467 2893 1712 2958 etiamsi
1743 2912 1867 2958 non
1915 2892 2000 2956 sit
2046 2894 2277 2957 tutrix:
2313 2893 2478 2975 quod
2513 2896 2575 2958 et
2606 2913 2743 2978 pro-

256 2994 466 3060 babile
516 2995 681 3060 dicit
726 3014 774 3059 s.
807 2995 992 3078 Alph.
1027 3015 1086 3059 n.
1130 2997 1279 3060 230.

343 3097 467 3163 Sed
518 3118 573 3163 s.
610 3097 797 3182 Alph.
846 3098 993 3163 ibid.
1043 3097 1234 3174 addit,
1283 3099 1600 3183 probabile
1646 3117 1778 3162 esse
1822 3101 2090 3161 matrem
2136 3098 2254 3162 hoc
2302 3116 2498 3180 posse,
2550 3097 2743 3160 etiam

250 3203 594 3284 praesente
638 3202 817 3284 patre
864 3200 962 3265 vel
1007 3202 1238 3277 tutore,
1287 3201 1406 3266 etsi
1451 3221 1592 3265 cum
1652 3200 2160 3266 subordinatione
2212 3199 2289 3264 ad
2337 3202 2599 3284 patrem,
2650 3199 2741 3264 ita

249 3306 324 3367 ut
354 3324 489 3369 non
524 3303 735 3388 possit
778 3303 1045 3382 irritare,
1092 3305 1268 3387 patre
1299 3303 1778 3369 contradicente.
1823 3302 2033 3381 Ratio,
2068 3302 2217 3384 quia
2255 3302 2403 3366 talis
2442 3303 2740 3386 potestas,

248 3406 400 3473 licet
433 3426 573 3472 non
613 3406 897 3483 civiliter,
932 3407 1000 3470 at
1030 3405 1400 3470 naturaliter
1447 3407 1544 3470 est
1586 3406 1650 3469 in
1697 3406 1918 3468 matre.
1959 3404 2040 3468 Et
2087 3404 2209 3467 huc
2255 3403 2521 3467 afferunt
2558 3404 2743 3467 verba

246 3527 295 3573 ε.
346 3510 671 3586 Thomae‚
720 3526 929 3590 opusc.
982 3508 1084 3571 17.
1143 3504 1381 3572 Contra
1425 3504 1845 3570 Retrahentes
1889 3504 1969 3568 ab
2027 3505 2318 3585 inpressu
2362 3502 2742 3584 Religioni&

245 3632 382 3698 cap.
420 3615 538 3678 13.
569 3611 671 3687 ad.
702 3613 830 3685 1Ο.,
861 3610 971 3675 ubi
1000 3609 1183 3674 dicit:
1219 3624 1535 3672 PARENTES
1567 3627 1743 3691 posse
1774 3605 2135 3671 huiusmodi
2163 3606 2313 3670 vota
2349 3604 2744 3688 impuberum

241 3719 641 3782 retractare.

332 3820 562 3887 Notat
614 3838 663 3883 s.
696 3818 879 3901 Alph.
927 3838 988 3883 n.
1024 3818 1174 3881 231.
1207 3815 1589 3900 probabilius
1637 3812 1918 3878 habenda
1964 3815 2040 3877 ut
2085 3811 2294 3876 valida
2343 3814 2492 3877 vota
2538 3812 2743 3897 impu-

241 3923 477 3989 berum
514 3923 590 3986 et
623 3921 890 3985 aliorum
919 3919 1313 3985 subditorum
1343 3918 1532 3983 donec
1562 3917 1904 3982 irritentur.
1943 3915 2026 3980 Et
2071 3915 2187 3980 hoc
2232 3917 2449 3980 contra
2487 3915 2740 3996 aiente8‚

238 4027 504 4092 nullam
559 4042 696 4089 esse
725 4022 805 4087 iis
842 4022 971 4086 vim
999 4041 1109 4086 nee
1139 4021 1412 4107 indigere
1448 4020 1848 4093 relaxatione,
1885 4017 1937 4081 si
1969 4017 2097 4082 sine
2130 4036 2431 4082 consensu
2471 4017 2739 4100 positivo

240 4129 670 4213 superiorum
715 4125 842 4189 sint
871 4124 1129 4189 emissa:
1162 4144 1321 4206 quae
1352 4124 1657 4189 sententia
1691 4142 1726 4188 a
1766 4122 2135 4205 quibusdam
2183 4122 2534 4186 defenditur
2567 4121 2629 4182 et
2662 4120 2738 4181 ab

232 4230 595 4298 nonnullis
629 4228 766 4292 aliis
803 4229 1086 4292 censetur
1116 4227 1473 4310 probabilis

321 4526 393 4578 (a)
426 4523 631 4567 Canon
657 4520 751 4565 iste
778 4524 853 4565 est
879 4522 965 4565 lex
993 4519 1211 4574 positiva
1240 4517 1329 4561 Dei
1360 4518 1412 4560 in
1443 4517 1501 4562 V.
1530 4518 1582 4561 Τ.
1605 4530 1667 4560 ex
1686 4517 1837 4560 Num.
1863 4517 2018 4559 XXX.
2042 4519 2083 4559 4.
2105 4518 2167 4569 6.,
2198 4528 2327 4570 quae
2363 4515 2534 4568 desiit,
2567 4517 2651 4559 sed
2680 4517 2744 4559 ab

232 4590 487 4636 Eoelesia
520 4591 736 4640 recepta
764 4591 857 4631 est.
889 4587 950 4631 E.
