3497 5147
747 358 850 414 106
1039 371 1252 413 mmor.
1293 373 1347 412 v.
1389 371 1553 413 sacr.
1591 372 1682 412 111.
1720 371 1807 410 ma
1846 370 2167 413 cAm‘rA'ns
2205 371 2592 414 rumonim-rs.
2633 372 2831 414 cAPu'r
2868 376 2908 415 1.
3071 362 3220 438 [141]

833 470 1058 535 Suarez
1091 470 1165 533 de
1213 469 1410 534 Carit.
1453 470 1607 554 disp.
1653 473 1711 535 5.
1747 474 1895 536 sect.
1946 475 2006 535 2.
2048 494 2106 537 n.
2145 473 2242 535 2.:
2300 497 2335 531 «
2372 472 2655 537 Breviter
2685 472 2842 550 dico,
2877 473 2993 537 hoc
3039 493 3211 556 prae-

743 577 918 656 cepto
966 593 1088 638 non
1155 575 1317 658 exigi
1366 594 1402 637 a
1456 574 1634 639 nobis
1681 576 1920 639 certum
1985 575 2257 657 aliquem
2312 576 2677 640 intensionis
2723 576 3061 639 terminum
3107 596 3217 642 seu

740 677 1006 761 gradum
1039 701 1099 739 ».

830 778 913 842 Et
949 778 1174 861 probat
1223 780 1289 840 1ο
1321 779 1468 860 quia
1517 780 1717 843 solum
1754 779 1988 861 petitur
2034 799 2215 844 verus
2263 781 2328 844 et
2373 780 2699 845 absolutus
2733 800 2912 846 amor
2949 781 3086 858 Dei,
3136 784 3209 846 ut

745 880 952 944 ultimi
997 879 1138 943 finis
1184 881 1424 964 gratiae
1472 881 1535 944 et
1582 883 1876 958 naturae3
1918 882 2093 963 atqui
2124 882 2225 945 hic
2256 883 2433 946 actus
2471 883 2679 965 potest
2710 901 2840 947 esse
2873 883 3003 947 sine
3034 883 3202 946 certa

745 982 1108 1046 intensione.

927 1087 998 1148 2⁰
1029 1085 1092 1149 Si
1140 1087 1308 1149 certa
1346 1086 1704 1168 requiratur
1739 1086 2027 1163 intensio,
2076 1088 2227 1151 haec
2274 1088 2393 1151 erit
2437 1087 2536 1151 vel
2567 1106 2812 1151 summa
2843 1087 3207 1168 simpliciter

747 1189 810 1251 et
841 1187 958 1251 hoc
990 1206 1140 1266 non;
1189 1187 1336 1270 quia
1384 1187 1594 1252 nullus
1642 1188 1738 1252 est
1769 1189 1917 1252 talis
1954 1189 2185 1273 gradus
2231 1188 2294 1252 in
2327 1189 2608 1266 caritate,
2639 1188 2760 1251 nisi
2793 1188 2932 1268 quis
2979 1187 3209 1251 habeat

746 1289 1071 1353 caritatem
1117 1286 1378 1353 Christi:
1430 1290 1526 1353 vel
1573 1309 1819 1354 summa
1865 1274 2201 1373 respective
2247 1294 2310 1356 et
2357 1291 2504 1355 talis
2551 1290 2852 1374 obligatio
2892 1309 3089 1371 neque
3135 1308 3207 1353 ex

748 1391 1068 1475 Scriptura
1099 1411 1208 1456 nec
1239 1391 1486 1456 aliunde
1518 1393 1837 1474 probatur.

835 1491 1125 1558 Confirm.
1160 1494 1252 1558 Ex
1300 1493 1585 1577 opposita
1632 1495 1939 1558 sententia
1986 1497 2186 1559 mater
2232 1514 2473 1578 semper
2519 1494 2806 1558 dubitare
2851 1495 3080 1577 potest,
3130 1513 3205 1557 an

747 1599 954 1681 peccet
983 1598 1335 1661 mortaliter
1366 1597 1676 1681 diligendo
1710 1597 1979 1661 filiolum
2011 1600 2075 1662 et
2107 1599 2283 1662 actus
2324 1597 2598 1679 alioquin
2631 1598 2929 1662 honestus
2960 1598 3209 1680 propter

747 1699 945 1764 solam
975 1699 1383 1763 intensionem
1431 1698 1720 1763 evaderet
1754 1700 1960 1763 malus
2008 1701 2072 1764 et
2103 1700 2352 1781 quidem
2376 1700 2669 1785 graviter.
2719 1700 3048 1764 Praeterea
3097 1700 3210 1763 hoc

747 1804 1140 1885 praeceptum
1159 1802 1469 1886 obligaret
1487 1802 1562 1866 ad
1588 1804 1892 1866 maiorem
1917 1802 2327 1866 intensionem
2351 1802 2645 1865 miserum
2667 1801 2849 1865 illum
2873 1802 3206 1876 hominem,

747 1905 854 1986 qui
884 1904 1045 1968 forte
1075 1924 1302 1988 magno
1335 1906 1631 1989 quopiam
1665 1905 1890 1970 affectu
1922 1925 2017 1968 res
2051 1906 2207 1969 alias
2241 1904 2483 1988 diligat.
2526 1902 2703 1968 Suar.
2745 1905 2829 1969 ib.
2856 1925 2916 1967 n.
2945 1906 3006 1967 2.
3042 1905 3103 1967 3.
3129 1903 3209 1966 Et

745 2006 862 2070 hoc
899 2024 1083 2069 sensu
1121 2025 1336 2069 verum
1368 2009 1481 2084 est,
1517 2007 1680 2087 quod
1712 2008 1936 2072 modus
1967 2006 2251 2071 caritatis
2283 2026 2403 2072 non
2436 2006 2603 2071 cadit
2634 2008 2749 2073 sub
2781 2010 3205 2090 praeceptum:

746 2108 826 2171 ib.
863 2128 923 2170 n.
960 2109 1020 2169 5.

856 2268 931 2320 lll.
953 2268 1099 2331 Resp.
1124 2269 1173 2317 2.
1189 2265 1451 2319 Probabile
1475 2272 1551 2319 est
1578 2272 1892 2333 praeceptum
1918 2265 2137 2319 caritatis
2167 2267 2256 2320 Dei
2284 2266 2504 2331 obligare
2529 2270 2576 2320 l.
2600 2269 2806 2334 Quando
2835 2271 2982 2320 bomo
3002 2268 3209 2332 adeptus

746 2358 822 2403 est
858 2350 1178 2404 sufficientem
1216 2350 1543 2414 cognitionem
1573 2351 1662 2404 Dei
1686 2350 1874 2404 innuite
1903 2350 2031 2413 boni,
2064 2367 2092 2404 a
2118 2367 2215 2418 quo
2242 2352 2402 2406 oninia
2430 2368 2518 2406 sua
2546 2356 2671 2406 bona
2697 2354 2844 2406 babet
2867 2359 2917 2406 et
2942 2351 3022 2404 cui
3048 2351 3207 2404 omnia

751 2439 912 2490 debet.
934 2436 1077 2490 Ratio
1105 2444 1202 2504 est;
1223 2437 1336 2502 quia
1364 2453 1474 2490 cum
1504 2444 1726 2490 teneatur
1758 2438 1860 2489 Deo
1887 2452 1949 2490 ex
1976 2437 2108 2490 filiali
2135 2453 2302 2491 amore
2330 2445 2431 2492 tota
2457 2438 2558 2492 vita
2585 2438 2791 2502 servire,
2810 2437 2861 2491 id
2888 2451 2985 2490 non
3013 2436 3208 2491 videtur

753 2537 897 2589 posse
937 2521 1058 2586 lieri,
1088 2522 1178 2575 nisi
1217 2521 1380 2575 eliciat
1403 2529 1563 2573 actum
1590 2519 1790 2573 amoris.
1816 2519 1950 2575 *Hac
1977 2523 2039 2576 de
2064 2537 2114 2576 re
2150 2522 2262 2577 vide
2301 2525 2501 2590 Propos.
2528 2522 2806 2590 oppositam
2834 2524 3109 2576 damnatam
3149 2524 3209 2575 ab

752 2610 893 2660 Alex.
908 2609 1013 2660 Vll.
1030 2609 1173 2671 Prop.
1193 2604 1357 2659 l.*lta
1384 2621 1425 2658 s.
1445 2608 1538 2659 Tb.
1567 2608 1609 2657 l.
1633 2609 1680 2658 2.
1703 2621 1750 2670 q.
1773 2607 1858 2658 89.
1881 2621 1926 2660 a.
1947 2608 1999 2659 6.
2016 2610 2136 2660 Nav.
2151 2608 2304 2662 Man.
2320 2623 2365 2661 c.
2392 2610 2475 2661 Η.
2495 2622 2544 2660 n.
2569 2608 2621 2660 7.
2643 2609 2840 2662 Valent.
2855 2615 2905 2661 et
2924 2616 3020 2662 cet.
3032 2621 3205 2661 comm.

750 2694 906 2754 (notat
931 2698 1093 2744 autem
1118 2692 1241 2745 Con.
1269 2689 1335 2743 de
1360 2690 1475 2744 Act.
1502 2688 1740 2758 Supem.
1774 2689 1898 2757 disp.
1930 2691 2015 2744 24.
2041 2692 2088 2744 d.
2109 2693 2157 2744 3.
2180 2707 2227 2743 n.
2255 2693 2341 2746 50.
2363 2707 2458 2745 non
2485 2691 2647 2746 statim
2675 2699 2785 2758 post
2815 2695 2961 2746 talem
2987 2690 3207 2745 notitiam

747 2789 951 2841 peceare
989 2775 1273 2838 mortaliter,
1300 2776 1385 2828 sed
1413 2781 1615 2837 tantum,
1646 2774 1688 2827 si
1714 2774 1905 2828 differat
1931 2775 2227 2838 notabiliter,
2255 2791 2302 2829 V.
2334 2791 2404 2841 gr.
2434 2780 2558 2829 ultra
2586 2779 2784 2842 annum)
2813 2781 2982 2829 contra
3013 2777 3207 2828 Palaum

748 2859 828 2923 qui
867 2857 983 2912 dicit
1021 2858 1276 2926 probabile
1313 2873 1437 2917 esse,
1477 2860 1607 2923 quod
1646 2873 1741 2911 non
1781 2858 1981 2923 obliget.
2021 2859 2073 2913 si
2111 2864 2371 2926 scrupulus
2411 2867 2458 2914 le
2497 2867 2655 2924 angat,
2697 2874 2757 2912 an
2797 2868 3056 2926 praecepto
3098 2858 3208 2912 huic

747 2942 1059 3007 satisfeceris,
1091 2946 1232 2996 docet
1273 2946 1449 2995 Eseob.
1477 2957 1535 2995 ex
1563 2946 1707 2996 Petro
1737 2946 1878 2997 Hurl.
1908 2948 1957 2996 2.
1985 2947 2032 2998 2.
2056 2948 2103 2998 d.
2137 2946 2252 2998 172.
2280 2960 2319 2997 s.
2354 2948 2399 2997 l.
2427 2946 2475 3013 S.
2506 2944 2590 2996 24.
2616 2945 2766 3009 quod,
2793 2943 2834 2996 si
2862 2942 3073 3010 positive
3114 2957 3208 2995 nou

750 3029 1028 3093 meministi,
1061 3036 1108 3082 te
1134 3028 1372 3091 omisisse,
1403 3035 1567 3082 tenere
1607 3028 1783 3095 possis,
1809 3035 1859 3083 te
1895 3029 2205 3084 satisfecisse.
2238 3031 2393 3083 Trull.
2421 3036 2579 3082 tamen
2606 3031 2638 3082 1.
2670 3031 2718 3081 l.
2744 3044 2788 3082 c.
2818 3031 2867 3082 5.
2896 3030 2943 3082 d.
2974 3030 3055 3083 ⁴3.
3084 3042 3130 3081 n.
3158 3028 3204 3079 9.

756 3123 916 3168 monet
955 3113 1204 3181 expedire,
1231 3122 1285 3167 ut
1322 3113 1432 3178 quis
1469 3129 1521 3167 se
1560 3113 1609 3167 in
1647 3113 1953 3168 confessione
1992 3115 2251 3180 aliquando
2282 3121 2482 3169 accuset
2518 3117 2609 3168 sub
2646 3113 2816 3179 dubio,
2841 3112 2883 3167 si
2925 3116 3050 3166 torte
3078 3126 3208 3179 prae·

752 3204 947 3263 ceptum
975 3197 1105 3251 istud
1132 3197 1346 3260 violarit,
1367 3202 1446 3252 vel
1472 3198 1566 3251 alia
1592 3206 1851 3265 praecepta
1879 3199 2183 3261 affirmativa,
2203 3201 2265 3252 de
2290 3199 2468 3264 quibus
2495 3214 2590 3253 non
2616 3206 2753 3252 certo
2778 3203 2987 3262 constat,
3013 3198 3206 3264 quando

753 3284 970 3346 obligent
997 3285 1075 3337 vel
1103 3283 1358 3337 violentur.
1389 3288 1436 3337 2.
1464 3286 1671 3351 Quando
1710 3291 1786 3336 est
1812 3284 2075 3347 periculum
2116 3284 2307 3337 labendi
2346 3284 2395 3336 in
2434 3284 2598 3337 odium
2640 3283 2746 3346 Dei,
2776 3282 2867 3335 nisi
2896 3291 3055 3336 actum
3082 3280 3203 3335 cari·

751 3367 864 3420 tatis
890 3367 1070 3422 elicias.
1094 3370 1142 3421 3.
1165 3370 1370 3436 Quando
1397 3368 1506 3433 quis
1527 3375 1715 3421 tenetur
1738 3368 1943 3431 conteri,
1965 3383 2013 3420 v.
2038 3383 2110 3432 gr.
2134 3368 2401 3423 moriturus
2419 3376 2503 3422 aut
2523 3370 2880 3430 celebraturus,
2905 3367 2984 3420 cui
3009 3366 3205 3421 Contes-

751 3451 911 3504 sarius
927 3454 1079 3505 deest.
1097 3453 1238 3505 Ratio
1258 3461 1347 3514 est,
1366 3453 1475 3518 quia
1495 3453 1724 3507 contritio
1744 3453 1951 3507 includit
1970 3461 2132 3508 aetum
2152 3455 2381 3508 caritatis».
2401 3456 2447 3509 4.
2467 3453 2521 3508 Si
2541 3454 2651 3521 quis
2671 3468 2872 3518 gravem
2893 3454 3206 3509 tentationem

751 3536 1039 3602 praesertim
1065 3537 1113 3591 in
1137 3538 1345 3591 articulo
1370 3538 1557 3605 mortis,
1579 3545 1716 3604 putet
1739 3552 1794 3591 se
1819 3537 1962 3591 aliter
1979 3539 2179 3592 vincere
2206 3554 2301 3591 non
2328 3553 2490 3606 posse.
2516 3537 2706 3605 Quibus
2734 3537 2885 3604 aliqui
2912 3541 3101 3592 addunt
3128 3552 3200 3591 ar·

749 3620 953 3675 ticulum
991 3621 1165 3676 mortis
1201 3624 1441 3685 absolute,
1468 3636 1528 3675 eo
1553 3625 1682 3687 quod
1713 3630 1827 3677 tune
1852 3622 2162 3677 securissima
2194 3623 2274 3677 via
2299 3623 2520 3687 eligenda
2550 3621 2634 3676 sit.
2666 3621 2718 3676 V.
2748 3625 2919 3688 Laym.
2950 3626 2981 3676 l.
3012 3625 3061 3674 2.
3088 3628 3124 3676 t.
3156 3623 3204 3675 3.

749 3720 795 3759 c.
822 3709 870 3758 2.
898 3709 1074 3759 Bonae.
1100 3709 1131 3760 l.
1161 3709 1209 3759 3.
1236 3722 1283 3773 q.
1315 3708 1357 3760 4.
1389 3722 1436 3773 ρ.
1465 3710 1512 3758 2.
1539 3708 1682 3760 Hurt.
1711 3711 1760 3760 2.
1787 3710 1836 3760 2.
1862 3708 1975 3761 dist.
2007 3708 2123 3760 174.
2151 3723 2192 3761 s.
2219 3712 2269 3761 6.
2297 3708 2345 3774 S·
2377 3708 2458 3760 ⁴7.

841 3830 977 3905 141.
1011 3836 1364 3915 Quaeritur,
1413 3837 1659 3920 quando
1708 3837 1949 3921 obligat
1995 3838 2389 3919 praeceptum
2425 3837 2727 3901 caritatis
2767 3838 3038 3903 Adverte
3085 3840 3209 3903 tres

752 3939 1208 4022 propositiones
1241 3939 1568 4003 damnatas
1608 3939 1684 4001 ab
1717 3939 1927 4003 Innoc.
1962 3939 2072 4002 XI.

931 4042 1015 4105 5¹¹¹
1056 4066 1092 4099 «
1126 4042 1222 4105 An
1248 4042 1456 4123 peccet
1477 4040 1829 4103 mortaliter
1853 4041 1959 4121 qui
1994 4042 2204 4103 actum
2228 4040 2574 4105 dilectionis
2609 4041 2723 4106 Dei
2748 4043 2938 4107 semel
2960 4044 3212 4108 tantum

749 4146 814 4208 in
847 4145 978 4208 vita
1017 4143 1282 4219 eliceret,
1317 4141 1720 4205 condemnare
1751 4160 1876 4205 non
1909 4141 2209 4206 audemus
2241 4166 2303 4205 ».

931 4248 1017 4309 6ω
1051 4272 1086 4305 «
1117 4244 1446 4309 Probabile
1484 4246 1598 4322 est,
1639 4262 1712 4307 ne
1740 4245 2005 4329 singulis
2038 4245 2285 4327 quidem
2316 4246 2594 4331 rigorose
2625 4247 3063 4329 quinquenniis
3109 4266 3212 4331 per

751 4369 814 4413 se
864 4349 1139 4432 obligare
1185 4346 1580 4429 praeceptum
1611 4345 1895 4411 caritatis
1928 4367 2075 4432 erga
2110 4348 2310 4413 Deum
2344 4374 2405 4413 ».

937 4452 1022 4512 7ω
1057 4450 1229 4512 Tunc
1261 4448 1463 4511 solum
1497 4448 1756 4533 obligat,
1797 4449 2043 4532 quando
2082 4452 2363 4515 tenemur
2398 4450 2724 4516 iustificari
2761 4453 2827 4516 et
2853 4470 2978 4517 non
3025 4453 3212 4518 habe-

753 4571 893 4614 mus
926 4550 1114 4613 aliam
1153 4550 1340 4627 viam,
1381 4570 1504 4632 qua
1549 4550 1873 4616 iustificari
1912 4554 2239 4636 possimus.
