3497 5147
309 350 438 427 [214]
930 363 1016 403 nn
1053 361 1478 403 ELEEMOSYNA.
1518 360 1767 408 QUANTA
1807 361 2138 402 οΒωοΑτιο
2656 347 2764 400 159

406 461 645 514 ΧΧΧΙΧ.
673 461 723 512 5.
751 458 1013 523 Religiosis
1039 472 1192 523 aeque
1221 472 1278 510 ac
1311 456 1419 510 aliis
1457 457 1754 525 pauperibus
1792 461 2030 511 debentur
2053 461 2423 523 eleemosynae;
2451 456 2562 522 quia
2590 470 2762 510 eorum

313 552 556 615 paupertas
594 552 642 599 et
683 544 951 598 necessitas
989 550 1063 596 est
1091 558 1201 595 vcra
1230 548 1278 596 et
1303 541 1446 606 iusta,
1479 543 1667 596 tametsi
1709 544 1985 597 voluntarie
2024 551 2289 606 contracta,
2320 557 2430 595 cum
2460 544 2685 595 voluntas
2714 550 2761 594 et

313 646 444 684 causa
483 630 628 684 tuerit
666 628 971 683 rationabilis
997 635 1046 680 et
1071 634 1206 692 grata
1237 630 1359 680 De0.
1388 629 1526 681 Losc.
1561 627 1698 680 Dian.
1729 644 1775 695 p.
1799 630 1849 681 5.
1880 636 1912 680 t.
1943 633 1990 681 8.
2024 642 2063 680 r.
2095 631 2177 679 =l8.
2205 626 2351 680 Aliud
2380 634 2454 680 est
2482 628 2541 679 de
2569 626 2646 690 iis,
2677 627 2758 691 qui

311 725 466 782 sponte
502 729 591 769 sua
629 714 940 781 culpabiliter
979 720 1093 766 sunt
1133 726 1389 778 pauperes,
1419 719 1469 764 ut
1511 713 1801 777 vagabundi,
1828 709 1946 766 ibid.
1975 728 2012 764 r.
2052 715 2127 765 l9.

390 866 542 939 213.
579 868 730 931 Fuit
765 866 1014 930 Medina
1040 865 1204 948 apud
1229 866 1432 928 Diana
1449 867 1601 929 tom.
1622 867 1683 928 4.
1718 868 1798 930 tr.
1832 867 1889 929 7.
1918 866 2098 930 resol.
2134 867 2262 941 40„
2284 866 2393 947 qui
2424 865 2761 936 contendit.

309 973 750 1055 eleemosynam
775 969 980 1033 deberi
1012 967 1340 1052 religiosiS,
1367 969 1515 1049 quia
1537 968 1897 1032 ministrant
1913 968 2285 1050 spiritualia,
2305 987 2426 1032 non
2454 987 2597 1032 vero
2616 968 2763 1049 quia

311 1075 443 1138 sunt
472 1091 802 1156 pauperes;
830 1090 1025 1153 neque
1066 1070 1229 1134 enim
1261 1089 1333 1135 ex
1365 1088 1435 1134 eo
1468 1071 1633 1152 quod
1665 1071 1919 1153 quidam
1974 1074 2193 1153 sponte
2225 1090 2288 1134 se
2321 1071 2654 1135 coniiciant
2701 1072 2762 1134 in

311 1177 749 1259 paupertatem
791 1171 1101 1258 obligatio
1137 1173 1284 1237 oriri
1317 1173 1498 1237 debet
1529 1173 1734 1255 quoad
1768 1173 1943 1248 alios,
1980 1176 2053 1237 ut
2077 1192 2181 1237 eos
2219 1175 2589 1237 sustentent.
2624 1172 2765 1236 Sen-

309 1278 488 1342 tentia
520 1277 675 1340 haec
707 1277 802 1340 est
834 1296 866 1340 a
890 1276 1159 1350 nomala,
1194 1295 1230 1338 a
1260 1275 1502 1339 nemine
1535 1276 1657 1340 alio
1691 1276 2045 1360 excogitata
2072 1277 2182 1339 aut
2216 1275 2515 1358 adoptata
2549 1277 2612 1340 et
2642 1296 2766 1339 me-

317 1379 446 1444 rito,
478 1379 730 1443 Etenim

477 1479 549 1544 1υ
595 1480 718 1545 Ubi
784 1497 928 1544 vera
983 1481 1079 1544 est
1138 1480 1489 1554 necessitas,
1547 1481 1777 1544 caritas
1839 1481 2032 1564 exigit
2081 1485 2152 1544 ut
2213 1481 2269 1544 ei
2333 1481 2760 1554 subveniatur,

313 1584 546 1650 etiamsi
569 1585 632 1647 in
666 1584 856 1648 istam
893 1583 1324 1647 necessitatem
1355 1602 1476 1647 non
1509 1584 1691 1648 modo
1725 1584 2096 1658 voluntarie,
2138 1583 2240 1647 sed
2282 1585 2472 1648 etiam
2509 1603 2616 1666 per
2649 1583 2760 1646 cri-

312 1707 441 1750 men
486 1686 627 1768 quis
665 1705 730 1749 se
763 1685 1109 1750 coniecerit.
1167 1685 1332 1768 Ergo
1373 1705 1408 1748 a
1465 1685 1712 1749 fortiori
1744 1685 1989 1768 quando
2035 1705 2154 1749 non
2204 1707 2309 1769 per
2358 1687 2607 1758 crimen,
2660 1686 2764 1748 sed

315 1789 471 1852 iusta
502 1791 565 1852 et
589 1788 691 1871 pia
730 1787 804 1851 de
835 1807 1023 1851 causa
1056 1788 1213 1851 hanc
1251 1789 1682 1852 necessitatem
1707 1789 1920 1852 subiit.

481 1893 551 1954 20
582 1891 752 1954 Tunc
789 1891 1000 1955 solum
1046 1891 1192 1955 licet
1230 1890 1592 1955 subtrahere
1641 1892 2005 1968 subsidium,
2056 1912 2197 1956 cum
2247 1893 2357 1956 aut
2422 1909 2654 1974 pauper
2703 1890 2764 1953 in

313 2012 422 2057 sua
467 1994 772 2077 potestate
821 1993 1030 2069 habet,
1081 1995 1153 2056 ut
1202 2013 1238 2056 a
1286 1995 1652 2077 paupertate
1715 2014 1782 2058 se
1828 1995 2058 2058 eximat
2122 1997 2233 2059 aut
2295 1992 2642 2058 subsidium
2689 1992 2766 2056 ad

307 2096 454 2161 vitia
501 2096 826 2170 adhibeat3
863 2096 1042 2178 atqui
1076 2099 1367 2159 neutrum
1413 2097 1620 2160 locum
1668 2097 1874 2173 habet,
1910 2117 2050 2160 cum
2083 2099 2294 2182 agitur
2325 2097 2398 2161 de
2436 2096 2764 2179 religiosis,

475 2201 547 2263 3⁰
584 2197 742 2262 Cum
774 2198 1050 2282 religiosi
1089 2217 1300 2262 revera
1327 2199 1645 2281 patiantur
1676 2199 2126 2276 necessitatem,
2162 2199 2266 2262 ille
2292 2199 2461 2263 solus
2487 2197 2766 2281 neganda

304 2302 579 2366 subsidia
618 2301 798 2378 dicet,
839 2301 946 2383 qui
980 2300 1314 2364 contendat
1340 2299 1713 2384 ablegandos
1748 2319 1877 2364 esse
1912 2322 1942 2364 c
1981 2302 2211 2366 mundo
2246 2321 2368 2379 Θοε,
2390 2300 2495 2384 qui
2528 2301 2767 2363 statum

305 2403 475 2468 illum
521 2402 916 2469 necessitatis
965 2402 1394 2486 profiteantur.
1435 2401 1626 2483 Atqui
1669 2402 1879 2466 nullus
1928 2403 2323 2478 christianus,
2372 2404 2479 2484 qui
2528 2403 2771 2466 noverit

301 2527 432 2570 eum
480 2507 732 2572 statum
780 2524 909 2569 esse
958 2504 1348 2589 perfectionis
1395 2503 1677 2588 propriae
1748 2504 2055 2570 Ecclesiae
2126 2503 2380 2584 Christi,
2431 2504 2660 2588 poterit
2706 2505 2769 2568 id

299 2613 682 2677 contendere.
735 2611 921 2695 ErgO.

385 2712 599 2793 Quoad
656 2710 1081 2796 vagabundOS,
1139 2712 1366 2775 dicitur
1412 2732 1532 2776 non
1583 2711 1783 2775 danda
1832 2714 2246 2796 eleemosyna:
2300 2731 2442 2774 nam
2488 2710 2765 2792 ipsorum

298 2814 501 2898 inopia
549 2834 680 2881 non
722 2814 903 2879 modo
953 2815 1048 2878 est
1097 2814 1470 2890 voluntaria,
1506 2814 1611 2877 sed
1645 2814 1871 2878 vitiosa
1910 2816 1973 2877 et
2005 2813 2350 2895 culpabilis

400 2988 504 3041 XL.
533 2988 691 3052 Resp.
718 2988 768 3038 6.
796 2988 1117 3048 Eleemosyna
1147 2989 1332 3037 tuntum
1373 2983 1590 3037 lacienda
1618 2989 1692 3036 est
1732 2994 1795 3035 ex
1835 2982 1978 3036 bonis
2009 2982 2223 3049 propriis
2249 2989 2297 3035 et
2321 2997 2526 3049 quorum
2566 2982 2677 3047 quis
2718 2984 2768 3035 li·

295 3072 455 3124 bet-am
497 3075 654 3125 babet
692 3069 1178 3123 administrationem.
1204 3070 1371 3123 Potest
1410 3075 1571 3123 tamen
1610 3068 1716 3122 fleri
1755 3083 1817 3121 ex
1854 3066 2043 3134 alienia,
2080 3070 2276 3133 quando
2316 3067 2571 3133 proximus
2608 3074 2683 3121 est
2720 3068 2767 3121 in

291 3162 500 3209 extrema
543 3160 628 3209 vel
656 3153 799 3220 quasi
824 3162 1040 3207 extrema
1082 3152 1372 3207 necessitate
1397 3160 1446 3206 et
1472 3152 1670 3207 aliunde
1697 3153 1921 3207 succurri
1948 3167 2043 3206 non
2071 3160 2256 3219 potest,
2284 3160 2399 3207 tuuc
2436 3152 2564 3206 enim
2605 3153 2767 3206 omnia

292 3246 400 3292 suut
439 3237 745 3293 communia.
776 3240 822 3290 ln
863 3237 1106 3290 communi
1136 3252 1253 3289 vero
1282 3236 1585 3297 necessitate.
1619 3236 1729 3290 licet
1758 3246 1955 3297 tantum,
1979 3252 2088 3290 cum
2130 3251 2368 3291 consensu
2409 3236 2593 3289 domini
2617 3236 2768 3290 tacito

291 3326 364 3376 vel
393 3338 662 3389 expresso.
691 3324 756 3377 V.
779 3337 818 3375 s,
840 3325 1012 3375 Tbom.
1036 3325 1084 3374 2.
1109 3326 1158 3374 2.
1186 3338 1233 3386 q.
1261 3323 1344 3374 32.
1371 3337 1415 3374 a.
1437 3322 1486 3373 7.
1512 3321 1678 3385 Regin.
1705 3323 1825 3374 286.
1849 3321 1956 3374 Fill.
1984 3324 2155 3385 Laym.
2178 3322 2296 3373 Bon.
2319 3324 2350 3373 l.
2379 3334 2424 3372 c.
2452 3336 2502 3373 n.
2531 3323 2605 3373 ll.
2631 3323 2765 3373 Less.

289 3408 320 3460 Ι.
346 3411 393 3461 2.
422 3415 456 3461 t.
495 3412 577 3462 ¹2.

371 3525 539 3600 214.
585 3529 883 3593 Liberam
922 3529 1226 3592 bonorum
1275 3528 1877 3591 administrationem
1916 3548 1973 3591 v.
2010 3548 2102 3611 gr.
2145 3546 2263 3591 non
2299 3528 2487 3590 habet
2512 3547 2664 3591 uxor
2697 3527 2768 3590 de

289 3629 460 3695 bonis
511 3631 840 3697 dotalibus
882 3634 992 3694 aut
1039 3630 1204 3693 filius
1252 3630 1324 3693 de
1371 3630 1548 3693 bonis
1598 3629 1977 3692 adventitiis,

369 3735 551 3799 Bona
594 3752 748 3797 vero
789 3752 911 3797 non
936 3733 1204 3815 propria,
1228 3751 1494 3814 quorum
1527 3734 1734 3796 tamen
1773 3732 1911 3813 quis
1952 3732 2137 3795 habet
2170 3731 2767 3796 administrationem

283 3837 426 3898 sunt
459 3856 518 3899 v.
564 3854 668 3920 gr.
704 3833 985 3917 capituli,
1024 3834 1290 3919 collegii,
1341 3836 1698 3898 conventus.

363 3934 792 4022 Eleeniosyna
835 3957 1016 4021 porro
1064 3939 1239 4001 licite
1288 3938 1360 4002 fit
1408 3939 1611 4002 solum
1653 3938 1897 4019 quando
1933 3939 1994 4002 et
2040 3938 2201 4003 bona
2248 3939 2493 4022 propria
2529 3941 2770 4003 suntet

279 4038 468 4106 libera
521 4043 627 4106 est
681 4059 898 4105 eorum
948 4040 1427 4104 administratio.

365 4145 643 4225 Quando
682 4143 1070 4228 eleemosyna
1116 4143 1228 4207 fiat
1275 4163 1345 4207 ex
1395 4143 1615 4207 alienis
1650 4144 1712 4208 in
1745 4145 2019 4208 extrema
2051 4143 2434 4219 necessitate,
2470 4141 2771 4206 servanda

280 4247 372 4310 est
416 4247 651 4333 regula
708 4246 773 4308 1⁰
806 4247 878 4310 ut
910 4246 1036 4310 sint
1072 4245 1382 4329 superflua
1417 4266 1447 4310 e
1482 4246 1610 4310 vita
1648 4247 1947 4311 alterius:
1985 4246 2053 4310 2⁰
2090 4267 2162 4310 ne
2188 4246 2272 4309 sit
2320 4267 2389 4310 ea
2424 4246 2769 4328 quantitaS,

281 4348 354 4410 ad
401 4370 603 4430 quam
656 4367 839 4414 nemo
887 4349 1082 4413 etiam
1127 4348 1192 4412 in
1241 4349 1512 4419 extrema
1565 4350 1825 4414 alterius
1866 4349 2233 4413 necessitate
2281 4350 2544 4413 tenetur.

367 4450 429 4515 S.
464 4451 667 4534 Alph.
707 4453 836 4514 not.
863 4451 922 4515 h.
944 4452 988 4514 l.
1018 4450 1209 4523 addit,
1246 4469 1368 4513 non
1405 4470 1581 4533 posse
1621 4452 1681 4514 te
1715 4451 1861 4515 dare.
1899 4472 1970 4515 ex
2010 4451 2246 4525 alieniS,
2281 4452 2333 4513 si
2368 4453 2480 4514 tua
2518 4451 2767 4526 habea&

283 4571 454 4616 secus
483 4552 805 4617 teneberis
838 4551 914 4615 ad
950 4553 1435 4616 restitutionem.
1484 4553 1717 4617 Verum
1751 4552 1993 4636 Sporer‚
2028 4572 2212 4635 quem
2244 4553 2346 4614 illc
2397 4551 2630 4633 allegat
2664 4550 2769 4625 ibi,
