3497 5147
337 363 468 437 [278]
898 379 982 419 nn
1019 379 1354 422 sommae.
1392 382 1474 421 AN
1510 382 1720 424 nomm
1761 383 2165 425 om'rmxnun
2673 372 2778 426 199

336 508 545 553 munus
592 490 1043 554 concionatoris
1089 491 1273 576 gessi,
1320 492 1552 576 pluries
1613 493 1777 557 hunc
1844 493 2256 577 perniciosum
2304 512 2490 558 usum
2536 495 2783 560 fortiter

336 594 577 655 conatus
629 610 770 655 sum
830 593 1222 675 exprobrare3
1258 594 1362 657 sed
1409 614 1551 659 cum
1604 595 1704 658 hic
1760 594 2034 660 officium
2095 615 2279 679 agam
2337 597 2655 679 scriptoris
2708 597 2781 661 de

334 694 573 757 scientia
608 695 850 769 morali,
887 696 1149 776 oportet,
1185 698 1259 759 ut
1290 695 1489 759 dicam
1523 696 1689 778 quod
1720 697 1895 760 iuxta
1920 698 2249 761 veritatem
2283 698 2482 762 sentio
2522 699 2585 762 et
2617 699 2781 781 quod

336 816 366 859 a
393 796 742 861 doctoribus
776 797 957 861 didici
984 822 1045 860 ι».

417 926 448 956 «
480 898 619 963 Non
652 919 809 985 nego
846 901 913 963 1⁰
951 899 1117 982 quod
1148 900 1294 965 illae
1341 902 1625 975 feminae,
1660 920 1818 984 quae
1852 903 2014 966 hunc
2046 921 2278 967 morem
2332 902 2558 967 alicubi
2592 904 2782 969 intro-

333 1003 626 1077 ducerent,
667 1002 945 1086 graviter
975 1004 1383 1085 peccarent».

416 1131 447 1161 ‹
478 1103 619 1169 Non
652 1124 809 1189 nego
845 1106 914 1167 2ο
946 1104 1106 1187 quod
1141 1104 1474 1170 denudatio
1508 1107 1772 1189 pectoris
1812 1108 2010 1190 possit
2041 1126 2170 1171 esse
2218 1107 2308 1171 ita
2347 1108 2776 1184 immoderata,

334 1208 397 1269 ut
429 1226 532 1290 per
578 1224 642 1270 se
690 1225 811 1270 non
848 1206 1048 1290 possit
1079 1208 1353 1271 excusari
1389 1228 1425 1271 a
1457 1208 1745 1273 scandalo
1785 1210 1962 1293 gravi
2011 1210 2312 1292 tanquam
2353 1211 2529 1275 valde
2578 1210 2654 1275 ad
2685 1210 2780 1273 la-

333 1309 575 1373 sciviam
615 1327 956 1392 provocans
984 1336 1043 1373 ».

417 1437 449 1469 «
481 1412 633 1476 Dico
670 1411 740 1474 3ο
763 1412 926 1493 quod
959 1412 1013 1476 si
1044 1431 1165 1477 non
1198 1412 1283 1476 sit
1312 1413 1404 1476 ita
1436 1413 1616 1477 valde
1646 1413 2056 1477 immoderata
2090 1416 2151 1478 et
2186 1415 2410 1478 alicubi
2447 1414 2609 1477 adsit
2642 1435 2779 1480 con-

329 1514 580 1579 suetudo
615 1516 687 1578 ut
719 1514 1007 1579 mulieres
1040 1515 1127 1579 sic
1160 1514 1465 1591 incedant,
1501 1517 1663 1579 esset
1708 1514 1956 1597 quidem
2006 1516 2484 1598 exprobandum,
2522 1517 2625 1580 sed
2659 1536 2778 1580 non

329 1618 568 1683 omnino
623 1617 1043 1682 damnandum
1091 1619 1165 1682 de
1222 1618 1495 1682 mortali.
1547 1618 1615 1681 Id
1664 1620 1878 1683 tenent
1938 1619 2439 1683 communissime
2494 1618 2781 1692 Navarr.‚

330 1718 539 1798 Caiet.,
572 1719 843 1794 LessiuS‚
878 1720 1221 1805 Laymann,
1262 1720 1596 1795 Bonacina,
1632 1718 1937 1784 Salmant.
1979 1723 2042 1784 et
2075 1721 2181 1784 alii
2219 1721 2472 1803 plurimi
2521 1722 2584 1784 et
2628 1721 2786 1805 Lay-

332 1841 511 1886 mann
540 1822 691 1886 dicit
721 1841 851 1886 esse
882 1823 1253 1888 sententiam
1294 1841 1686 1887 communem
1711 1848 1773 1883 ».

416 1923 642 1987 Deinde
698 1943 842 1989 vero
896 1925 1226 2008 respondet
1285 1924 1733 1988 obiectionibus
1795 1942 1906 1988 seu
1964 1924 2174 2006 potius
2229 1924 2783 1989 declamationibus

328 2025 685 2111 Roncaglia,
734 2026 841 2090 ubi
886 2029 1070 2091 notat
1116 2027 1281 2109 quod
1326 2051 1361 2084 «
1400 2026 1505 2090 ubi
1553 2026 1700 2089 talis
1747 2026 1921 2110 viget
1966 2027 2347 2092 consuetudo
2397 2026 2786 2109 (ostendendi

321 2128 588 2205 brachia,
629 2148 828 2205 crura,
870 2130 1083 2213 pectus
1110 2131 1257 2213 etc.)
1284 2127 1654 2193 assuefactio
1688 2128 1899 2205 efficit,
1929 2129 2002 2193 ut
2035 2129 2151 2192 viri
2177 2130 2384 2193 minus
2415 2131 2788 2194 moveantur

321 2230 393 2295 ad
424 2231 1008 2314 concupiscentiam,
1044 2235 1231 2314 prout
1267 2232 1642 2315 experientia
1678 2232 1946 2296 constat.

401 2329 577 2403 273.
607 2331 946 2398 Caietanus
978 2334 1051 2397 de
1084 2334 1199 2397 hac
1231 2352 1293 2397 re
1325 2332 1496 2399 Sum.
1536 2334 1609 2395 V.
1644 2331 1961 2396 Ornatus:
1998 2359 2034 2391 «
2058 2332 2345 2412 Qualitas
2370 2334 2779 2415 (inordinata)

317 2439 568 2501 ornatus
602 2437 1017 2501 communiter
1053 2438 1375 2519 peccatum
1405 2436 1645 2499 inducit
1678 2436 1935 2512 veniale,
1964 2436 2017 2499 si
2045 2434 2328 2499 indecens
2360 2438 2457 2499 est
2481 2455 2553 2500 ac
2575 2436 2782 2499 minus

317 2541 538 2619 castus,
575 2541 655 2605 ut
688 2541 946 2605 ornatus
983 2539 1318 2604 mulierum
1356 2538 1842 2604 monstrantium
1874 2538 2076 2603 media
2108 2539 2318 2603 ubera.
2361 2539 2781 2604 Veruntamen

315 2642 417 2705 ubi
464 2644 805 2708 consuetus
850 2645 946 2706 est
980 2643 1108 2706 iam
1153 2661 1310 2718 mOS‚
1345 2642 1476 2705 sine
1522 2642 1773 2724 peccato
1821 2640 2067 2705 videtur
2113 2644 2178 2705 et
2213 2642 2276 2704 in
2327 2640 2664 2706 remedium
2710 2661 2786 2705 ne

314 2746 521 2826 peiora
559 2745 743 2822 fiant,
777 2744 937 2809 forte
968 2744 1361 2808 introductus
1386 2769 1447 2807 ».

395 2848 603 2911 Diana
657 2848 813 2910 tom.
851 2847 908 2909 7.
950 2847 1028 2909 tr.
1066 2848 1126 2910 5.
1161 2846 1342 2911 resol.
1398 2847 1498 2909 11.
1548 2848 1880 2928 postquam
1927 2846 2148 2910 retulit
2193 2865 2582 2911 communem
2629 2848 2787 2910 hanc

308 2951 691 3015 sententiam
741 2952 805 3014 et
849 2949 1227 3014 contrariam
1275 2949 1596 3013 cuiusdam
1643 2949 1886 3012 Alberti
1932 2947 2005 3013 de
2053 2949 2344 3025 AlbertiS,
2394 2951 2502 3031 qui
2558 2966 2785 3013 munus

308 3054 579 3135 apostoli
610 3071 734 3117 sua
782 3053 987 3142 aetate
1033 3050 1373 3134 suscepisse
1420 3052 1667 3115 videtur
1714 3051 2008 3115 adversus
2056 3053 2219 3116 hunc
2264 3071 2520 3128 morem,
2557 3052 2776 3115 addit:

312 3182 345 3213 «
383 3155 503 3221 Sed
538 3156 751 3220 adhuc
790 3173 904 3239 ego
941 3173 1064 3219 non
1103 3154 1391 3218 auderem
1423 3153 1798 3218 sententiam
1830 3151 2112 3219 Caietani
2148 3157 2263 3219 etc.
2295 3157 2448 3219 nota
2480 3154 2789 3237 improba-

306 3258 578 3322 bilitatis
616 3257 885 3331 inurere,
919 3275 1106 3338 quam
1146 3256 1478 3320 novissime
1511 3255 1689 3320 docet
1718 3256 2050 3321 Trullench
2085 3259 2203 3321 etc.
2227 3282 2289 3320 ».

394 3360 639 3424 Deinde
674 3359 901 3442 longas
939 3358 1342 3422 tractationes
1377 3358 1631 3423 subiicit
1662 3378 1897 3436 eorum,
1932 3358 2039 3440 qui
2088 3359 2161 3422 de
2199 3378 2489 3423 mensura
2521 3359 2789 3423 denuda-

304 3464 495 3528 tionis
534 3459 905 3527 huiusmodi
936 3460 1327 3544 (scollature)
1364 3461 1660 3525 subtilius
1693 3461 2036 3543 disputant,
2073 3479 2151 3524 an
2198 3462 2464 3542 incipere
2503 3480 2538 3523 a
2584 3462 2786 3524 radice

303 3567 445 3630 colli
471 3565 713 3630 debeat
735 3566 800 3627 et
820 3563 1098 3645 permitti
1123 3564 1340 3646 possit,
1356 3583 1431 3627 an
1459 3563 1672 3647 gravis
1697 3562 1783 3626 sit
1806 3562 1992 3644 culpa
2015 3562 2067 3627 si
2093 3562 2290 3643 diyito
2315 3562 2647 3644 amplietur
2671 3564 2788 3625 etc.

304 3669 587 3735 Puerilia
627 3670 699 3732 et
735 3666 1112 3748 sophistica!

388 3770 621 3852 Quoad
657 3769 919 3853 praxim,
954 3768 1054 3831 vix
1094 3787 1249 3851 opus
1287 3770 1383 3832 est
1419 3768 1602 3832 modo
1636 3767 1977 3851 disputare,
2018 3767 2244 3829 saltem
2283 3766 2443 3829 inter
2478 3785 2610 3830 nos.

388 3874 508 3941 Sed
548 3871 911 3959 generatim
946 3871 1262 3954 spectandi
1308 3889 1512 3937 mores
1548 3872 1831 3936 locorum
1863 3871 1929 3934 et
1960 3870 2125 3933 certe
2173 3889 2366 3952 prava
2398 3868 2698 3934 desideria
2730 3871 2797 3933 et

298 3982 559 4061 peecata
583 3975 879 4041 luxuriae
909 3994 1029 4038 non
1063 3976 1214 4038 sunt
1242 3975 1537 4057 pauciora
1562 3974 1667 4038 ubi
1701 3974 1863 4037 alius
1891 3973 1987 4037 est
2017 3973 2319 4048 vestitus3
2349 3973 2513 4054 quod
2545 3973 2792 4050 evincit,

298 4101 491 4148 vanas
534 4099 681 4145 esse
730 4077 1245 4141 declamationes:
1280 4077 1421 4140 hinc
1453 4077 1755 4140 servanda
1801 4077 2020 4160 regula
2054 4096 2102 4140 s.
2141 4076 2468 4158 Alphonsi,
2510 4095 2696 4157 quam
2733 4076 2798 4138 ct

302 4204 350 4247 s.
384 4184 685 4249 'Pbomas
721 4178 1063 4243 tradiderat
1099 4197 1233 4262 sup.
1270 4199 1329 4242 n.
1366 4180 1515 4242 268.

382 4289 642 4352 Auctor
693 4303 767 4346 ex
813 4281 895 4345 Sa
941 4282 1118 4345 dicit:
1167 4281 1417 4345 difficile
1457 4282 1864 4345 absolverem.
1908 4281 1968 4344 S.
2007 4280 2361 4344 Antoninus
2407 4299 2552 4344 vero
2600 4279 2796 4362 (apud

297 4408 344 4451 S.
379 4390 576 4473 Alph.
614 4387 663 4450 l.
702 4386 787 4466 c.)
823 4384 970 4448 licet
997 4385 1191 4449 dicat:
1241 4408 1276 4441 «
1302 4383 1363 4447 Si
1398 4384 1471 4447 de
1503 4404 1624 4448 usu
1655 4384 1894 4467 patriae
1929 4386 2042 4460 est,
2079 4383 2152 4446 ut
2192 4383 2483 4446 mulieres
2514 4382 2794 4447 deferant

298 4496 504 4557 vestes
536 4505 775 4554 versus
807 4486 1035 4550 collum
1075 4486 1296 4550 scissas
1330 4506 1525 4568 usque
1574 4487 1650 4550 ad
1690 4485 2102 4550 ostensionem
2141 4485 2582 4561 mamillarum,
2619 4487 2692 4548 ut
2723 4485 2786 4546 in

297 4594 594 4678 partibus
630 4587 861 4666 Rheni,
896 4587 1073 4652 valde
1107 4588 1306 4671 turpis
1340 4590 1403 4652 et
1448 4589 1796 4670 impudicus
1829 4588 1925 4650 est
1954 4587 2102 4650 talis
2135 4605 2284 4650 usus
2318 4588 2380 4650 et
2412 4585 2547 4650 ideo
2580 4584 2794 4666 (nota)
