3497 5147
308 333 441 408 [226]
758 348 845 388 nn
881 348 1208 388 naamam
1244 347 1682 389 connum-rom.
1724 348 1889 389 onoo
1926 348 2287 392 annuimus
2648 336 2753 391 169

391 441 559 516 225.
610 445 889 510 Tandem
932 447 1147 510 monet
1191 445 1394 509 Diana
1441 447 1592 510 tom.
1647 446 1704 509 7.
1747 447 1824 509 tr.
1874 447 1935 510 4.
1984 447 2167 512 resol.
2216 448 2275 510 6.
2318 447 2395 512 ad
2428 451 2749 531 peccatum

310 548 481 611 huius
527 547 877 611 omissionis
923 548 1147 612 saltem
1191 567 1382 633 grave
1419 549 1667 630 requiri,
1723 548 1799 612 ut
1835 549 1974 630 quis
2022 548 2279 613 omittat
2323 569 2395 613 ex
2431 551 2747 633 proposito

308 652 366 714 et
393 650 756 724 intentione;
795 669 942 714 nam
987 652 1041 715 si
1089 651 1347 716 omittat
1376 670 1448 716 ex
1484 651 1814 734 tepiditate
1852 652 1965 715 aut
1997 651 2119 714 alio
2169 650 2473 716 eiusmodi
2505 653 2745 730 affectu,

305 770 416 816 non
460 753 617 816 esset
664 753 960 817 mortale:
1009 754 1130 818 nisi
1193 754 1471 836 alioquin
1527 753 1800 819 notabile
1848 753 2144 817 damnum
2191 753 2453 836 proximi
2500 754 2751 817 tantum

306 858 471 931 esset,
503 855 576 917 ut
604 854 888 937 graviter
919 856 1155 920 nolenti
1200 857 1489 939 praebere
1536 855 1591 919 ei
1637 854 1984 921 subsidium
2015 855 2418 939 correptionis
2449 855 2751 938 imputari

305 955 550 1035 deberet,
588 961 661 1022 ut
693 958 927 1040 optime
961 959 1235 1025 advertit
1265 958 1618 1025 Caietanus.

383 1060 516 1125 Huc
549 1060 809 1137 faciunt,
844 1081 1002 1143 quae
1025 1082 1245 1146 graves
1278 1063 1414 1127 DD.
1450 1062 1709 1126 tradunt
1738 1062 1812 1126 de
1845 1081 1936 1139 e0,
1972 1062 2081 1144 qui
2117 1081 2239 1127 non
2271 1065 2622 1146 compescat
2652 1062 2750 1127 de-

306 1162 621 1227 trahentes.
663 1162 801 1242 Qua
836 1164 912 1229 de
942 1184 1006 1228 re
1043 1183 1093 1228 s.
1130 1165 1401 1229 Thomas
1450 1166 1509 1228 2.
1547 1166 1607 1228 2.
1643 1183 1700 1245 q.
1755 1165 1857 1227 73.
1885 1167 2003 1227 art.
2038 1164 2099 1227 4.
2134 1163 2209 1227 Sa·
2245 1184 2371 1227 non
2388 1163 2647 1243 placeat
2689 1171 2748 1228 ei

294 1269 616 1342 peccatum,
651 1266 766 1330 sed
791 1287 870 1330 ex
919 1267 1134 1330 tmere
1179 1266 1277 1330 vel
1306 1266 1690 1349 neyliyentia
1730 1263 1828 1329 vel
1858 1267 2046 1328 etiam
2075 1267 2447 1330 verecundia
2477 1268 2750 1348 quadam

306 1367 535 1430 omittat
577 1366 874 1448 repellere
920 1367 1361 1443 detrahentem,
1387 1372 1610 1450 peccat
1637 1367 1903 1450 quidem,
1943 1366 2057 1431 sed
2080 1367 2275 1431 multo
2306 1370 2516 1432 minus
2560 1391 2749 1451 quam

303 1467 618 1533 detrahens
656 1473 718 1533 et
736 1469 1102 1553 plerumque
1133 1470 1481 1536 venialiter.
1521 1471 1656 1536 Hac
1695 1473 1907 1536 autem
1939 1471 2003 1534 in
2034 1491 2098 1535 re
2146 1472 2346 1536 multa
2380 1471 2744 1536 discretione

303 1573 506 1635 utatur
549 1573 983 1650 confessariuS,
1035 1575 1298 1658 oportet.
1348 1573 1562 1656 Neque
1610 1574 1775 1638 enim
1820 1573 2061 1657 exigere
2093 1575 2318 1655 potest,
2359 1576 2432 1636 ut
2462 1574 2601 1655 quis
2648 1573 2745 1638 de-

301 1673 654 1740 tractionem
671 1679 1094 1760 praeoccupet,
1121 1677 1369 1772 quando
1395 1696 1468 1740 ne
1493 1676 1650 1740 satis
1674 1675 1922 1757 quidem
1947 1676 2085 1751 scit,
2110 1694 2233 1756 quo
2259 1693 2459 1738 sermo
2486 1675 2743 1739 alterius

300 1774 535 1854 tendat3
567 1777 685 1842 hoc
715 1779 879 1842 enim
911 1781 974 1843 et
1003 1778 1303 1842 iniurium
1336 1779 1517 1843 alteri
1547 1777 1707 1843 foret
1739 1779 1803 1841 et
1832 1778 2017 1841 nimis
2048 1777 2353 1859 scrupulis
2388 1777 2740 1841 obnoxium.

299 1873 365 1939 Si
390 1895 525 1941 vero
556 1878 853 1944 detractio
885 1881 1210 1946 manifeste
1241 1880 1491 1964 prodiit,
1517 1880 1816 1945 damnum
1839 1880 2088 1962 quidem
2110 1880 2239 1944 iam
2270 1881 2371 1945 vix
2401 1880 2742 1963 reparabile

294 1980 405 2052 est,
431 1979 694 2046 fraterna
717 2002 861 2048 vero
886 1984 1190 2066 correptio
1217 1985 1364 2048 tunc
1390 1984 1686 2067 temporis
1716 1983 1919 2048 multo
1952 1982 2265 2047 difficilior
2293 1985 2358 2047 et
2388 1983 2632 2065 saepius
2665 1983 2742 2047 ad

291 2079 411 2145 irae
453 2083 842 2149 excitandum
890 2087 1152 2162 aestum,
1201 2104 1391 2167 quam
1447 2087 1523 2151 ad
1569 2084 2021 2150 emendandum
2065 2084 2473 2149 detractorem
2539 2085 2744 2167 aptior

290 2181 642 2251 invenietur.

373 2285 449 2350 Et
478 2289 658 2353 iuxta
702 2289 1056 2355 Navarrum
1105 2289 1337 2354 Summ.
1388 2311 1521 2373 cap.
1561 2291 1661 2354 18.
1705 2310 1766 2353 11.
1801 2290 1929 2367 37.,
1964 2289 2073 2371 qui
2103 2288 2281 2353 audit
2315 2288 2741 2354 detrahentem

290 2388 408 2452 sine
439 2410 697 2458 assensu
729 2395 792 2457 et
822 2393 1248 2471 delectatione,
1286 2394 1433 2459 licet
1469 2413 1592 2459 non
1638 2393 2025 2458 contradicat
2056 2393 2133 2456 ob
2165 2391 2596 2456 verecundiam
2641 2393 2743 2456 vel

292 2493 639 2572 amicitiam,
692 2513 814 2559 non
859 2497 1073 2579 peccat
1117 2496 1468 2560 mortaliter
1513 2496 1632 2560 nisi
1679 2496 1743 2559 in
1790 2495 1991 2558 tribus
2029 2493 2304 2558 casibus:
2346 2495 2410 2556 1Ο
2442 2494 2495 2556 si
2526 2494 2612 2557 sit
2642 2513 2740 2557 su-

289 2595 495 2675 perior,
542 2598 652 2663 cui
697 2598 1002 2663 incumbit
1049 2618 1203 2664 onus
1250 2599 1628 2684 corrigendi:
1670 2601 1740 2662 2⁰
1778 2599 1833 2663 si
1878 2599 2047 2662 ultra
2084 2596 2407 2661 infamiam
2436 2615 2738 2681 magnum

286 2697 524 2782 aliquod
561 2700 869 2766 damnum
914 2703 1239 2784 proveniat
1282 2702 1511 2767 dicenti
1556 2703 1653 2766 vel
1686 2702 1832 2766 alii:
1868 2702 1937 2764 3⁰
1968 2701 2024 2765 si
2051 2699 2221 2764 fama
2252 2699 2510 2763 alterius
2557 2698 2736 2763 valde

282 2798 569 2881 laedatur,
619 2803 681 2868 si
728 2804 918 2869 laesio
949 2805 1184 2869 scilicet
1215 2805 1416 2869 maior
1451 2804 1629 2868 valde
1666 2804 1752 2869 sit
1783 2822 1972 2885 quam
2002 2821 2161 2884 quae
2197 2802 2429 2867 sufficit
2466 2802 2542 2866 ut
2570 2820 2738 2866 mor-

284 2902 418 2967 talis
448 2905 531 2971 sit
559 2906 892 2972 detractio.
927 2907 1067 2971 Vid.
1105 2907 1307 2973 Diana
1344 2907 1385 2970 1.
1421 2927 1472 2971 c.
1504 2926 1565 2970 n.
1601 2907 1663 2970 3.

379 3056 571 3109 XLvtt.
598 3059 757 3123 Resp.
786 3060 834 3109 3.
875 3057 975 3110 Etsi
1016 3061 1109 3110 hoc
1147 3066 1454 3124 praeceptum
1494 3056 1677 3120 obtiget
1712 3071 1884 3110 omnes
1922 3056 2065 3111 etiam
2106 3056 2345 3118 subditos»,
2386 3055 2537 3117 magis
2576 3062 2734 3108 tamen

281 3139 533 3195 praelatos.
555 3141 710 3196 Ratio
739 3141 919 3208 prioris
943 3150 1042 3207 est;
1065 3142 1177 3208 quia
1200 3155 1370 3195 omnes
1389 3149 1500 3195 sunt
1525 3144 1854 3196 commembra
1884 3146 2206 3207 teneaturque
2227 3139 2319 3193 sibi
2345 3146 2546 3193 externa
2574 3140 2735 3193 officia

279 3222 486 3277 caritatis
521 3233 800 3292 praestare.
825 3226 970 3279 Ratio
1007 3226 1299 3293 posterioris
1323 3234 1423 3294 cst;
1449 3226 1559 3292 quia
1599 3226 1787 3280 subditi
1810 3233 1995 3279 tantum
2033 3224 2340 3287 excat-itate,
2367 3224 2577 3278 praelati
2616 3239 2736 3278 vero

280 3306 413 3360 etiam
439 3325 501 3362 ex
528 3310 697 3363 officio
725 3316 774 3363 et
799 3309 985 3363 iustitia
1009 3319 1249 3365 tenentur.
1273 3312 1412 3365 Unde
1440 3325 1643 3377 peccare
1669 3316 1876 3377 possunt
1901 3309 2044 3363 etiam
2072 3308 2309 3374 graviter,
2331 3308 2548 3362 veniales
2567 3311 2738 3375 culpas

283 3404 369 3444 non
403 3393 737 3461 impediendo,
763 3394 806 3448 si
835 3395 970 3459 vigor
994 3395 1279 3462 disciplinae
1307 3411 1393 3461 per
1436 3400 1528 3449 hoc
1558 3396 1820 3449 minuatur.
1848 3397 2126 3459 Eademque
2154 3398 2251 3447 tere
2288 3401 2362 3446 est
2402 3393 2529 3445 ratio
2558 3394 2617 3445 de
2659 3407 2736 3460 pa-

284 3477 553 3531 tretamilias
577 3479 871 3546 praesertim
898 3495 1010 3543 erga
1040 3480 1240 3534 liberos.
1268 3482 1435 3544 Laym.
1462 3481 1494 3533 1.
1523 3498 1564 3534 c.
1593 3497 1637 3534 n.
1675 3482 1707 3533 5
1754 3483 1887 3534 Paul.
1915 3482 2075 3533 Trull.
2105 3480 2135 3532 1.
2170 3481 2214 3529 1.
2242 3492 2284 3529 c.
2312 3479 2361 3530 5.
2390 3480 2437 3529 d.
2468 3479 2546 3529 ⁴3.
2576 3484 2625 3528 et
2656 3480 2734 3531 15.

279 3565 324 3610 et
358 3562 521 3615 ceteri.

362 3685 537 3761 226.
574 3690 823 3756 Notant
848 3692 981 3756 DD.
1010 3694 1072 3757 et
1103 3713 1245 3757 cum
1270 3693 1357 3757 eis
1391 3712 1438 3756 s.
1472 3692 1656 3776 Alph.
1692 3693 1799 3756 lib.
1837 3694 1896 3755 2.
1923 3713 1983 3756 11.
2017 3692 2144 3766 40„
2172 3689 2482 3772 praelatos
2516 3691 2579 3753 et
2610 3708 2737 3752 ma-

279 3791 428 3855 xime
475 3795 802 3877 episcopos
849 3797 912 3858 et
960 3796 1260 3877 parochos
1310 3796 1525 3872 teneri,
1568 3795 1761 3859 etiam
1807 3795 1860 3859 si
1908 3794 2113 3858 subire
2160 3792 2421 3856 debeant
2454 3792 2592 3855 inde
2626 3792 2735 3856 da-

278 3912 488 3959 mnum
537 3916 735 3982 grave
784 3899 895 3962 aut
940 3918 1242 3983 magnum
1288 3898 1768 3975 incommodum,
1803 3917 1860 3960 v.
1895 3916 1989 3982 gr.
2024 3895 2076 3960 si
2123 3893 2480 3959 inimicitias
2530 3895 2734 3959 subire

279 3993 530 4062 debeant
579 4018 654 4063 eo
704 3999 864 4080 quod
917 4000 1136 4065 volunt
1195 4000 1607 4084 spiritualiter
1653 3999 1840 4063 alicui
1887 3999 2228 4075 subvenire,
2285 3997 2578 4082 impedire
2641 4017 2735 4061 ac-

277 4116 506 4164 eessum
541 4100 622 4164 ad
681 4100 952 4178 domum,
1003 4122 1249 4167 monere
1297 4104 1504 4186 patres
1551 4102 1623 4166 de
1671 4103 1958 4186 periculis
2006 4101 2297 4177 filiorum,
2348 4100 2650 4164 deterrere
2698 4119 2733 4164 a

277 4201 432 4265 mala
482 4203 588 4267 via
630 4205 779 4267 etc:
820 4224 868 4267 s.
910 4205 1093 4288 Alph.
1136 4205 1231 4270 ait
1278 4205 1592 4289 episcopos
1641 4208 1704 4270 et
1758 4206 2057 4288 parochos
2112 4203 2309 4268 teneri
2356 4203 2545 4265 etiam
2594 4222 2732 4266 cum

277 4305 539 4383 periculo
591 4304 782 4369 vitae.
817 4305 954 4383 Hoc
987 4309 1194 4371 tamen
1230 4308 1521 4385 officium,
1556 4310 1630 4372 ut
1679 4310 1853 4391 patet
1901 4327 1971 4370 ex
2020 4306 2168 4369 data
2207 4305 2579 4382 definitione,
2614 4324 2736 4369 non

275 4406 507 4484 spectat
553 4408 806 4490 proprie
854 4408 930 4472 ad
978 4409 1424 4492 correptionem
1456 4409 1813 4473 fraternam.

353 4503 556 4571 Ceteri
589 4527 718 4572 non
750 4511 1039 4574 tenentur
1064 4530 1204 4575 cum
1235 4511 1413 4594 gravi
1447 4511 1835 4575 incommodo
1885 4514 1997 4574 aut
2030 4510 2283 4585 (1311111ος
2326 4510 2471 4592 quia
2507 4509 2735 4573 caritas

281 4624 395 4671 non
428 4610 678 4695 obligat
727 4631 864 4675 cum
909 4612 1268 4676 huiusmodi
1300 4613 1704 4677 incommodis
1739 4614 1851 4676 aut
1888 4612 2148 4675 damnis.
