3497 5147
338 342 485 417 [426]
1239 355 1657 399 saonrnmmu
1693 357 1902 398 amm
2688 345 2801 400 315

336 457 657 509 sacerdotum
680 455 742 507 ad
764 467 882 507 usus
899 457 1129 521 profanos
1154 451 1617 521 applicettintellige
1642 454 1705 506 de
1723 452 1801 515 iis,
1817 467 1941 520 quae
1965 455 2246 509 consecrari
2272 460 2348 509 vel
2376 459 2547 510 saltem
2570 455 2797 509 benedici

338 541 527 606 solent;
548 553 660 591 nam
680 539 742 591 ad
767 537 963 605 nuptias
986 540 1063 590 vel
1085 552 1389 591 communem
1418 553 1557 591 usum
1584 538 1818 592 adbibere
1845 546 2050 605 tapetes,
2069 541 2378 603 candelabra,
2403 540 2602 608 pelvim,
2621 539 2720 593 imo
2749 547 2802 593 et

338 622 696 687 manutergium
735 630 785 675 et
808 629 984 687 cetera,
1009 637 1133 688 quae
1160 621 1367 676 mediate
1393 623 1611 677 serviunt
1637 622 1902 678 ministerio
1928 640 2085 689 sacro,
2114 641 2208 678 non
2236 641 2344 680 esse
2372 633 2623 692 peccatum
2650 627 2798 678 docet

336 711 570 762 Tambur.
597 705 664 760 de
698 705 901 776 Sacris.
930 706 1117 775 expect.
1143 705 1334 760 celebr.
1363 710 1394 758 Ι.
1424 710 1467 760 t.
1501 723 1542 761 c.
1567 711 1616 760 2.
1644 707 1735 761 nisi
1769 711 1852 761 ssat
1878 724 1939 762 ex
1984 709 2144 775 aliquo
2182 718 2461 776 contemptu
2506 714 2676 764 saltem
2714 709 2803 762 im-

338 790 528 860 plicito,
560 798 612 844 ut
638 790 681 845 si
704 805 894 858 semper
929 798 978 844 et
1012 790 1339 845 indifferenter
1364 792 1435 844 sic
1473 792 1627 846 utaris
1663 792 1976 860 supradietis.
2006 798 2164 860 Atque
2202 794 2331 848 idem
2369 798 2578 847 affirmat
2605 796 2666 847 de
2691 808 2801 846 ean·

339 877 482 944 dolis»,
504 876 671 942 ramis,
696 891 838 943 aqua,
860 876 1060 930 incenso
1097 884 1146 931 et
1182 876 1423 931 similibus
1459 877 1743 944 benedictis,
1767 881 1900 944 quod
1925 878 1974 933 in
2002 879 2207 933 modicis
2232 879 2341 934 istis
2369 879 2792 934 benedictionibus

340 977 438 1016 non
472 968 647 1027 agatur
685 976 795 1014 cum
835 969 967 1015 tanto
1004 961 1166 1026 rigore
1202 963 1264 1014 ab
1304 962 1537 1026 Ecclesia,
1566 969 1618 1016 ut
1656 970 1789 1030 patet
1828 963 1877 1017 in
1916 979 2055 1030 pane.
2083 965 2230 1029 ligno,
2257 963 2555 1018 carbonibus
2592 972 2687 1018 etc.
2721 966 2803 1016 be·

341 1044 567 1100 nedietis.
594 1044 723 1099 Vide
762 1048 855 1099 loc.
880 1044 962 1097 cit.
990 1046 1039 1113 S.
1067 1048 1117 1098 3.
1154 1047 1270 1099 lteni
1309 1044 1513 1098 violatio
1553 1049 1631 1099 vel
1670 1046 1865 1111 indigna
1907 1048 2131 1103 tractatio
2169 1063 2417 1103 sacrarum
2455 1046 2719 1112 imaginum
2747 1053 2800 1099 et

344 1129 679 1195 reliquiarum.
703 1132 819 1182 item
846 1131 1028 1182 abusus
1049 1129 1333 1194 scripturae
1352 1145 1538 1194 sacrae,
1562 1145 1611 1184 v.
1632 1146 1704 1196 gr.
1728 1133 1786 1184 ad
1809 1131 2126 1186 stabiliendas
2152 1139 2382 1188 haereses
2410 1135 2487 1185 vel
2512 1146 2591 1185 res
2611 1138 2798 1197 turpes·

341 1217 460 1268 ltem
492 1220 692 1280 raptura
718 1216 958 1266 bonorum
986 1213 1251 1278 Ecclesiae,
1278 1213 1563 1280 suppressio
1592 1216 1785 1282 piorum
1815 1220 2100 1281 legatorum,
2129 1221 2205 1271 vel
2241 1217 2419 1270 iurium
2447 1216 2694 1270 Ecclesiae
2723 1217 2804 1269 de·

342 1298 580 1352 nudatio
613 1306 709 1352 etc.
737 1298 852 1353 Vid.
878 1297 990 1352 Fill.
1019 1305 1079 1352 tr.
1108 1299 1193 1352 24.
1218 1312 1262 1351 e.
1290 1301 1338 1351 9.
1367 1299 1536 1364 Regin.
1563 1302 1596 1354 l.
1632 1302 1713 1352 «19.
1744 1317 1791 1353 n.
1821 1302 1906 1355 57.
1933 1305 2071 1356 Suar.

431 1421 613 1495 426.
640 1428 716 1489 A.
742 1426 947 1490 solum
978 1425 1055 1489 ad
1091 1426 1494 1509 particularia
1526 1426 1856 1492 descendit.
1892 1428 2250 1495 Generatim
2287 1430 2524 1493 definiri
2559 1432 2804 1512 potest:

344 1529 605 1594 violatio
667 1548 875 1592 rerum
935 1547 1271 1606 sacrarum,
1320 1548 1429 1593 seu
1474 1549 1681 1594 rerum
1728 1531 1976 1614 publica
2009 1532 2383 1595 auctoritate
2433 1532 2506 1594 ad
2556 1532 2798 1595 cultum

344 1632 626 1698 divinum
672 1632 1167 1696 consecratarum
1215 1633 1277 1694 et
1326 1631 1774 1697 ordinatarum.

436 1736 620 1800 quta
653 1734 934 1799 s.'I'h0m.
963 1736 1021 1798 2.
1042 1735 1295 1815 2.q.99.
1312 1734 1614 1798 art.3.res
1640 1754 1850 1800 sacrae
1874 1736 2107 1800 suntin
2134 1734 2523 1817 quadruplici
2550 1754 2802 1818 genere:

358 1862 395 1895 «
441 1837 651 1900 Tertia
696 1836 923 1919 species
969 1836 1297 1920 sacrilegii,
1346 1855 1504 1917 quae
1550 1836 1711 1901 circa
1762 1838 1915 1901 alias
1959 1857 2056 1901 res
2112 1857 2317 1900 sacras
2364 1836 2802 1914 committitur,

350 1940 629 2005 diversos
663 1940 849 2004 habet
882 1939 1135 2025 gradUS‚
1170 1939 1506 2004 secundum
1553 1939 1960 2004 differentiam
2005 1959 2214 2004 rerum
2262 1959 2598 2004 sacrarum.
2634 1939 2809 2003 Inter

350 2061 510 2126 quas
540 2062 852 2106 summum
888 2043 1094 2107 locum
1134 2042 1416 2107 obtinent
1458 2043 1595 2126 ipsa
1635 2044 2041 2119 sacramenta,
2077 2042 2301 2124 quibus
2347 2042 2534 2106 homo
2584 2041 2812 2105 saneti·

345 2131 615 2221 fleatur3
664 2163 930 2226 quorum
976 2145 1373 2229 praecipuum
1437 2147 1531 2208 est
1576 2144 1988 2223 Eucharistia‚
2038 2143 2202 2226 quod
2265 2145 2540 2208 continet
2599 2144 2808 2226 ipsum

345 2243 690 2314 Christum.
738 2246 820 2310 Et
865 2246 1000 2311 ideo
1048 2247 1463 2332 sacrilegium,
1512 2246 1678 2330 quod
1723 2248 1937 2310 contra
1984 2246 2101 2311 hoe
2146 2248 2605 2310 sacramentum
2644 2265 2807 2310 com-

345 2350 651 2424 mittitur,
699 2349 1140 2433 gravissimum
1187 2352 1282 2413 est
1326 2350 1488 2414 inter
1536 2348 1762 2413 omnia.
1811 2348 1966 2412 Post
2011 2350 2397 2413 sacramenta
2447 2351 2656 2411 autem
2720 2367 2811 2412 se·

347 2452 623 2516 cundum
651 2452 861 2516 locum
890 2452 1103 2516 tenent
1125 2470 1274 2515 vasa
1311 2452 1665 2516 consecrata
1698 2449 1776 2513 ad
1799 2451 2330 2514 sacramentorum
2354 2450 2806 2534 susceptionem

350 2555 421 2620 et
441 2554 609 2639 ipsae
640 2554 945 2640 imagines
969 2573 1178 2619 sacrae
1202 2557 1264 2619 et
1285 2553 1581 2635 reliquiae
1605 2555 1986 2631 sanctorum,
2011 2553 2074 2617 in
2100 2552 2324 2636 quibus
2350 2552 2810 2635 quodammodo

344 2658 522 2741 ipsae
552 2677 847 2741 personae
879 2658 1236 2722 sanctorum
1267 2658 1637 2722 venerantur
1667 2658 1730 2719 et
1761 2656 2240 2722 dehonorantur.
2270 2656 2501 2720 Deinde
2534 2675 2625 2734 ea,
2653 2675 2812 2738 quae

346 2764 503 2826 sunt
547 2759 848 2844 deputata
885 2760 962 2823 ad
1000 2758 1515 2824 sustentationem
1563 2758 2011 2836 ministrorum,
2046 2760 2174 2822 sive
2220 2757 2347 2823 sint
2394 2758 2650 2823 mobilia
2683 2759 2818 2823 sive

344 2862 720 2928 immobilia.
747 2862 1131 2946 Quicumque
1164 2866 1374 2926 autem
1404 2864 1620 2926 contra
1644 2862 2074 2944 quodcumque
2098 2862 2552 2945 praedictorum
2578 2865 2816 2946 peccat,

346 2968 585 3037 crimen
632 2966 943 3051 sacrilegii
986 2965 1412 3031 committit».

436 3069 522 3134 Et
543 3069 750 3152 quoad
766 3070 816 3133 I.
843 3067 1128 3133 videlicet
1151 3069 1558 3145 sacramenta,
1586 3066 1914 3149 tripliciter
1938 3068 2333 3152 sacrilegium
2357 3067 2806 3132 committitur:

535 3173 601 3235 1ο
636 3170 913 3263 Invalide
957 3169 1367 3235 ministrando
1415 3189 1524 3235 seu
1555 3168 1949 3248 conficienda,
1984 3170 2112 3235 sive
2160 3169 2433 3234 invalida
2466 3169 2806 3246 efficiend0‚

340 3297 411 3343 v.
444 3295 540 3360 gr.
574 3293 698 3338 non
743 3274 981 3359 integre
1028 3272 1394 3338 confitendo.

534 3380 604 3441 2ο
640 3377 897 3462 Indigne
943 3377 1351 3441 ministrando
1400 3375 1497 3440 vel
1546 3375 1953 3458 suscipiendo.

535 3481 606 3544 3⁰
627 3480 961 3564 Tangendo
991 3480 1394 3544 irreverenter
1422 3497 1503 3542 SS.
1531 3478 2023 3553 Eucharistiam3
2057 3477 2222 3558 quod
2253 3476 2636 3561 postremum
2674 3496 2814 3559 gra-

334 3585 678 3650 vissimum
708 3582 846 3657 erit,
882 3583 935 3647 si
963 3583 1150 3665 imme
1189 3580 1484 3665 quapiam
1515 3579 1743 3644 iniuria
1777 3578 2106 3656 afficiatur,
2149 3599 2206 3642 v.
2247 3599 2341 3661 gr.
2376 3576 2812 3655 conculcando,

340 3707 424 3752 ac
451 3685 660 3751 multo
692 3684 1153 3770 gravissimum,
1187 3684 1240 3747 si
1272 3684 1409 3766 quis
1458 3703 1529 3747 ea
1569 3682 1871 3747 abutatur
1904 3681 1982 3744 ad
2028 3680 2350 3766 sortilegia
2387 3680 2485 3745 vel
2523 3680 2818 3763 supersti-

339 3790 608 3855 tionem.
643 3786 779 3867 Quo
817 3787 882 3852 in
928 3806 1095 3864 casu,
1130 3790 1202 3851 ut
1247 3788 1505 3851 notatur
1549 3785 1614 3850 in
1664 3786 1723 3849 5.
1765 3782 2163 3857 resolutione,
2213 3782 2447 3847 aceedit
2491 3786 2816 3866 peccatum

338 3894 570 3958 eontra
615 3890 891 3966 latriam,
930 3908 1012 3953 sc.
1048 3889 1259 3953 actum
1305 3888 1681 3952 reverentiae
1729 3906 1852 3952 non
1899 3886 2083 3950 modo
2132 3885 2221 3950 rei
2268 3904 2497 3964 sacrae,
2548 3885 2652 3950 sed
2698 3885 2818 3968 ipsi

342 3998 484 4062 Deo
532 3992 892 4059 immediate
940 3993 1004 4056 et
1047 3992 1275 4056 directe
1321 3991 1584 4056 debitae.

442 4096 664 4177 Quoad
697 4114 848 4160 vasa
891 4114 1068 4161 sacra
1104 4095 1188 4158 II.
1220 4113 1409 4178 grave
1456 4094 1573 4158 erit
1605 4097 1946 4177 peccatum,
1983 4093 2035 4157 si
2080 4094 2291 4178 gravis
2322 4095 2416 4156 est
2461 4091 2816 4175 profanatio

344 4219 649 4269 vasorum
687 4218 797 4263 seu
826 4197 1383 4262 instrumentorum
1415 4216 1752 4273 sacrorum,
1787 4216 1845 4261 v.
1879 4216 1974 4281 gr.
2014 4196 2221 4261 calicis
2253 4195 2319 4259 in
2365 4193 2668 4271 convivi0‚
2706 4194 2822 4257 aut

344 4303 579 4390 pixidis
626 4303 748 4366 etc.

442 4406 512 4471 ld
574 4406 793 4470 autem
853 4420 978 4466 non
1036 4401 1207 4466 valet
1266 4401 1340 4465 de
1401 4401 1712 4483 ampullis⁹
1764 4399 1946 4484 pelvi,
2004 4398 2415 4483 campanula3
2468 4418 2587 4463 non
2650 4398 2815 4461 enim

342 4508 713 4579 immediate
754 4504 1110 4570 deserviunt
1155 4521 1329 4570 sacro
1376 4502 1742 4567 ministerio.
