<?xml version="1.0" encoding="UTF-8"?>
<!DOCTYPE html PUBLIC "-//W3C//DTD XHTML 1.0 Transitional//EN"
    "http://www.w3.org/TR/xhtml1/DTD/xhtml1-transitional.dtd">
<html xmlns="http://www.w3.org/1999/xhtml" xml:lang="en" lang="en">
 <head>
  <title>
</title>
<meta http-equiv="Content-Type" content="text/html;charset=utf-8" />
  <meta name='ocr-system' content='tesseract 3.04.00' />
  <meta name='ocr-capabilities' content='ocr_page ocr_carea ocr_par ocr_line ocrx_word'/>
</head>
<body>
  <div class='ocr_page' id='page_1' title='image "./opustheologicum00ballgoog/opustheologicum00ballgoog_0755.png"; bbox 0 0 3497 5147; ppageno 0'>
   <div class='ocr_carea' id='block_1_1' title="bbox 636 273 3103 348">
    <p class='ocr_par' dir='ltr' id='par_1_1' title="bbox 636 273 3103 348">
     <span class='ocr_line' id='line_1_1' title="bbox 636 273 3103 348; baseline -0.004 -10"><span class='ocrx_word' id='word_1_1' title='bbox 636 281 745 338; x_wconf 78' lang='lat'>748</span> <span class='ocrx_word' id='word_1_2' title='bbox 815 294 1028 336; x_wconf 63' lang='lat' dir='ltr'>macr.</span> <span class='ocrx_word' id='word_1_3' title='bbox 1051 295 1130 336; x_wconf 79' lang='lat' dir='ltr'>vr.</span> <span class='ocrx_word' id='word_1_4' title='bbox 1152 294 1315 336; x_wconf 72' lang='lat' dir='ltr'>sacr.</span> <span class='ocrx_word' id='word_1_5' title='bbox 1338 295 1418 336; x_wconf 84' lang='lat' dir='ltr'>vr.</span> <span class='ocrx_word' id='word_1_6' title='bbox 1439 294 1525 344; x_wconf 67' lang='lat' dir='ltr'>nr.</span> <span class='ocrx_word' id='word_1_7' title='bbox 1548 291 1740 336; x_wconf 74' lang='lat' dir='ltr'>sano</span> <span class='ocrx_word' id='word_1_8' title='bbox 1766 293 1843 333; x_wconf 76' lang='lat' dir='ltr'>m·</span> <span class='ocrx_word' id='word_1_9' title='bbox 1868 290 2033 334; x_wconf 68' lang='lat' dir='ltr'>nono</span> <span class='ocrx_word' id='word_1_10' title='bbox 2056 291 2273 338; x_wconf 60' lang='lat' dir='ltr'>Panno.</span> <span class='ocrx_word' id='word_1_11' title='bbox 2299 288 2628 331; x_wconf 62' lang='lat' dir='ltr'>pacamur.</span> <span class='ocrx_word' id='word_1_12' title='bbox 2648 289 2791 331; x_wconf 76' lang='lat' dir='ltr'>nun.</span> <span class='ocrx_word' id='word_1_13' title='bbox 2816 288 2882 330; x_wconf 86' lang='lat' dir='ltr'>n.</span> <span class='ocrx_word' id='word_1_14' title='bbox 2921 273 3103 348; x_wconf 75' lang='grc'><strong>[1012]</strong></span> 
     </span>
    </p>
   </div>
   <div class='ocr_carea' id='block_1_2' title="bbox 636 388 3104 1498">
    <p class='ocr_par' dir='ltr' id='par_1_2' title="bbox 636 388 3104 984">
     <span class='ocr_line' id='line_1_2' title="bbox 637 388 3104 475; baseline -0.001 -21"><span class='ocrx_word' id='word_1_15' title='bbox 637 391 986 456; x_wconf 89' lang='lat' dir='ltr'>docuerunt</span> <span class='ocrx_word' id='word_1_16' title='bbox 1042 392 1229 473; x_wconf 90' lang='lat' dir='ltr'>quod,</span> <span class='ocrx_word' id='word_1_17' title='bbox 1277 391 1397 456; x_wconf 87' lang='lat' dir='ltr'>nisi</span> <span class='ocrx_word' id='word_1_18' title='bbox 1443 391 1621 475; x_wconf 83' lang='lat' dir='ltr'>virgo</span> <span class='ocrx_word' id='word_1_19' title='bbox 1653 390 1737 456; x_wconf 92' lang='lat' dir='ltr'>sit</span> <span class='ocrx_word' id='word_1_20' title='bbox 1783 389 2002 467; x_wconf 79' lang='lat' dir='ltr'>invita,</span> <span class='ocrx_word' id='word_1_21' title='bbox 2065 388 2329 472; x_wconf 89' lang='lat' dir='ltr'>speciale</span> <span class='ocrx_word' id='word_1_22' title='bbox 2366 388 2692 470; x_wconf 85' lang='lat' dir='ltr'>peccatum</span> <span class='ocrx_word' id='word_1_23' title='bbox 2734 404 2858 452; x_wconf 89' lang='lat' dir='ltr'>non</span> <span class='ocrx_word' id='word_1_24' title='bbox 2904 388 3019 465; x_wconf 84' lang='lat' dir='ltr'>est,</span> <span class='ocrx_word' id='word_1_25' title='bbox 3067 406 3104 458; x_wconf 87' lang='lat' dir='ltr'>a</span> 
     </span>
     <span class='ocr_line' id='line_1_3' title="bbox 638 488 3104 574; baseline -0.001 -17"><span class='ocrx_word' id='word_1_26' title='bbox 638 493 1047 560; x_wconf 79' lang='lat' dir='ltr'><strong>fornicatione</strong></span> <span class='ocrx_word' id='word_1_27' title='bbox 1095 493 1461 560; x_wconf 88' lang='lat' dir='ltr'>distinctum</span> <span class='ocrx_word' id='word_1_28' title='bbox 1509 494 1576 558; x_wconf 88' lang='lat' dir='ltr'>et</span> <span class='ocrx_word' id='word_1_29' title='bbox 1617 493 1682 557; x_wconf 92' lang='lat' dir='ltr'>in</span> <span class='ocrx_word' id='word_1_30' title='bbox 1714 491 2094 560; x_wconf 86' lang='lat' dir='ltr'>confessione</span> <span class='ocrx_word' id='word_1_31' title='bbox 2146 488 2543 574; x_wconf 89' lang='lat' dir='ltr'>aperiendum</span> <span class='ocrx_word' id='word_1_32' title='bbox 2574 491 2639 554; x_wconf 92' lang='lat' dir='ltr'>et</span> <span class='ocrx_word' id='word_1_33' title='bbox 2674 488 2846 570; x_wconf 82' lang='lat' dir='ltr'>quia,</span> <span class='ocrx_word' id='word_1_34' title='bbox 2891 490 2947 555; x_wconf 88' lang='lat' dir='ltr'>si</span> <span class='ocrx_word' id='word_1_35' title='bbox 2990 489 3104 555; x_wconf 86' lang='lat' dir='ltr'>fiat</span> 
     </span>
     <span class='ocr_line' id='line_1_4' title="bbox 640 590 3101 679; baseline -0 -20"><span class='ocrx_word' id='word_1_36' title='bbox 640 596 870 679; x_wconf 86' lang='lat' dir='ltr'>virgini</span> <span class='ocrx_word' id='word_1_37' title='bbox 914 596 1167 676; x_wconf 83' lang='lat' dir='ltr'>invitae,</span> <span class='ocrx_word' id='word_1_38' title='bbox 1202 596 1516 664; x_wconf 88' lang='lat' dir='ltr'>iniustitia</span> <span class='ocrx_word' id='word_1_39' title='bbox 1565 595 1874 673; x_wconf 81' lang='lat' dir='ltr'>accedenS,</span> <span class='ocrx_word' id='word_1_40' title='bbox 1907 594 2018 662; x_wconf 87' lang='lat' dir='ltr'>illo</span> <span class='ocrx_word' id='word_1_41' title='bbox 2050 592 2242 677; x_wconf 83' lang='lat' dir='ltr'>priori</span> <span class='ocrx_word' id='word_1_42' title='bbox 2271 592 2498 675; x_wconf 77' lang='lat' dir='ltr'>posito,</span> <span class='ocrx_word' id='word_1_43' title='bbox 2532 590 2745 658; x_wconf 84' lang='lat' dir='ltr'>eadem</span> <span class='ocrx_word' id='word_1_44' title='bbox 2778 593 2875 658; x_wconf 86' lang='lat' dir='ltr'>est</span> <span class='ocrx_word' id='word_1_45' title='bbox 2903 592 3101 675; x_wconf 83' lang='lat' dir='ltr'>specie</span> 
     </span>
     <span class='ocr_line' id='line_1_5' title="bbox 637 694 3097 783; baseline 0.002 -23"><span class='ocrx_word' id='word_1_46' title='bbox 637 698 701 761; x_wconf 91' lang='lat' dir='ltr'>in</span> <span class='ocrx_word' id='word_1_47' title='bbox 739 699 1019 781; x_wconf 85' lang='lat' dir='ltr'>qualibet</span> <span class='ocrx_word' id='word_1_48' title='bbox 1061 700 1295 766; x_wconf 87' lang='lat' dir='ltr'>iniusta</span> <span class='ocrx_word' id='word_1_49' title='bbox 1342 699 1732 783; x_wconf 82' lang='lat' dir='ltr'>oppressione</span> <span class='ocrx_word' id='word_1_50' title='bbox 1764 698 2038 782; x_wconf 81' lang='lat' dir='ltr'>puellae3</span> <span class='ocrx_word' id='word_1_51' title='bbox 2080 714 2344 780; x_wconf 89' lang='lat' dir='ltr'>pronum</span> <span class='ocrx_word' id='word_1_52' title='bbox 2374 695 2498 762; x_wconf 88' lang='lat' dir='ltr'>fuit</span> <span class='ocrx_word' id='word_1_53' title='bbox 2528 694 2781 760; x_wconf 82' lang='lat' dir='ltr'>definire</span> <span class='ocrx_word' id='word_1_54' title='bbox 2809 697 3097 778; x_wconf 78' lang='lat' dir='ltr'>stuprum</span> 
     </span>
     <span class='ocr_line' id='line_1_6' title="bbox 636 796 3101 885; baseline 0 -21"><span class='ocrx_word' id='word_1_55' title='bbox 636 799 803 884; x_wconf 89' lang='lat' dir='ltr'>quod</span> <span class='ocrx_word' id='word_1_56' title='bbox 836 804 932 866; x_wconf 87' lang='lat' dir='ltr'>est</span> <span class='ocrx_word' id='word_1_57' title='bbox 967 802 1231 885; x_wconf 87' lang='lat' dir='ltr'>speciale</span> <span class='ocrx_word' id='word_1_58' title='bbox 1277 803 1600 884; x_wconf 87' lang='lat' dir='ltr'>peccatum</span> <span class='ocrx_word' id='word_1_59' title='bbox 1630 801 1694 866; x_wconf 89' lang='lat' dir='ltr'>in</span> <span class='ocrx_word' id='word_1_60' title='bbox 1740 799 2119 870; x_wconf 88' lang='lat' dir='ltr'>confessione</span> <span class='ocrx_word' id='word_1_61' title='bbox 2167 796 2596 881; x_wconf 87' lang='lat' dir='ltr'>aperiendum:</span> <span class='ocrx_word' id='word_1_62' title='bbox 2646 798 3101 877; x_wconf 63' lang='lat' dir='ltr'>oppressionem</span> 
     </span>
     <span class='ocr_line' id='line_1_7' title="bbox 638 900 1374 984; baseline 0.003 -19"><span class='ocrx_word' id='word_1_63' title='bbox 638 900 944 981; x_wconf 54' lang='lat' dir='ltr'>audieris,</span> <span class='ocrx_word' id='word_1_64' title='bbox 976 905 1117 984; x_wconf 76' lang='lat' dir='ltr'>ipsa</span> <span class='ocrx_word' id='word_1_65' title='bbox 1154 906 1374 969; x_wconf 74' lang='lat' dir='ltr'>invita.</span> 
     </span>
    </p>

    <p class='ocr_par' dir='ltr' id='par_1_3' title="bbox 636 1002 3099 1498">
     <span class='ocr_line' id='line_1_8' title="bbox 724 1002 3099 1088; baseline -0.001 -17"><span class='ocrx_word' id='word_1_66' title='bbox 724 1004 1147 1072; x_wconf 88' lang='lat' dir='ltr'>Nihilominus</span> <span class='ocrx_word' id='word_1_67' title='bbox 1164 1010 1380 1072; x_wconf 88' lang='lat' dir='ltr'>notare</span> <span class='ocrx_word' id='word_1_68' title='bbox 1403 1007 1585 1071; x_wconf 86' lang='lat' dir='ltr'>iuvat</span> <span class='ocrx_word' id='word_1_69' title='bbox 1610 1005 1867 1070; x_wconf 89' lang='lat' dir='ltr'>modum</span> <span class='ocrx_word' id='word_1_70' title='bbox 1891 1003 2184 1086; x_wconf 89' lang='lat' dir='ltr'>loquendi</span> <span class='ocrx_word' id='word_1_71' title='bbox 2206 1004 2515 1069; x_wconf 82' lang='lat' dir='ltr'>veterum:</span> <span class='ocrx_word' id='word_1_72' title='bbox 2548 1002 2696 1083; x_wconf 89' lang='lat' dir='ltr'>quia</span> <span class='ocrx_word' id='word_1_73' title='bbox 2718 1021 2861 1067; x_wconf 89' lang='lat' dir='ltr'>eum</span> <span class='ocrx_word' id='word_1_74' title='bbox 2886 1003 3099 1088; x_wconf 82' lang='lat' dir='ltr'>agitur</span> 
     </span>
     <span class='ocr_line' id='line_1_9' title="bbox 639 1105 3099 1190; baseline 0 -19"><span class='ocrx_word' id='word_1_75' title='bbox 639 1109 737 1172; x_wconf 80' lang='lat' dir='ltr'>vel</span> <span class='ocrx_word' id='word_1_76' title='bbox 775 1109 848 1172; x_wconf 86' lang='lat' dir='ltr'>de</span> <span class='ocrx_word' id='word_1_77' title='bbox 878 1110 1296 1174; x_wconf 80' lang='lat' dir='ltr'>reservatione</span> <span class='ocrx_word' id='word_1_78' title='bbox 1329 1127 1587 1173; x_wconf 87' lang='lat' dir='ltr'>casuum</span> <span class='ocrx_word' id='word_1_79' title='bbox 1636 1107 1784 1190; x_wconf 89' lang='lat' dir='ltr'>(nisi</span> <span class='ocrx_word' id='word_1_80' title='bbox 1831 1125 2148 1174; x_wconf 78' lang='lat' dir='ltr'>reservans</span> <span class='ocrx_word' id='word_1_81' title='bbox 2183 1105 2510 1171; x_wconf 82' lang='lat' dir='ltr'>manifeste</span> <span class='ocrx_word' id='word_1_82' title='bbox 2557 1105 2854 1186; x_wconf 89' lang='lat' dir='ltr'>loquatur</span> <span class='ocrx_word' id='word_1_83' title='bbox 2889 1124 3099 1172; x_wconf 86' lang='lat' dir='ltr'>secun-</span> 
     </span>
     <span class='ocr_line' id='line_1_10' title="bbox 638 1208 3099 1296; baseline 0.001 -24"><span class='ocrx_word' id='word_1_84' title='bbox 638 1209 788 1273; x_wconf 90' lang='lat' dir='ltr'>dum</span> <span class='ocrx_word' id='word_1_85' title='bbox 822 1211 1187 1296; x_wconf 88' lang='lat' dir='ltr'>conceptum</span> <span class='ocrx_word' id='word_1_86' title='bbox 1217 1211 1663 1292; x_wconf 73' lang='lat' dir='ltr'>recentiorum)</span> <span class='ocrx_word' id='word_1_87' title='bbox 1694 1210 1796 1273; x_wconf 83' lang='lat' dir='ltr'>vel</span> <span class='ocrx_word' id='word_1_88' title='bbox 1819 1208 1892 1273; x_wconf 88' lang='lat' dir='ltr'>de</span> <span class='ocrx_word' id='word_1_89' title='bbox 1926 1209 2137 1292; x_wconf 91' lang='lat' dir='ltr'>poenis</span> <span class='ocrx_word' id='word_1_90' title='bbox 2184 1228 2291 1291; x_wconf 89' lang='lat' dir='ltr'>per</span> <span class='ocrx_word' id='word_1_91' title='bbox 2335 1226 2543 1273; x_wconf 85' lang='lat' dir='ltr'>sacros</span> <span class='ocrx_word' id='word_1_92' title='bbox 2575 1225 2838 1272; x_wconf 82' lang='lat' dir='ltr'>canones</span> <span class='ocrx_word' id='word_1_93' title='bbox 2874 1208 2938 1272; x_wconf 91' lang='lat' dir='ltr'>in</span> <span class='ocrx_word' id='word_1_94' title='bbox 2971 1209 3099 1275; x_wconf 88' lang='lat' dir='ltr'>stu·</span> 
     </span>
     <span class='ocr_line' id='line_1_11' title="bbox 638 1310 3096 1397; baseline 0.001 -22"><span class='ocrx_word' id='word_1_95' title='bbox 638 1315 953 1393; x_wconf 89' lang='lat' dir='ltr'>pratorem</span> <span class='ocrx_word' id='word_1_96' title='bbox 993 1312 1363 1397; x_wconf 77' lang='lat' dir='ltr'>infligendiS,</span> <span class='ocrx_word' id='word_1_97' title='bbox 1401 1314 1690 1394; x_wconf 82' lang='lat' dir='ltr'>stuprum</span> <span class='ocrx_word' id='word_1_98' title='bbox 1735 1330 1976 1395; x_wconf 89' lang='lat' dir='ltr'>semper</span> <span class='ocrx_word' id='word_1_99' title='bbox 2023 1311 2326 1394; x_wconf 78' lang='lat' dir='ltr'>accipitur</span> <span class='ocrx_word' id='word_1_100' title='bbox 2370 1310 2588 1375; x_wconf 83' lang='lat' dir='ltr'>stricto</span> <span class='ocrx_word' id='word_1_101' title='bbox 2635 1310 3096 1395; x_wconf 84' lang='lat' dir='ltr'>Theologorum</span> 
     </span>
     <span class='ocr_line' id='line_1_12' title="bbox 636 1413 2170 1498; baseline 0.001 -22"><span class='ocrx_word' id='word_1_102' title='bbox 636 1431 838 1491; x_wconf 88' lang='lat' dir='ltr'>sensu,</span> <span class='ocrx_word' id='word_1_103' title='bbox 892 1416 966 1478; x_wconf 91' lang='lat' dir='ltr'>ut</span> <span class='ocrx_word' id='word_1_104' title='bbox 1001 1416 1206 1479; x_wconf 88' lang='lat' dir='ltr'>locum</span> <span class='ocrx_word' id='word_1_105' title='bbox 1240 1415 1534 1479; x_wconf 89' lang='lat' dir='ltr'>nimirum</span> <span class='ocrx_word' id='word_1_106' title='bbox 1566 1415 1795 1478; x_wconf 88' lang='lat' dir='ltr'>habeat</span> <span class='ocrx_word' id='word_1_107' title='bbox 1818 1415 1880 1478; x_wconf 91' lang='lat' dir='ltr'>in</span> <span class='ocrx_word' id='word_1_108' title='bbox 1913 1413 2170 1498; x_wconf 87' lang='lat' dir='ltr'>virgine.</span> 
     </span>
    </p>
   </div>
   <div class='ocr_carea' id='block_1_3' title="bbox 634 1568 3099 2048">
    <p class='ocr_par' dir='ltr' id='par_1_4' title="bbox 634 1568 3099 2048">
     <span class='ocr_line' id='line_1_13' title="bbox 741 1568 3096 1638; baseline 0 -16"><span class='ocrx_word' id='word_1_109' title='bbox 741 1571 922 1623; x_wconf 83' lang='lat' dir='ltr'>xvm.</span> <span class='ocrx_word' id='word_1_110' title='bbox 947 1572 994 1623; x_wconf 88' lang='lat'>3.</span> <span class='ocrx_word' id='word_1_111' title='bbox 1025 1573 1227 1637; x_wconf 82' lang='lat' dir='ltr'>Raptus,</span> <span class='ocrx_word' id='word_1_112' title='bbox 1255 1587 1363 1624; x_wconf 89' lang='lat' dir='ltr'>cum</span> <span class='ocrx_word' id='word_1_113' title='bbox 1391 1570 1577 1625; x_wconf 77' lang='lat' dir='ltr'>scilicet</span> <span class='ocrx_word' id='word_1_114' title='bbox 1606 1586 1814 1638; x_wconf 82' lang='lat' dir='ltr'>persona</span> <span class='ocrx_word' id='word_1_115' title='bbox 1849 1568 2007 1636; x_wconf 81' lang='lat' dir='ltr'>aliqua</span> <span class='ocrx_word' id='word_1_116' title='bbox 2036 1569 2162 1636; x_wconf 86' lang='lat' dir='ltr'>(sive</span> <span class='ocrx_word' id='word_1_117' title='bbox 2191 1571 2436 1623; x_wconf 82' lang='lat' dir='ltr'>masculus</span> <span class='ocrx_word' id='word_1_118' title='bbox 2465 1570 2570 1623; x_wconf 83' lang='lat' dir='ltr'>sive</span> <span class='ocrx_word' id='word_1_119' title='bbox 2597 1569 2786 1632; x_wconf 70' lang='lat' dir='ltr'>femina,</span> <span class='ocrx_word' id='word_1_120' title='bbox 2815 1570 2922 1623; x_wconf 81' lang='lat' dir='ltr'>sive</span> <span class='ocrx_word' id='word_1_121' title='bbox 2947 1576 3096 1637; x_wconf 83' lang='lat' dir='ltr'>nupta</span> 
     </span>
     <span class='ocr_line' id='line_1_14' title="bbox 635 1653 3095 1723; baseline 0.001 -18"><span class='ocrx_word' id='word_1_122' title='bbox 635 1653 740 1707; x_wconf 85' lang='lat' dir='ltr'>sive</span> <span class='ocrx_word' id='word_1_123' title='bbox 768 1655 990 1722; x_wconf 84' lang='lat' dir='ltr'>innupta)</span> <span class='ocrx_word' id='word_1_124' title='bbox 1020 1656 1237 1710; x_wconf 85' lang='lat' dir='ltr'>libidinis</span> <span class='ocrx_word' id='word_1_125' title='bbox 1263 1671 1407 1710; x_wconf 81' lang='lat' dir='ltr'>causa</span> <span class='ocrx_word' id='word_1_126' title='bbox 1436 1655 1712 1719; x_wconf 81' lang='lat' dir='ltr'>abducitur,</span> <span class='ocrx_word' id='word_1_127' title='bbox 1743 1655 1878 1708; x_wconf 80' lang='lat' dir='ltr'>illata</span> <span class='ocrx_word' id='word_1_128' title='bbox 1905 1654 1956 1707; x_wconf 86' lang='lat' dir='ltr'>vi</span> <span class='ocrx_word' id='word_1_129' title='bbox 1991 1653 2099 1707; x_wconf 87' lang='lat' dir='ltr'>sive</span> <span class='ocrx_word' id='word_1_130' title='bbox 2124 1656 2362 1707; x_wconf 68' lang='lat' dir='ltr'>abductae</span> <span class='ocrx_word' id='word_1_131' title='bbox 2387 1653 2494 1708; x_wconf 83' lang='lat' dir='ltr'>sive</span> <span class='ocrx_word' id='word_1_132' title='bbox 2524 1654 2602 1720; x_wconf 85' lang='lat' dir='ltr'>iis,</span> <span class='ocrx_word' id='word_1_133' title='bbox 2627 1669 2837 1721; x_wconf 83' lang='lat' dir='ltr'>quorum</span> <span class='ocrx_word' id='word_1_134' title='bbox 2867 1656 3095 1723; x_wconf 70' lang='lat' dir='ltr'>potestati</span> 
     </span>
     <span class='ocr_line' id='line_1_15' title="bbox 635 1738 3096 1808; baseline 0.002 -17"><span class='ocrx_word' id='word_1_135' title='bbox 635 1741 819 1795; x_wconf 85' lang='lat' dir='ltr'>subest.</span> <span class='ocrx_word' id='word_1_136' title='bbox 847 1740 900 1794; x_wconf 86' lang='lat' dir='ltr'>Si</span> <span class='ocrx_word' id='word_1_137' title='bbox 937 1755 1062 1807; x_wconf 79' lang='lat' dir='ltr'>quae</span> <span class='ocrx_word' id='word_1_138' title='bbox 1100 1749 1257 1796; x_wconf 83' lang='lat' dir='ltr'>tamen</span> <span class='ocrx_word' id='word_1_139' title='bbox 1295 1750 1468 1808; x_wconf 85' lang='lat' dir='ltr'>sponte</span> <span class='ocrx_word' id='word_1_140' title='bbox 1506 1742 1727 1795; x_wconf 84' lang='lat' dir='ltr'>discedat</span> <span class='ocrx_word' id='word_1_141' title='bbox 1764 1755 1875 1796; x_wconf 87' lang='lat' dir='ltr'>cum</span> <span class='ocrx_word' id='word_1_142' title='bbox 1900 1739 2103 1802; x_wconf 83' lang='lat' dir='ltr'>amasio,</span> <span class='ocrx_word' id='word_1_143' title='bbox 2127 1738 2294 1794; x_wconf 78' lang='lat' dir='ltr'>insciis</span> <span class='ocrx_word' id='word_1_144' title='bbox 2332 1738 2632 1805; x_wconf 73' lang='lat' dir='ltr'>parentibus,</span> <span class='ocrx_word' id='word_1_145' title='bbox 2657 1753 2754 1794; x_wconf 88' lang='lat' dir='ltr'>non</span> <span class='ocrx_word' id='word_1_146' title='bbox 2780 1739 2873 1795; x_wconf 84' lang='lat' dir='ltr'>erit</span> <span class='ocrx_word' id='word_1_147' title='bbox 2903 1740 3096 1808; x_wconf 79' lang='lat' dir='ltr'>proprie</span> 
     </span>
     <span class='ocr_line' id='line_1_16' title="bbox 636 1822 3096 1892; baseline 0.002 -18"><span class='ocrx_word' id='word_1_148' title='bbox 636 1832 824 1892; x_wconf 83' lang='lat' dir='ltr'>raptuS,</span> <span class='ocrx_word' id='word_1_149' title='bbox 852 1828 935 1878; x_wconf 85' lang='lat' dir='ltr'>sed</span> <span class='ocrx_word' id='word_1_150' title='bbox 964 1830 1089 1889; x_wconf 68' lang='lat' dir='ltr'>ruga,</span> <span class='ocrx_word' id='word_1_151' title='bbox 1121 1841 1216 1882; x_wconf 85' lang='lat' dir='ltr'>non</span> <span class='ocrx_word' id='word_1_152' title='bbox 1241 1828 1426 1880; x_wconf 85' lang='lat' dir='ltr'>addens</span> <span class='ocrx_word' id='word_1_153' title='bbox 1456 1825 1687 1880; x_wconf 81' lang='lat' dir='ltr'>malitiam</span> <span class='ocrx_word' id='word_1_154' title='bbox 1713 1824 1878 1892; x_wconf 85' lang='lat' dir='ltr'>specie</span> <span class='ocrx_word' id='word_1_155' title='bbox 1916 1823 2195 1879; x_wconf 79' lang='lat' dir='ltr'>distinctam</span> <span class='ocrx_word' id='word_1_156' title='bbox 2220 1822 2544 1877; x_wconf 74' lang='lat' dir='ltr'>fornicationi.</span> <span class='ocrx_word' id='word_1_157' title='bbox 2573 1826 2692 1890; x_wconf 73' lang='lat' dir='ltr'>Lug.</span> <span class='ocrx_word' id='word_1_158' title='bbox 2720 1826 2768 1878; x_wconf 87' lang='lat' dir='ltr'>d.</span> <span class='ocrx_word' id='word_1_159' title='bbox 2794 1827 2878 1879; x_wconf 72' lang='lat'>⁴0.</span> <span class='ocrx_word' id='word_1_160' title='bbox 2899 1840 2949 1880; x_wconf 85' lang='grc' dir='ltr'><strong>ιι.</strong></span> <span class='ocrx_word' id='word_1_161' title='bbox 2977 1828 3096 1881; x_wconf 76' lang='lat'>⁴37.</span> 
     </span>
     <span class='ocr_line' id='line_1_17' title="bbox 636 1906 3099 1976; baseline 0.002 -16"><span class='ocrx_word' id='word_1_162' title='bbox 636 1906 743 1961; x_wconf 80' lang='lat' dir='ltr'>Fill.</span> <span class='ocrx_word' id='word_1_163' title='bbox 772 1923 817 1962; x_wconf 92' lang='lat' dir='ltr'>n.</span> <span class='ocrx_word' id='word_1_164' title='bbox 852 1910 929 1961; x_wconf 73' lang='grc'>10.</span> <span class='ocrx_word' id='word_1_165' title='bbox 960 1908 1076 1962; x_wconf 88' lang='lat' dir='ltr'>Vid.</span> <span class='ocrx_word' id='word_1_166' title='bbox 1105 1912 1223 1963; x_wconf 87' lang='lat' dir='ltr'>Bon.</span> <span class='ocrx_word' id='word_1_167' title='bbox 1255 1912 1382 1963; x_wconf 79' lang='lat' dir='ltr'>idem</span> <span class='ocrx_word' id='word_1_168' title='bbox 1412 1910 1528 1964; x_wconf 87' lang='lat' dir='ltr'>dicit</span> <span class='ocrx_word' id='word_1_169' title='bbox 1556 1909 1695 1964; x_wconf 85' lang='lat' dir='ltr'>Dian.</span> <span class='ocrx_word' id='word_1_170' title='bbox 1723 1925 1771 1976; x_wconf 85' lang='lat' dir='ltr'>p.</span> <span class='ocrx_word' id='word_1_171' title='bbox 1807 1912 1850 1962; x_wconf 80' lang='grc'>1.</span> <span class='ocrx_word' id='word_1_172' title='bbox 1877 1918 1911 1964; x_wconf 89' lang='lat' dir='ltr'>t.</span> <span class='ocrx_word' id='word_1_173' title='bbox 1937 1910 1989 1962; x_wconf 90' lang='lat'>7.</span> <span class='ocrx_word' id='word_1_174' title='bbox 2016 1924 2058 1962; x_wconf 88' lang='lat' dir='ltr'>r.</span> <span class='ocrx_word' id='word_1_175' title='bbox 2086 1909 2172 1962; x_wconf 88' lang='lat'>37.</span> <span class='ocrx_word' id='word_1_176' title='bbox 2198 1923 2259 1962; x_wconf 86' lang='lat' dir='ltr'>ex</span> <span class='ocrx_word' id='word_1_177' title='bbox 2288 1911 2422 1962; x_wconf 78' lang='lat' dir='ltr'>Less,</span> <span class='ocrx_word' id='word_1_178' title='bbox 2453 1912 2483 1964; x_wconf 86' lang='grc'>1.</span> <span class='ocrx_word' id='word_1_179' title='bbox 2514 1910 2561 1962; x_wconf 77' lang='grc'><strong>4.</strong></span> <span class='ocrx_word' id='word_1_180' title='bbox 2590 1924 2633 1963; x_wconf 89' lang='lat' dir='ltr'>c.</span> <span class='ocrx_word' id='word_1_181' title='bbox 2661 1912 2710 1963; x_wconf 88' lang='lat'>3.</span> <span class='ocrx_word' id='word_1_182' title='bbox 2737 1912 2785 1964; x_wconf 92' lang='grc'>(1.</span> <span class='ocrx_word' id='word_1_183' title='bbox 2809 1912 2857 1964; x_wconf 84' lang='grc'><strong>9.</strong></span> <span class='ocrx_word' id='word_1_184' title='bbox 2880 1914 3099 1974; x_wconf 79' lang='lat' dir='ltr'>Sanchez</span> 
     </span>
     <span class='ocr_line' id='line_1_18' title="bbox 634 1991 1485 2048; baseline 0.004 -5"><span class='ocrx_word' id='word_1_185' title='bbox 634 1991 702 2045; x_wconf 75' lang='lat' dir='ltr'>cle</span> <span class='ocrx_word' id='word_1_186' title='bbox 728 1993 897 2047; x_wconf 79' lang='lat' dir='ltr'>Matr.</span> <span class='ocrx_word' id='word_1_187' title='bbox 925 2000 958 2046; x_wconf 90' lang='lat' dir='ltr'>t.</span> <span class='ocrx_word' id='word_1_188' title='bbox 988 1997 1035 2047; x_wconf 87' lang='grc'><strong>2.</strong></span> <span class='ocrx_word' id='word_1_189' title='bbox 1068 1997 1097 2045; x_wconf 93' lang='grc' dir='ltr'>Ι.</span> <span class='ocrx_word' id='word_1_190' title='bbox 1123 1994 1176 2046; x_wconf 90' lang='grc'>7.</span> <span class='ocrx_word' id='word_1_191' title='bbox 1207 1995 1252 2046; x_wconf 89' lang='lat' dir='ltr'>d.</span> <span class='ocrx_word' id='word_1_192' title='bbox 1281 1996 1361 2046; x_wconf 67' lang='lat'>⁴2.</span> <span class='ocrx_word' id='word_1_193' title='bbox 1390 2002 1485 2048; x_wconf 93' lang='lat' dir='ltr'>etc.</span> 
     </span>
    </p>
   </div>
   <div class='ocr_carea' id='block_1_4' title="bbox 634 2130 3098 2529">
    <p class='ocr_par' dir='ltr' id='par_1_5' title="bbox 634 2130 3098 2529">
     <span class='ocr_line' id='line_1_19' title="bbox 727 2130 3098 2221; baseline 0.003 -24"><span class='ocrx_word' id='word_1_194' title='bbox 727 2130 920 2206; x_wconf 83' lang='grc'><strong>1012.</strong></span> <span class='ocrx_word' id='word_1_195' title='bbox 955 2135 1049 2198; x_wconf 85' lang='lat' dir='ltr'>Ad</span> <span class='ocrx_word' id='word_1_196' title='bbox 1075 2135 1305 2202; x_wconf 89' lang='lat' dir='ltr'>crimen</span> <span class='ocrx_word' id='word_1_197' title='bbox 1337 2138 1554 2219; x_wconf 87' lang='lat' dir='ltr'>raptus</span> <span class='ocrx_word' id='word_1_198' title='bbox 1586 2137 1924 2219; x_wconf 86' lang='lat' dir='ltr'>requiritur</span> <span class='ocrx_word' id='word_1_199' title='bbox 1956 2138 2030 2201; x_wconf 92' lang='lat' dir='ltr'>ut</span> <span class='ocrx_word' id='word_1_200' title='bbox 2051 2135 2166 2204; x_wconf 85' lang='lat' dir='ltr'>fiat</span> <span class='ocrx_word' id='word_1_201' title='bbox 2195 2154 2384 2204; x_wconf 86' lang='lat' dir='ltr'>causa</span> <span class='ocrx_word' id='word_1_202' title='bbox 2419 2135 2713 2215; x_wconf 74' lang='lat' dir='ltr'>libidinis,</span> <span class='ocrx_word' id='word_1_203' title='bbox 2738 2139 2814 2204; x_wconf 91' lang='lat' dir='ltr'>ut</span> <span class='ocrx_word' id='word_1_204' title='bbox 2836 2156 3098 2221; x_wconf 86' lang='lat' dir='ltr'>persona</span> 
     </span>
     <span class='ocr_line' id='line_1_20' title="bbox 638 2237 3092 2317; baseline 0.002 -17"><span class='ocrx_word' id='word_1_205' title='bbox 638 2237 1006 2303; x_wconf 81' lang='lat' dir='ltr'>traducatur</span> <span class='ocrx_word' id='word_1_206' title='bbox 1036 2237 1110 2302; x_wconf 88' lang='lat' dir='ltr'>de</span> <span class='ocrx_word' id='word_1_207' title='bbox 1141 2239 1276 2303; x_wconf 89' lang='lat' dir='ltr'>loco</span> <span class='ocrx_word' id='word_1_208' title='bbox 1310 2239 1374 2303; x_wconf 88' lang='lat' dir='ltr'>in</span> <span class='ocrx_word' id='word_1_209' title='bbox 1405 2239 1631 2317; x_wconf 86' lang='lat' dir='ltr'>locum,</span> <span class='ocrx_word' id='word_1_210' title='bbox 1671 2240 1733 2303; x_wconf 90' lang='lat' dir='ltr'>h.</span> <span class='ocrx_word' id='word_1_211' title='bbox 1769 2259 1821 2303; x_wconf 89' lang='lat' dir='ltr'>e.</span> <span class='ocrx_word' id='word_1_212' title='bbox 1861 2239 1936 2304; x_wconf 87' lang='lat' dir='ltr'>de</span> <span class='ocrx_word' id='word_1_213' title='bbox 1965 2240 2102 2304; x_wconf 89' lang='lat' dir='ltr'>loco</span> <span class='ocrx_word' id='word_1_214' title='bbox 2140 2238 2282 2304; x_wconf 88' lang='lat' dir='ltr'>tuto</span> <span class='ocrx_word' id='word_1_215' title='bbox 2322 2238 2400 2306; x_wconf 88' lang='lat' dir='ltr'>ad</span> <span class='ocrx_word' id='word_1_216' title='bbox 2435 2238 2645 2306; x_wconf 86' lang='lat' dir='ltr'>locum</span> <span class='ocrx_word' id='word_1_217' title='bbox 2688 2258 2812 2306; x_wconf 90' lang='lat' dir='ltr'>non</span> <span class='ocrx_word' id='word_1_218' title='bbox 2859 2241 3092 2317; x_wconf 91' lang='lat' dir='ltr'>tutum,</span> 
     </span>
     <span class='ocr_line' id='line_1_21' title="bbox 634 2339 3096 2425; baseline 0.002 -22"><span class='ocrx_word' id='word_1_219' title='bbox 634 2342 707 2404; x_wconf 90' lang='lat' dir='ltr'>ut</span> <span class='ocrx_word' id='word_1_220' title='bbox 752 2340 868 2404; x_wconf 89' lang='lat' dir='ltr'>fiat</span> <span class='ocrx_word' id='word_1_221' title='bbox 913 2341 1211 2406; x_wconf 87' lang='lat' dir='ltr'>violentia</span> <span class='ocrx_word' id='word_1_222' title='bbox 1249 2342 1363 2407; x_wconf 88' lang='lat' dir='ltr'>aut</span> <span class='ocrx_word' id='word_1_223' title='bbox 1399 2344 1571 2407; x_wconf 89' lang='lat' dir='ltr'>metu</span> <span class='ocrx_word' id='word_1_224' title='bbox 1607 2342 1876 2408; x_wconf 87' lang='lat' dir='ltr'>incusso.</span> <span class='ocrx_word' id='word_1_225' title='bbox 1911 2341 2000 2406; x_wconf 79' lang='lat' dir='ltr'>Ex</span> <span class='ocrx_word' id='word_1_226' title='bbox 2046 2341 2183 2425; x_wconf 85' lang='lat' dir='ltr'>lege</span> <span class='ocrx_word' id='word_1_227' title='bbox 2216 2341 2428 2408; x_wconf 83' lang='lat' dir='ltr'>autem</span> <span class='ocrx_word' id='word_1_228' title='bbox 2464 2342 2627 2412; x_wconf 81' lang='lat' dir='ltr'>unic.</span> <span class='ocrx_word' id='word_1_229' title='bbox 2662 2339 2730 2410; x_wconf 87' lang='lat' dir='ltr'>C.</span> <span class='ocrx_word' id='word_1_230' title='bbox 2764 2340 2839 2408; x_wconf 79' lang='lat' dir='ltr'>de</span> <span class='ocrx_word' id='word_1_231' title='bbox 2876 2341 3096 2424; x_wconf 62' lang='lat' dir='ltr'>Rapta</span> 
     </span>
     <span class='ocr_line' id='line_1_22' title="bbox 634 2442 3095 2529; baseline 0.003 -25"><span class='ocrx_word' id='word_1_232' title='bbox 634 2443 790 2524; x_wconf 66' lang='lat' dir='ltr'>viv-9.</span> <span class='ocrx_word' id='word_1_233' title='bbox 863 2445 927 2508; x_wconf 91' lang='lat' dir='ltr'>et</span> <span class='ocrx_word' id='word_1_234' title='bbox 988 2463 1060 2508; x_wconf 89' lang='lat' dir='ltr'>ex</span> <span class='ocrx_word' id='word_1_235' title='bbox 1129 2445 1437 2511; x_wconf 87' lang='lat' dir='ltr'>sententia</span> <span class='ocrx_word' id='word_1_236' title='bbox 1506 2464 1556 2509; x_wconf 92' lang='lat' dir='ltr'>s.</span> <span class='ocrx_word' id='word_1_237' title='bbox 1613 2442 1839 2529; x_wconf 85' lang='lat' dir='ltr'>Congr.</span> <span class='ocrx_word' id='word_1_238' title='bbox 1902 2442 2084 2509; x_wconf 86' lang='lat' dir='ltr'>Cone.</span> <span class='ocrx_word' id='word_1_239' title='bbox 2134 2444 2283 2509; x_wconf 89' lang='lat' dir='ltr'>data</span> <span class='ocrx_word' id='word_1_240' title='bbox 2333 2445 2440 2510; x_wconf 85' lang='lat'>24.</span> <span class='ocrx_word' id='word_1_241' title='bbox 2486 2446 2736 2514; x_wconf 80' lang='lat' dir='ltr'>Ianuar.</span> <span class='ocrx_word' id='word_1_242' title='bbox 2789 2447 2982 2512; x_wconf 88' lang='lat'><strong>1608.</strong></span> <span class='ocrx_word' id='word_1_243' title='bbox 3033 2449 3095 2512; x_wconf 88' lang='lat' dir='ltr'>et</span> 
     </span>
    </p>
   </div>
   <div class='ocr_carea' id='block_1_5' title="bbox 508 2547 3093 2633">
    <p class='ocr_par' dir='ltr' id='par_1_6' title="bbox 508 2547 3093 2633">
     <span class='ocr_line' id='line_1_23' title="bbox 508 2547 3093 2633; baseline 0.003 -23"><span class='ocrx_word' id='word_1_244' title='bbox 508 2590 535 2618; x_wconf 83' lang='lat'>.</span> <span class='ocrx_word' id='word_1_245' title='bbox 637 2547 741 2611; x_wconf 88' lang='grc'><strong>27.</strong></span> <span class='ocrx_word' id='word_1_246' title='bbox 782 2548 945 2633; x_wconf 84' lang='lat' dir='ltr'>Aug.</span> <span class='ocrx_word' id='word_1_247' title='bbox 986 2548 1177 2614; x_wconf 87' lang='grc'><strong>1864.</strong></span> <span class='ocrx_word' id='word_1_248' title='bbox 1213 2550 1461 2616; x_wconf 87' lang='lat' dir='ltr'>constat</span> <span class='ocrx_word' id='word_1_249' title='bbox 1485 2547 1714 2615; x_wconf 88' lang='lat' dir='ltr'>crimen</span> <span class='ocrx_word' id='word_1_250' title='bbox 1746 2548 1966 2632; x_wconf 88' lang='lat' dir='ltr'>raptus</span> <span class='ocrx_word' id='word_1_251' title='bbox 1996 2547 2212 2613; x_wconf 88' lang='lat' dir='ltr'>haberi</span> <span class='ocrx_word' id='word_1_252' title='bbox 2242 2547 2434 2615; x_wconf 86' lang='lat' dir='ltr'>etiam</span> <span class='ocrx_word' id='word_1_253' title='bbox 2469 2567 2612 2614; x_wconf 87' lang='lat' dir='ltr'>cum</span> <span class='ocrx_word' id='word_1_254' title='bbox 2643 2567 2905 2632; x_wconf 85' lang='lat' dir='ltr'>persona</span> <span class='ocrx_word' id='word_1_255' title='bbox 2950 2549 3093 2619; x_wconf 86' lang='lat' dir='ltr'>dolo</span> 
     </span>
    </p>
   </div>
   <div class='ocr_carea' id='block_1_6' title="bbox 625 2649 3095 4578">
    <p class='ocr_par' dir='ltr' id='par_1_7' title="bbox 632 2649 3095 3127">
     <span class='ocr_line' id='line_1_24' title="bbox 632 2649 3095 2737; baseline 0.003 -24"><span class='ocrx_word' id='word_1_256' title='bbox 632 2669 705 2714; x_wconf 86' lang='lat' dir='ltr'>ac</span> <span class='ocrx_word' id='word_1_257' title='bbox 749 2649 966 2715; x_wconf 89' lang='lat' dir='ltr'>fraude</span> <span class='ocrx_word' id='word_1_258' title='bbox 1025 2651 1280 2734; x_wconf 89' lang='lat' dir='ltr'>decepta</span> <span class='ocrx_word' id='word_1_259' title='bbox 1326 2651 1673 2717; x_wconf 89' lang='lat' dir='ltr'>abducitur.</span> <span class='ocrx_word' id='word_1_260' title='bbox 1708 2649 1802 2716; x_wconf 80' lang='lat' dir='ltr'>Cf.</span> <span class='ocrx_word' id='word_1_261' title='bbox 1842 2652 2002 2719; x_wconf 82' lang='lat' dir='ltr'>Acta</span> <span class='ocrx_word' id='word_1_262' title='bbox 2033 2671 2082 2715; x_wconf 78' lang='lat' dir='ltr'>a.</span> <span class='ocrx_word' id='word_1_263' title='bbox 2118 2650 2289 2717; x_wconf 88' lang='lat' dir='ltr'>Sedis</span> <span class='ocrx_word' id='word_1_264' title='bbox 2329 2651 2452 2717; x_wconf 85' lang='lat' dir='ltr'>vol.</span> <span class='ocrx_word' id='word_1_265' title='bbox 2492 2652 2549 2716; x_wconf 94' lang='lat'>1.</span> <span class='ocrx_word' id='word_1_266' title='bbox 2582 2672 2641 2735; x_wconf 89' lang='lat' dir='ltr'>p.</span> <span class='ocrx_word' id='word_1_267' title='bbox 2687 2654 2788 2717; x_wconf 84' lang='lat'>15.</span> <span class='ocrx_word' id='word_1_268' title='bbox 2828 2671 2998 2737; x_wconf 87' lang='lat' dir='ltr'>seqq.</span> <span class='ocrx_word' id='word_1_269' title='bbox 3032 2656 3095 2719; x_wconf 92' lang='lat' dir='ltr'>et</span> 
     </span>
     <span class='ocr_line' id='line_1_25' title="bbox 639 2754 3095 2837; baseline 0.003 -22"><span class='ocrx_word' id='word_1_270' title='bbox 639 2771 780 2836; x_wconf 84' lang='lat' dir='ltr'>pag.</span> <span class='ocrx_word' id='word_1_271' title='bbox 818 2755 923 2817; x_wconf 82' lang='lat'>54.</span> <span class='ocrx_word' id='word_1_272' title='bbox 963 2772 1131 2836; x_wconf 86' lang='lat' dir='ltr'>seqq.</span> <span class='ocrx_word' id='word_1_273' title='bbox 1181 2755 1374 2819; x_wconf 91' lang='lat' dir='ltr'>Porro</span> <span class='ocrx_word' id='word_1_274' title='bbox 1422 2757 1559 2819; x_wconf 90' lang='lat' dir='ltr'>tum</span> <span class='ocrx_word' id='word_1_275' title='bbox 1607 2774 1743 2821; x_wconf 87' lang='lat' dir='ltr'>mas</span> <span class='ocrx_word' id='word_1_276' title='bbox 1789 2758 1930 2820; x_wconf 90' lang='lat' dir='ltr'>tum</span> <span class='ocrx_word' id='word_1_277' title='bbox 1974 2754 2205 2819; x_wconf 86' lang='lat' dir='ltr'>femina</span> <span class='ocrx_word' id='word_1_278' title='bbox 2251 2755 2458 2836; x_wconf 89' lang='lat' dir='ltr'>potest</span> <span class='ocrx_word' id='word_1_279' title='bbox 2501 2755 2640 2837; x_wconf 87' lang='lat' dir='ltr'>rapi</span> <span class='ocrx_word' id='word_1_280' title='bbox 2697 2758 2762 2820; x_wconf 88' lang='lat' dir='ltr'>et</span> <span class='ocrx_word' id='word_1_281' title='bbox 2813 2757 2953 2821; x_wconf 89' lang='lat' dir='ltr'>tum</span> <span class='ocrx_word' id='word_1_282' title='bbox 2999 2757 3095 2823; x_wconf 83' lang='lat' dir='ltr'>vir</span> 
     </span>
     <span class='ocr_line' id='line_1_26' title="bbox 634 2858 3095 2943; baseline 0.003 -23"><span class='ocrx_word' id='word_1_283' title='bbox 634 2859 770 2921; x_wconf 89' lang='lat' dir='ltr'>tum</span> <span class='ocrx_word' id='word_1_284' title='bbox 818 2858 1047 2922; x_wconf 87' lang='lat' dir='ltr'>femina</span> <span class='ocrx_word' id='word_1_285' title='bbox 1095 2859 1323 2923; x_wconf 88' lang='lat' dir='ltr'>crimen</span> <span class='ocrx_word' id='word_1_286' title='bbox 1372 2862 1590 2943; x_wconf 88' lang='lat' dir='ltr'>raptus</span> <span class='ocrx_word' id='word_1_287' title='bbox 1623 2860 1953 2924; x_wconf 86' lang='lat' dir='ltr'>admittere</span> <span class='ocrx_word' id='word_1_288' title='bbox 1986 2860 2220 2941; x_wconf 84' lang='lat' dir='ltr'>potest:</span> <span class='ocrx_word' id='word_1_289' title='bbox 2247 2858 2535 2939; x_wconf 82' lang='lat' dir='ltr'>quamvis</span> <span class='ocrx_word' id='word_1_290' title='bbox 2567 2877 2798 2942; x_wconf 87' lang='lat' dir='ltr'>poenae</span> <span class='ocrx_word' id='word_1_291' title='bbox 2845 2860 3001 2926; x_wconf 86' lang='lat' dir='ltr'>iuris</span> <span class='ocrx_word' id='word_1_292' title='bbox 3031 2862 3095 2927; x_wconf 89' lang='lat' dir='ltr'>in</span> 
     </span>
     <span class='ocr_line' id='line_1_27' title="bbox 637 2958 3090 3044; baseline 0.003 -21"><span class='ocrx_word' id='word_1_293' title='bbox 637 2960 805 3024; x_wconf 88' lang='lat' dir='ltr'>solos</span> <span class='ocrx_word' id='word_1_294' title='bbox 837 2960 1004 3025; x_wconf 85' lang='lat' dir='ltr'>viros</span> <span class='ocrx_word' id='word_1_295' title='bbox 1041 2964 1322 3044; x_wconf 89' lang='lat' dir='ltr'>raptores</span> <span class='ocrx_word' id='word_1_296' title='bbox 1358 2963 1653 3027; x_wconf 87' lang='lat' dir='ltr'>honestae</span> <span class='ocrx_word' id='word_1_297' title='bbox 1700 2962 1964 3026; x_wconf 86' lang='lat' dir='ltr'>feminae</span> <span class='ocrx_word' id='word_1_298' title='bbox 2012 2960 2312 3025; x_wconf 86' lang='lat' dir='ltr'>ferantur.</span> <span class='ocrx_word' id='word_1_299' title='bbox 2344 2958 2436 3029; x_wconf 83' lang='lat' dir='ltr'>cf.</span> <span class='ocrx_word' id='word_1_300' title='bbox 2471 2959 2742 3028; x_wconf 84' lang='lat' dir='ltr'>Sanchez</span> <span class='ocrx_word' id='word_1_301' title='bbox 2774 2963 2850 3026; x_wconf 83' lang='lat' dir='ltr'>de</span> <span class='ocrx_word' id='word_1_302' title='bbox 2885 2964 3090 3029; x_wconf 58' lang='lat' dir='ltr'>Mam</span> 
     </span>
     <span class='ocr_line' id='line_1_28' title="bbox 632 3061 1277 3127; baseline 0.003 -4"><span class='ocrx_word' id='word_1_303' title='bbox 632 3062 674 3124; x_wconf 93' lang='lat' dir='ltr'>l.</span> <span class='ocrx_word' id='word_1_304' title='bbox 729 3062 784 3125; x_wconf 82' lang='lat'>7.</span> <span class='ocrx_word' id='word_1_305' title='bbox 826 3061 884 3125; x_wconf 90' lang='lat' dir='ltr'>d.</span> <span class='ocrx_word' id='word_1_306' title='bbox 924 3064 1025 3127; x_wconf 90' lang='grc'>12.</span> <span class='ocrx_word' id='word_1_307' title='bbox 1061 3084 1120 3127; x_wconf 90' lang='lat' dir='ltr'>n.</span> <span class='ocrx_word' id='word_1_308' title='bbox 1172 3065 1277 3127; x_wconf 82' lang='lat'>24.</span> 
     </span>
    </p>

    <p class='ocr_par' dir='ltr' id='par_1_8' title="bbox 625 3162 3094 4177">
     <span class='ocr_line' id='line_1_29' title="bbox 724 3162 3093 3253; baseline 0.004 -27"><span class='ocrx_word' id='word_1_309' title='bbox 724 3162 970 3228; x_wconf 87' lang='lat' dir='ltr'>Crimen</span> <span class='ocrx_word' id='word_1_310' title='bbox 1018 3168 1237 3249; x_wconf 88' lang='lat' dir='ltr'>raptus</span> <span class='ocrx_word' id='word_1_311' title='bbox 1285 3165 1631 3248; x_wconf 90' lang='lat' dir='ltr'>(loquimur</span> <span class='ocrx_word' id='word_1_312' title='bbox 1676 3164 1750 3235; x_wconf 88' lang='lat' dir='ltr'>de</span> <span class='ocrx_word' id='word_1_313' title='bbox 1796 3166 1981 3247; x_wconf 89' lang='lat' dir='ltr'>raptu</span> <span class='ocrx_word' id='word_1_314' title='bbox 2035 3167 2223 3248; x_wconf 88' lang='lat' dir='ltr'>prout</span> <span class='ocrx_word' id='word_1_315' title='bbox 2282 3166 2511 3232; x_wconf 87' lang='lat' dir='ltr'>crimen</span> <span class='ocrx_word' id='word_1_316' title='bbox 2557 3169 2671 3245; x_wconf 84' lang='lat' dir='ltr'>est,</span> <span class='ocrx_word' id='word_1_317' title='bbox 2735 3186 2856 3234; x_wconf 91' lang='lat' dir='ltr'>non</span> <span class='ocrx_word' id='word_1_318' title='bbox 2904 3172 3093 3253; x_wconf 89' lang='lat' dir='ltr'>prout</span> 
     </span>
     <span class='ocr_line' id='line_1_30' title="bbox 635 3266 3094 3351; baseline 0.004 -23"><span class='ocrx_word' id='word_1_319' title='bbox 635 3266 731 3328; x_wconf 84' lang='lat' dir='ltr'>est</span> <span class='ocrx_word' id='word_1_320' title='bbox 776 3268 1164 3333; x_wconf 89' lang='lat' dir='ltr'>matrimonii</span> <span class='ocrx_word' id='word_1_321' title='bbox 1195 3268 1735 3351; x_wconf 88' lang='lat' dir='ltr'>impedimentum)</span> <span class='ocrx_word' id='word_1_322' title='bbox 1784 3267 2048 3335; x_wconf 89' lang='lat' dir='ltr'>habetur</span> <span class='ocrx_word' id='word_1_323' title='bbox 2078 3268 2207 3333; x_wconf 88' lang='lat' dir='ltr'>sive</span> <span class='ocrx_word' id='word_1_324' title='bbox 2254 3268 2347 3334; x_wconf 86' lang='lat' dir='ltr'>vis</span> <span class='ocrx_word' id='word_1_325' title='bbox 2395 3270 2511 3337; x_wconf 84' lang='lat' dir='ltr'>aut</span> <span class='ocrx_word' id='word_1_326' title='bbox 2555 3270 2760 3336; x_wconf 89' lang='lat' dir='ltr'>metus</span> <span class='ocrx_word' id='word_1_327' title='bbox 2791 3270 3094 3338; x_wconf 86' lang='lat' dir='ltr'>inferatur</span> 
     </span>
     <span class='ocr_line' id='line_1_31' title="bbox 629 3368 3092 3454; baseline 0.003 -22"><span class='ocrx_word' id='word_1_328' title='bbox 629 3368 747 3433; x_wconf 85' lang='lat' dir='ltr'>soli</span> <span class='ocrx_word' id='word_1_329' title='bbox 787 3388 1082 3451; x_wconf 88' lang='lat' dir='ltr'>personae</span> <span class='ocrx_word' id='word_1_330' title='bbox 1128 3373 1362 3453; x_wconf 85' lang='lat' dir='ltr'>raptae,</span> <span class='ocrx_word' id='word_1_331' title='bbox 1428 3370 1557 3435; x_wconf 87' lang='lat' dir='ltr'>sive</span> <span class='ocrx_word' id='word_1_332' title='bbox 1603 3370 1808 3435; x_wconf 88' lang='lat' dir='ltr'>solum</span> <span class='ocrx_word' id='word_1_333' title='bbox 1855 3370 1953 3447; x_wconf 87' lang='lat' dir='ltr'>iis,</span> <span class='ocrx_word' id='word_1_334' title='bbox 2001 3369 2066 3434; x_wconf 92' lang='lat' dir='ltr'>in</span> <span class='ocrx_word' id='word_1_335' title='bbox 2120 3388 2387 3452; x_wconf 90' lang='lat' dir='ltr'>quorum</span> <span class='ocrx_word' id='word_1_336' title='bbox 2442 3372 2752 3454; x_wconf 89' lang='lat' dir='ltr'>potestate</span> <span class='ocrx_word' id='word_1_337' title='bbox 2798 3375 2928 3453; x_wconf 80' lang='lat' dir='ltr'>est,</span> <span class='ocrx_word' id='word_1_338' title='bbox 2960 3376 3092 3440; x_wconf 85' lang='lat' dir='ltr'>sive</span> 
     </span>
     <span class='ocr_line' id='line_1_32' title="bbox 638 3471 3090 3554; baseline 0.002 -17"><span class='ocrx_word' id='word_1_339' title='bbox 638 3472 935 3553; x_wconf 89' lang='lat' dir='ltr'>utrisque.</span> <span class='ocrx_word' id='word_1_340' title='bbox 993 3496 1029 3532; x_wconf 87' lang='lat'><strong>‹</strong></span> <span class='ocrx_word' id='word_1_341' title='bbox 1067 3471 1468 3553; x_wconf 85' lang='lat' dir='ltr'>Quandoque,</span> <span class='ocrx_word' id='word_1_342' title='bbox 1528 3472 1620 3536; x_wconf 88' lang='lat' dir='ltr'>ait</span> <span class='ocrx_word' id='word_1_343' title='bbox 1665 3492 1713 3536; x_wconf 87' lang='lat' dir='ltr'>s.</span> <span class='ocrx_word' id='word_1_344' title='bbox 1763 3472 2034 3538; x_wconf 77' lang='lat' dir='ltr'>Thomas</span> <span class='ocrx_word' id='word_1_345' title='bbox 2076 3474 2137 3537; x_wconf 89' lang='grc'><strong>2.</strong></span> <span class='ocrx_word' id='word_1_346' title='bbox 2188 3474 2247 3543; x_wconf 82' lang='grc'><strong>2.</strong></span> <span class='ocrx_word' id='word_1_347' title='bbox 2282 3493 2341 3554; x_wconf 89' lang='lat' dir='ltr'>q.</span> <span class='ocrx_word' id='word_1_348' title='bbox 2396 3474 2543 3541; x_wconf 87' lang='grc'><strong>154.</strong></span> <span class='ocrx_word' id='word_1_349' title='bbox 2576 3492 2614 3538; x_wconf 86' lang='lat' dir='ltr'>a</span> <span class='ocrx_word' id='word_1_350' title='bbox 2665 3474 2745 3553; x_wconf 87' lang='grc'><strong>7.,</strong></span> <span class='ocrx_word' id='word_1_351' title='bbox 2795 3476 3090 3543; x_wconf 88' lang='lat' dir='ltr'>violentia</span> 
     </span>
     <span class='ocr_line' id='line_1_33' title="bbox 639 3573 3091 3658; baseline 0.003 -21"><span class='ocrx_word' id='word_1_352' title='bbox 639 3574 900 3639; x_wconf 86' lang='lat' dir='ltr'>infertur</span> <span class='ocrx_word' id='word_1_353' title='bbox 957 3575 1090 3641; x_wconf 90' lang='lat' dir='ltr'>tam</span> <span class='ocrx_word' id='word_1_354' title='bbox 1152 3574 1273 3656; x_wconf 85' lang='lat' dir='ltr'>ipsi</span> <span class='ocrx_word' id='word_1_355' title='bbox 1332 3573 1579 3658; x_wconf 79' lang='lat' dir='ltr'>virgini,</span> <span class='ocrx_word' id='word_1_356' title='bbox 1640 3594 1832 3656; x_wconf 91' lang='lat' dir='ltr'>quam</span> <span class='ocrx_word' id='word_1_357' title='bbox 1877 3576 2081 3657; x_wconf 85' lang='lat' dir='ltr'>patri:</span> <span class='ocrx_word' id='word_1_358' title='bbox 2132 3575 2500 3657; x_wconf 86' lang='lat' dir='ltr'>quandoque</span> <span class='ocrx_word' id='word_1_359' title='bbox 2555 3578 2769 3643; x_wconf 86' lang='lat' dir='ltr'>autem</span> <span class='ocrx_word' id='word_1_360' title='bbox 2825 3579 3091 3645; x_wconf 85' lang='lat' dir='ltr'>infertur</span> 
     </span>
     <span class='ocr_line' id='line_1_34' title="bbox 634 3676 3090 3766; baseline 0.004 -27"><span class='ocrx_word' id='word_1_361' title='bbox 634 3678 797 3757; x_wconf 87' lang='lat' dir='ltr'>patri</span> <span class='ocrx_word' id='word_1_362' title='bbox 845 3676 949 3741; x_wconf 89' lang='lat' dir='ltr'>sed</span> <span class='ocrx_word' id='word_1_363' title='bbox 998 3696 1119 3741; x_wconf 93' lang='lat' dir='ltr'>non</span> <span class='ocrx_word' id='word_1_364' title='bbox 1166 3678 1413 3763; x_wconf 85' lang='lat' dir='ltr'>virgini,</span> <span class='ocrx_word' id='word_1_365' title='bbox 1474 3680 1626 3763; x_wconf 87' lang='lat' dir='ltr'>puta</span> <span class='ocrx_word' id='word_1_366' title='bbox 1680 3697 1822 3742; x_wconf 90' lang='lat' dir='ltr'>cum</span> <span class='ocrx_word' id='word_1_367' title='bbox 1868 3679 2002 3761; x_wconf 89' lang='lat' dir='ltr'>ipsa</span> <span class='ocrx_word' id='word_1_368' title='bbox 2057 3679 2382 3756; x_wconf 87' lang='lat' dir='ltr'>consentit,</span> <span class='ocrx_word' id='word_1_369' title='bbox 2423 3680 2496 3742; x_wconf 88' lang='lat' dir='ltr'>nt</span> <span class='ocrx_word' id='word_1_370' title='bbox 2540 3680 2614 3744; x_wconf 91' lang='lat' dir='ltr'>de</span> <span class='ocrx_word' id='word_1_371' title='bbox 2661 3679 2846 3749; x_wconf 83' lang='lat' dir='ltr'>domo</span> <span class='ocrx_word' id='word_1_372' title='bbox 2893 3685 3090 3766; x_wconf 86' lang='lat' dir='ltr'>patris</span> 
     </span>
     <span class='ocr_line' id='line_1_35' title="bbox 633 3778 3093 3870; baseline 0.004 -29"><span class='ocrx_word' id='word_1_373' title='bbox 633 3778 1133 3857; x_wconf 82' lang='lat' dir='ltr'>abstrahatur...;</span> <span class='ocrx_word' id='word_1_374' title='bbox 1187 3781 1557 3864; x_wconf 87' lang='lat' dir='ltr'>quandoque</span> <span class='ocrx_word' id='word_1_375' title='bbox 1593 3781 1800 3864; x_wconf 89' lang='lat' dir='ltr'>puella</span> <span class='ocrx_word' id='word_1_376' title='bbox 1838 3781 2139 3846; x_wconf 82' lang='lat' dir='ltr'>violenter</span> <span class='ocrx_word' id='word_1_377' title='bbox 2185 3781 2513 3848; x_wconf 84' lang='lat' dir='ltr'>abducitur</span> <span class='ocrx_word' id='word_1_378' title='bbox 2561 3804 2598 3849; x_wconf 90' lang='lat' dir='ltr'>a</span> <span class='ocrx_word' id='word_1_379' title='bbox 2648 3786 2833 3853; x_wconf 90' lang='lat' dir='ltr'>domo</span> <span class='ocrx_word' id='word_1_380' title='bbox 2879 3806 3093 3870; x_wconf 87' lang='lat' dir='ltr'>paren·</span> 
     </span>
     <span class='ocr_line' id='line_1_36' title="bbox 635 3883 3092 3968; baseline 0.005 -25"><span class='ocrx_word' id='word_1_381' title='bbox 635 3883 769 3944; x_wconf 87' lang='lat' dir='ltr'>tum</span> <span class='ocrx_word' id='word_1_382' title='bbox 818 3885 881 3945; x_wconf 91' lang='lat' dir='ltr'>et</span> <span class='ocrx_word' id='word_1_383' title='bbox 928 3883 1231 3947; x_wconf 75' lang='lat' dir='ltr'>violenter</span> <span class='ocrx_word' id='word_1_384' title='bbox 1278 3885 1737 3968; x_wconf 83' lang='lat' dir='ltr'>corrumpitur3</span> <span class='ocrx_word' id='word_1_385' title='bbox 1778 3885 2147 3966; x_wconf 90' lang='lat' dir='ltr'>quandoque</span> <span class='ocrx_word' id='word_1_386' title='bbox 2194 3887 2425 3962; x_wconf 86' lang='lat' dir='ltr'>autem,</span> <span class='ocrx_word' id='word_1_387' title='bbox 2461 3887 2524 3951; x_wconf 90' lang='lat' dir='ltr'>et</span> <span class='ocrx_word' id='word_1_388' title='bbox 2571 3888 2624 3952; x_wconf 90' lang='lat' dir='ltr'>si</span> <span class='ocrx_word' id='word_1_389' title='bbox 2655 3889 2959 3954; x_wconf 79' lang='lat' dir='ltr'>violenter</span> <span class='ocrx_word' id='word_1_390' title='bbox 2988 3891 3092 3954; x_wconf 88' lang='lat' dir='ltr'>ab·</span> 
     </span>
     <span class='ocr_line' id='line_1_37' title="bbox 625 3983 3084 4076; baseline 0.004 -30"><span class='ocrx_word' id='word_1_391' title='bbox 625 3983 911 4061; x_wconf 86' lang='lat' dir='ltr'>ducatur,</span> <span class='ocrx_word' id='word_1_392' title='bbox 946 4004 1067 4049; x_wconf 93' lang='lat' dir='ltr'>non</span> <span class='ocrx_word' id='word_1_393' title='bbox 1099 3988 1308 4051; x_wconf 87' lang='lat' dir='ltr'>tamen</span> <span class='ocrx_word' id='word_1_394' title='bbox 1340 3987 1638 4053; x_wconf 80' lang='lat' dir='ltr'>violenter</span> <span class='ocrx_word' id='word_1_395' title='bbox 1669 3987 2108 4069; x_wconf 89' lang='lat' dir='ltr'>corrumpitur,</span> <span class='ocrx_word' id='word_1_396' title='bbox 2141 3986 2246 4052; x_wconf 88' lang='lat' dir='ltr'>sed</span> <span class='ocrx_word' id='word_1_397' title='bbox 2278 3986 2351 4050; x_wconf 89' lang='lat' dir='ltr'>de</span> <span class='ocrx_word' id='word_1_398' title='bbox 2375 3988 2701 4055; x_wconf 82' lang='lat' dir='ltr'>voluntate</span> <span class='ocrx_word' id='word_1_399' title='bbox 2733 3991 2991 4076; x_wconf 80' lang='lat' dir='ltr'>virginis</span> <span class='ocrx_word' id='word_1_400' title='bbox 3024 4018 3084 4056; x_wconf 82' lang='lat'>».</span> 
     </span>
     <span class='ocr_line' id='line_1_38' title="bbox 626 4087 2973 4177; baseline 0.003 -25"><span class='ocrx_word' id='word_1_401' title='bbox 626 4087 877 4152; x_wconf 61' lang='lat' dir='ltr'>Subdit:</span> <span class='ocrx_word' id='word_1_402' title='bbox 936 4114 970 4145; x_wconf 90' lang='lat'>‹&lt;</span> <span class='ocrx_word' id='word_1_403' title='bbox 1009 4089 1543 4171; x_wconf 86' lang='lat' dir='ltr'>qualitercumque</span> <span class='ocrx_word' id='word_1_404' title='bbox 1575 4089 1874 4154; x_wconf 85' lang='lat' dir='ltr'>violentia</span> <span class='ocrx_word' id='word_1_405' title='bbox 1912 4089 2094 4164; x_wconf 88' lang='lat' dir='ltr'>adsit,</span> <span class='ocrx_word' id='word_1_406' title='bbox 2129 4091 2410 4155; x_wconf 89' lang='lat' dir='ltr'>salvatur</span> <span class='ocrx_word' id='word_1_407' title='bbox 2444 4091 2608 4157; x_wconf 86' lang='lat' dir='ltr'>ratio</span> <span class='ocrx_word' id='word_1_408' title='bbox 2645 4095 2863 4177; x_wconf 86' lang='lat' dir='ltr'>raptus</span> <span class='ocrx_word' id='word_1_409' title='bbox 2912 4120 2973 4158; x_wconf 87' lang='lat'>».</span> 
     </span>
    </p>

    <p class='ocr_par' dir='ltr' id='par_1_9' title="bbox 627 4191 3090 4578">
     <span class='ocr_line' id='line_1_39' title="bbox 718 4191 3090 4278; baseline 0.003 -25"><span class='ocrx_word' id='word_1_410' title='bbox 718 4196 783 4253; x_wconf 88' lang='lat' dir='ltr'>ln</span> <span class='ocrx_word' id='word_1_411' title='bbox 832 4192 1018 4272; x_wconf 90' lang='lat' dir='ltr'>raptu</span> <span class='ocrx_word' id='word_1_412' title='bbox 1065 4191 1289 4273; x_wconf 82' lang='lat' dir='ltr'>duplex</span> <span class='ocrx_word' id='word_1_413' title='bbox 1340 4194 1436 4255; x_wconf 91' lang='lat' dir='ltr'>est</span> <span class='ocrx_word' id='word_1_414' title='bbox 1482 4192 1728 4255; x_wconf 88' lang='lat' dir='ltr'>malitia</span> <span class='ocrx_word' id='word_1_415' title='bbox 1762 4211 1870 4255; x_wconf 85' lang='lat' dir='ltr'>seu</span> <span class='ocrx_word' id='word_1_416' title='bbox 1919 4194 2267 4273; x_wconf 74' lang='lat' dir='ltr'>peccatum3</span> <span class='ocrx_word' id='word_1_417' title='bbox 2308 4212 2453 4261; x_wconf 87' lang='lat' dir='ltr'>nam</span> <span class='ocrx_word' id='word_1_418' title='bbox 2500 4213 2573 4259; x_wconf 85' lang='lat' dir='ltr'>ex</span> <span class='ocrx_word' id='word_1_419' title='bbox 2618 4198 2794 4278; x_wconf 86' lang='lat' dir='ltr'>parte</span> <span class='ocrx_word' id='word_1_420' title='bbox 2840 4196 2979 4262; x_wconf 85' lang='lat' dir='ltr'>finis</span> <span class='ocrx_word' id='word_1_421' title='bbox 3025 4200 3090 4263; x_wconf 83' lang='lat' dir='ltr'>et</span> 
     </span>
     <span class='ocr_line' id='line_1_40' title="bbox 630 4292 3087 4385; baseline 0.004 -32"><span class='ocrx_word' id='word_1_422' title='bbox 630 4292 1011 4369; x_wconf 78' lang='lat' dir='ltr'>intentioniS,</span> <span class='ocrx_word' id='word_1_423' title='bbox 1048 4295 1144 4357; x_wconf 87' lang='lat' dir='ltr'>est</span> <span class='ocrx_word' id='word_1_424' title='bbox 1181 4295 1503 4375; x_wconf 89' lang='lat' dir='ltr'>peccatum</span> <span class='ocrx_word' id='word_1_425' title='bbox 1536 4293 1844 4370; x_wconf 77' lang='lat' dir='ltr'>luxuriae3</span> <span class='ocrx_word' id='word_1_426' title='bbox 1879 4314 1950 4358; x_wconf 78' lang='lat' dir='ltr'>ex</span> <span class='ocrx_word' id='word_1_427' title='bbox 1983 4298 2156 4377; x_wconf 84' lang='lat' dir='ltr'>parte</span> <span class='ocrx_word' id='word_1_428' title='bbox 2174 4297 2436 4363; x_wconf 88' lang='lat' dir='ltr'>actionis</span> <span class='ocrx_word' id='word_1_429' title='bbox 2468 4299 2563 4364; x_wconf 86' lang='lat' dir='ltr'>est</span> <span class='ocrx_word' id='word_1_430' title='bbox 2587 4301 2908 4385; x_wconf 83' lang='lat' dir='ltr'>peccatum</span> <span class='ocrx_word' id='word_1_431' title='bbox 2932 4300 3087 4365; x_wconf 88' lang='lat' dir='ltr'>iniu-</span> 
     </span>
     <span class='ocr_line' id='line_1_41' title="bbox 631 4393 3086 4484; baseline 0.005 -28"><span class='ocrx_word' id='word_1_432' title='bbox 631 4393 862 4467; x_wconf 86' lang='lat' dir='ltr'>stitiae,</span> <span class='ocrx_word' id='word_1_433' title='bbox 900 4393 1192 4459; x_wconf 86' lang='lat' dir='ltr'>adversus</span> <span class='ocrx_word' id='word_1_434' title='bbox 1241 4394 1337 4459; x_wconf 88' lang='lat' dir='ltr'>vel</span> <span class='ocrx_word' id='word_1_435' title='bbox 1369 4395 1712 4473; x_wconf 83' lang='lat' dir='ltr'>mulierem,</span> <span class='ocrx_word' id='word_1_436' title='bbox 1754 4397 1850 4461; x_wconf 82' lang='lat' dir='ltr'>vel</span> <span class='ocrx_word' id='word_1_437' title='bbox 1883 4401 2164 4478; x_wconf 82' lang='lat' dir='ltr'>parentes</span> <span class='ocrx_word' id='word_1_438' title='bbox 2212 4399 2343 4465; x_wconf 88' lang='lat' dir='ltr'>eius</span> <span class='ocrx_word' id='word_1_439' title='bbox 2376 4402 2488 4465; x_wconf 82' lang='lat' dir='ltr'>aut</span> <span class='ocrx_word' id='word_1_440' title='bbox 2513 4419 2635 4476; x_wconf 77' lang='lat' dir='ltr'>eOS,</span> <span class='ocrx_word' id='word_1_441' title='bbox 2671 4401 2786 4466; x_wconf 89' lang='lat' dir='ltr'>sub</span> <span class='ocrx_word' id='word_1_442' title='bbox 2818 4421 3086 4484; x_wconf 89' lang='lat' dir='ltr'>quorum</span> 
     </span>
     <span class='ocr_line' id='line_1_42' title="bbox 627 4494 1805 4578; baseline 0.006 -22"><span class='ocrx_word' id='word_1_443' title='bbox 627 4496 721 4556; x_wconf 86' lang='lat' dir='ltr'>est</span> <span class='ocrx_word' id='word_1_444' title='bbox 754 4494 1031 4556; x_wconf 85' lang='lat' dir='ltr'>custodia</span> <span class='ocrx_word' id='word_1_445' title='bbox 1069 4496 1165 4558; x_wconf 75' lang='lat' dir='ltr'>vel</span> <span class='ocrx_word' id='word_1_446' title='bbox 1211 4496 1476 4576; x_wconf 84' lang='lat' dir='ltr'>utraque</span> <span class='ocrx_word' id='word_1_447' title='bbox 1508 4514 1581 4559; x_wconf 78' lang='lat' dir='ltr'>ex</span> <span class='ocrx_word' id='word_1_448' title='bbox 1611 4500 1805 4578; x_wconf 82' lang='lat' dir='ltr'>parte.</span> 
     </span>
    </p>
   </div>
  </div>
 </body>
</html>
