3497 5147
642 365 752 421 750
819 380 1033 422 macr.
1056 381 1136 422 vr.
1156 378 1318 421 επιστ.
1342 381 1423 421 vl.
1448 380 1535 420 nn
1559 379 1751 423 snx'ro
1774 382 1851 422 m·
1874 381 2038 424 sono
2057 381 2274 424 raam.
2292 381 2623 425 nncanosx.
2648 381 2793 423 nus.
2818 382 2883 422 11.
2920 364 3098 443 [1014]

752 475 891 529 XlX.
923 474 973 529 4.
999 474 1326 540 Adulterium,
1360 491 1470 530 cum
1510 476 1697 532 seilicet
1736 484 1959 545 uterque,
1985 480 2067 533 vel
2104 480 2341 536 alteruter
2380 479 2659 534 coeuntium
2699 487 2775 534 est
2812 478 3100 533 coniunctus

647 560 974 625 matrimoniO,
997 561 1188 616 etiamsi
1212 562 1533 616 adulterantis
1559 564 1735 617 coniux
1762 564 1824 617 sit
1849 572 2134 619 contentus:
2158 573 2265 619 esto
2291 565 2419 619 enim
2445 573 2560 618 tunc
2581 564 2651 618 ini
2679 579 2773 643 non
2796 567 2879 617 flat
2904 560 3099 625 iniuria,

644 648 699 699 m
729 653 889 699 tamen
908 646 1006 714 ipsi
1030 646 1197 713 statui,
1221 651 1536 702 sacramento
1563 654 1612 701 et
1636 647 1751 702 nuic
1778 656 2056 716 praecepto.
2081 648 2246 703 *Hinc
2271 649 2529 703 interdicta
2555 655 2631 702 est
2656 647 2824 715 opinio
2853 645 3099 700 contraria

648 732 708 783 ab
737 733 981 785 innocent.
1009 733 1095 785 Xl.
1127 735 1325 799 Propos-
1354 734 1440 785 50.
1465 729 1646 800 ¹''Quod
1673 733 1716 786 si
1744 734 1918 788 ‘emina
1957 737 2238 789 adulterans
2263 734 2327 788 sit
2352 733 2628 798 coniugata,
2653 732 2856 797 gravius
2882 734 3102 793 nabetur,

649 829 790 880 quam
830 815 870 867 si
909 815 996 878 vir,
1023 822 1225 883 propter
1260 817 1564 872 incommoda
1601 818 1846 883 graviora,
1873 833 1921 871 v.
1946 835 2016 884 gr.
2054 821 2283 874 damnum
2320 818 2427 872 veri
2465 816 2679 882 heredis,
2722 816 2877 886 prolis
2912 815 3109 870 incerti-

649 898 869 952 tudinem
894 906 987 953 etc.
1007 901 1061 955 Si
1086 915 1206 954 vero
1246 909 1449 967 uterque
1487 902 1551 955 sit
1588 903 1896 968 coniugatus,
1921 906 2082 959 adhuc
2118 904 2319 969 gravius
2355 909 2448 966 est,
2470 902 2585 969 quia
2610 910 2725 957 sunt
2749 903 2876 955 duae
2902 899 3105 954 iniuriae

650 984 700 1037 in
740 986 997 1053 utriusque
1034 986 1308 1052 coniugem,
1336 988 1384 1041 in
1422 988 1726 1042 confessione
1767 990 2126 1057 exprimendae.
2147 990 2256 1044 Fin.
2285 997 2320 1042 1.
2346 993 2432 1044 26.
2462 1005 2505 1043 c.
2535 989 2582 1041 4.
2612 1004 2659 1042 n.
2689 989 2775 1041 85.
2802 994 2851 1041 et
2878 989 2961 1040 89.

744 1109 935 1184 1014.
956 1115 1211 1199 Propos.
1242 1116 1347 1179 50.
1376 1116 1454 1180 ab
1486 1116 1845 1182 Innocentio
1863 1117 1974 1182 XI.
2002 1117 2297 1182 damnata
2319 1117 2472 1182 haec
2502 1119 2624 1181 est:
2666 1113 3111 1198 «Copulacum

658 1216 1014 1299 coniugata,
1048 1217 1468 1282 consentiente
1496 1219 1745 1294 marit0,
1782 1238 1904 1285 non
1942 1222 2037 1284 est
2068 1220 2443 1284 adulterium
2471 1219 2732 1301 ideoque
2769 1216 3004 1282 sufficit
3047 1215 3114 1278 in

663 1317 1045 1383 confessione
1082 1319 1302 1397 dicere,
1342 1338 1408 1384 se
1453 1339 1585 1386 esse
1629 1321 2006 1386 fornicatum
2033 1348 2095 1386 ».

748 1419 980 1503 Utique
1012 1422 1066 1485 si
1111 1422 1333 1487 coniux
1379 1423 1558 1488 cedat
1605 1426 1894 1489 extraneo
1939 1425 2040 1490 ius
2071 1445 2274 1501 suum,
2331 1443 2439 1489 seu
2499 1423 2710 1508 potius
2772 1441 2957 1487 usum
3018 1419 3119 1484 sui

664 1529 838 1607 iuris,
890 1529 946 1593 ei
993 1547 1116 1594 non
1161 1529 1237 1593 fit
1281 1529 1528 1609 iniuria,
1579 1533 1795 1596 contra
1842 1551 2033 1614 quam
2079 1551 2261 1618 agere
2305 1532 2531 1615 possit,
2580 1531 2728 1614 quia
2773 1526 3011 1594 volenti
3055 1529 3121 1590 et

659 1633 1069 1697 consentienti
1115 1652 1236 1698 non
1282 1634 1358 1698 fit
1402 1635 1657 1699 iniuria:
1706 1635 2131 1710 nihilominu8‚
2166 1638 2256 1701 ait
2285 1636 2535 1700 Lessius
2558 1636 2601 1699 l.
2637 1635 2698 1699 4.
2732 1653 2784 1698 c.
2819 1635 2880 1698 3.
2915 1632 2975 1696 d.
3014 1632 3117 1696 10.

666 1755 727 1798 n.
766 1735 890 1812 73„
926 1735 1047 1799 erit
1091 1735 1321 1801 iniuria
1366 1737 1431 1800 in
1477 1738 1683 1820 ipsum
1732 1739 2116 1803 matrimonii
2184 1740 2424 1803 statum
2470 1741 2535 1803 et
2590 1736 2866 1802 ordinem
2910 1734 3126 1800 coniu-

665 1838 980 1922 gatorum.
1031 1836 1133 1902 Sic
1178 1839 1287 1921 qui
1335 1840 1560 1905 occidit
1605 1840 1920 1905 hominem
1988 1841 2318 1920 volentem,
2356 1859 2481 1906 non
2542 1839 2693 1904 facit
2735 1839 2832 1929 illi
2877 1836 3124 1921 proprie

663 1940 978 2018 iniuriam,
1028 1940 1133 2005 sed
1181 1942 1242 2005 in
1291 1945 1583 2006 naturam
1630 1944 1969 2008 humanam
2002 1945 2066 2008 et
2096 1945 2297 2008 Deum
2328 1942 2649 2008 dominum
2695 1941 2882 2005 vitae.
2916 1939 3128 2003 Habet

671 2041 927 2124 proinde
974 2061 1045 2106 ea
1093 2044 1256 2108 actio
1305 2045 1606 2129 coniugis,
1654 2050 1728 2110 ut
1761 2047 1853 2110 ait
1897 2046 2074 2130 Lugo
2105 2047 2181 2110 de
2211 2045 2372 2109 Just.
2407 2051 2468 2108 et
2488 2045 2640 2108 Iure
2669 2043 2825 2125 disp.
2870 2043 2931 2104 8.
2965 2061 3027 2103 n.
3062 2039 3123 2101 6.

667 2143 981 2208 malitiam
1026 2145 1386 2210 distinctam
1420 2167 1456 2211 a
1490 2148 1754 2231 simplici
1779 2149 2222 2224 fornicatione,
2259 2149 2406 2229 quia
2436 2146 2722 2229 quamvis
2753 2163 2876 2209 non
2901 2140 3132 2207 habeat

666 2246 978 2311 malitiam
1023 2247 1285 2313 iniuriae
1330 2251 1614 2334 propriae
1661 2255 1878 2316 contra
1922 2253 2242 2330 maritum,
2290 2251 2541 2333 propter
2585 2249 2718 2313 eius
2763 2263 3131 2312 consensum

669 2351 735 2414 et
779 2350 1115 2416 cessionem
1161 2352 1336 2430 iuriS,
1385 2354 1573 2418 habet
1620 2355 1831 2418 tamen
1890 2354 2202 2418 malitiam
2260 2352 2588 2437 specialem
2635 2350 2852 2416 contra
2896 2349 3130 2413 bonum

672 2455 1046 2518 sacramenti
1077 2455 1142 2519 et
1171 2457 1445 2540 coniugii
1484 2460 1547 2522 et
1593 2458 1804 2540 prolis,
1838 2459 1940 2522 cui
1962 2457 2311 2541 specialiter
2342 2455 2706 2520 adversatur
2733 2453 2957 2535 copula
2993 2468 3133 2516 con·

676 2557 842 2642 iugis
890 2578 1031 2622 cum
1081 2559 1391 2635 extraneo,
1435 2560 1535 2624 cui
1581 2560 1703 2624 iuri
1748 2581 1869 2627 non
1933 2561 2143 2645 potuit
2201 2559 2409 2625 cedere
2469 2556 2756 2623 maritus.
2804 2556 2999 2621 Porro
3060 2571 3134 2617 ea

680 2661 966 2744 specialis
997 2661 1243 2725 malitia
1274 2662 1463 2726 habet
1494 2682 1704 2727 veram
1737 2664 2029 2729 adulterii
2059 2664 2386 2728 rationem.
2419 2663 2553 2727 Imo
2588 2660 2905 2725 advertere
2935 2659 3132 2733 iuvat,

679 2764 846 2847 quod
878 2763 1401 2846 quemadmodum
1432 2767 1654 2833 coniux
1688 2768 1921 2850 nequit,
1944 2767 2201 2832 arbitrio
2234 2785 2368 2843 suo,
2395 2766 2632 2830 solvere
2655 2764 2973 2829 vinculum
3010 2779 3137 2825 ma-

677 2867 979 2945 trimonii,
1004 2867 1098 2930 ita
1130 2868 1365 2950 pariter
1406 2871 1625 2953 nequit
1669 2890 1732 2935 se
1780 2889 2015 2948 exuere,
2049 2872 2269 2954 sponte
2299 2888 2433 2945 sua,
2471 2868 2606 2932 iure
2642 2864 2807 2948 quod
2821 2864 3029 2929 *habet
3072 2863 3136 2926 in

682 2986 907 3052 corpus
954 2969 1255 3055 coniugis,
1304 2974 1379 3037 ut
1423 2973 1555 3056 ipse
1616 2974 1789 3038 solus
1838 2992 1909 3037 eo
1958 2975 2205 3048 utatur3
2253 2973 2317 3037 in
2366 2972 2482 3037 hoc
2527 2970 2690 3035 enim
2734 2970 2959 3033 mutuo
3006 2966 3139 3030 iure

682 3090 951 3152 quocum
998 3076 1281 3139 conserta
1330 3077 1424 3139 est
1454 3077 1679 3140 mutua
1712 3076 2035 3159 obligatio,
2062 3076 2256 3139 situm
2287 3077 2382 3139 est
2428 3073 2765 3137 vinculum.
2801 3068 2959 3134 Cum
2992 3086 3138 3153 ergo

686 3173 917 3239 dicitur
953 3177 1138 3258 quod,
1171 3178 1419 3242 etiamsi
1467 3178 1626 3241 alter
1670 3177 1893 3242 coniux
1939 3177 2305 3254 consentiat,
2353 3176 2427 3240 fit
2470 3176 2698 3239 iniuria
2728 3172 2976 3238 vinculo
3013 3189 3143 3235 ma·

687 3276 986 3356 trimonii,
1020 3279 1346 3345 dicendum
1392 3281 1488 3345 est
1532 3297 1779 3360 quoque
1811 3280 2034 3344 violari
2065 3281 2162 3344 ius
2199 3279 2481 3364 coniugis
2510 3276 2948 3345 consentientis
2979 3271 3145 3357 quod

686 3398 926 3463 semper
958 3385 1204 3457 manet3
1254 3382 1542 3463 quamvis
1588 3400 1661 3445 ea
1707 3382 1988 3459 violati0‚
2037 3385 2320 3466 respectu
2365 3400 2679 3465 personae,
2727 3379 2970 3444 desinat
3014 3394 3146 3442 esse

687 3482 939 3560 iniuria,
989 3502 1148 3565 quae
1217 3484 1454 3549 volenti
1521 3502 1643 3550 non
1690 3484 1784 3549 fit.
1827 3483 1919 3549 cf.
1969 3504 2126 3568 quae
2172 3485 2363 3550 habet
2406 3484 2480 3548 B.
2519 3484 2583 3547 in
2635 3483 2693 3546 7.
2743 3480 3149 3562 Praeceptum

684 3583 761 3648 de
790 3582 995 3649 Furto
1026 3586 1143 3651 sub
1177 3587 1235 3670 g.
1274 3587 1332 3649 1.

777 3688 996 3753 Monet
1042 3689 1394 3754 Lehmkuhl
1434 3710 1530 3774 op.
1567 3692 1673 3755 cit.
1708 3713 1766 3775 p.
1805 3695 1952 3756 525.
1995 3691 2158 3774 quod
2197 3691 2250 3755 si
2297 3688 2716 3755 consentiente
2761 3687 2960 3750 altero
3007 3700 3151 3748 con-

690 3790 838 3875 iuge
885 3792 1263 3857 adulterium
1312 3795 1751 3870 committitur,
1801 3795 1951 3859 haec
1995 3793 2485 3867 circumstantia,
2535 3792 2609 3855 ut
2668 3787 2996 3873 partialem
3046 3784 3153 3850 ali·

698 3910 888 3972 quam
936 3894 1217 3959 malitiae
1249 3898 1511 3979 speciem
1544 3897 1847 3975 auferens,
1887 3897 2133 3962 videtur
2164 3894 2530 3959 declaranda
2573 3912 2704 3958 esse
2735 3910 2772 3955 a
2802 3888 3151 3962 confitente,

695 3994 858 4060 sicut
905 3996 968 4061 in
1000 3997 1353 4078 homicidio,
1388 4000 1441 4064 si
1474 4000 1633 4065 forte
1684 4001 1750 4066 in
1782 4000 2266 4066 consentientem
2312 3996 2710 4062 commissum
2758 3995 2873 4059 est.
2925 3992 3155 4056 Verum

697 4099 817 4164 nisi
849 4101 1146 4183 probetur
1170 4102 1326 4167 illud
1360 4103 1737 4168 adulterium
1780 4104 1978 4186 specie
2017 4102 2256 4166 differre
2305 4120 2340 4165 a
2387 4098 2722 4173 communi,
2754 4114 2877 4160 non
2910 4097 3006 4160 est
3051 4111 3158 4158 cur

702 4204 851 4267 haec
884 4204 1189 4289 obligatio
1222 4207 1543 4289 urgeatur.
1579 4204 1756 4284 Quod
1793 4207 1998 4269 tamen
2031 4202 2382 4268 Lehmkuhl
2420 4202 2512 4266 ait
2536 4200 2746 4276 videri,
2784 4198 2963 4282 Lugo
3011 4197 3055 4260 l.
3100 4213 3149 4258 c.

692 4326 753 4369 n.
794 4308 895 4370 10.
935 4308 1166 4389 absque
1196 4307 1608 4371 haesitatione
1640 4306 1934 4372 affirmat.

790 4405 977 4479 1015.
1019 4410 1084 4475 Si
1131 4431 1201 4475 ex
1249 4411 1491 4477 duobus
1529 4408 1828 4474 adulteris
1860 4411 2160 4474 alteruter
2189 4410 2440 4473 tantum
2477 4409 2573 4471 est
2603 4404 2976 4489 coniugatus
3021 4403 3156 4464 tum

706 4512 1029 4592 peccatum
1066 4514 1322 4597 gravius
1354 4514 1469 4589 est,
1505 4531 1645 4576 cum
1694 4511 1919 4575 mulier
1967 4512 2060 4576 est
2107 4510 2462 4594 coniugata,
2512 4525 2698 4590 quam
2729 4523 2872 4577 cum
2903 4503 3017 4567 vir.
3067 4501 3162 4564 In·

702 4614 967 4679 trinseca
1014 4616 1265 4698 quidem
1312 4616 1558 4681 malitia
1606 4615 1895 4680 adulterii
1929 4614 2139 4679 eadem
2188 4616 2310 4689 est3
2346 4612 2464 4677 etsi
2495 4609 2725 4675 rationi
2755 4606 2958 4690 magis
2989 4622 3163 4686 repu-
