3497 5147
323 365 458 441 [⁸11]
1123 382 1408 437 vnvm-10,
1447 383 1779 439 anorum-10,
1815 370 1975 427 nans
2667 366 2773 423 227

327 478 480 542 sicut
521 476 765 562 indiget
809 478 1291 543 manuductione
1338 478 1415 544 ad
1462 480 1880 564 cognitionem
1912 480 2282 558 divinorum,
2315 479 2408 543 ita
2446 477 2778 561 (indigeat)

330 581 400 646 ad
428 580 824 646 dilectionem
855 601 962 664 per
992 582 1204 663 aliqua
1235 582 1547 647 sensibilia
1578 583 1756 648 nobis
1792 584 1964 659 nota,
1998 582 2159 646 inter
2189 558 2348 662 quae
2379 580 2779 663 praecipuum

329 684 417 748 est
454 683 817 749 humanitas
862 681 1127 761 Christi3
1175 684 1319 749 hinc
1355 709 1391 743 «
1422 703 1494 748 ea
1540 703 1698 766 quae
1744 684 2056 767 pertinent
2093 682 2170 746 ad
2218 680 2451 746 Christi
2496 681 2778 745 humani-

331 787 538 864 tatem,
572 805 680 868 per
708 785 966 851 modum
988 785 1311 851 cuiusdam
1346 785 1868 862 manuductionis,
1900 785 2167 849 maxime
2206 783 2597 851 devotionem
2629 783 2780 847 exci-

331 890 489 952 tant:
530 907 675 952 cum
706 892 918 953 tamen
949 888 1197 953 devotio
1243 888 1664 972 principaliter
1695 889 1857 952 circa
1895 906 1986 964 ea,
2026 906 2185 970 quae
2230 888 2380 951 sunt
2407 885 2776 962 divinitatis,

325 991 708 1056 consistat».
744 990 821 1055 ad
854 993 914 1055 2.

405 1090 565 1163 310.
600 1093 917 1158 Adeo-atio
963 1113 1169 1177 presse
1216 1095 1466 1177 accepta
1512 1093 1824 1177 duplicem
1870 1093 2305 1177 complectitur
2352 1094 2582 1170 actum,
2622 1091 2782 1156 inte-

325 1198 540 1263 riorem
587 1198 781 1262 animi
812 1200 1227 1262 reverentiam
1255 1198 1601 1263 formaliter
1637 1201 1701 1263 in
1739 1199 1946 1263 animo
1986 1198 2381 1263 exsistentem
2418 1216 2566 1282 erga
2613 1215 2776 1272 eum,

326 1300 426 1381 qui
469 1298 789 1376 adoratur,
825 1300 890 1364 et
926 1299 1290 1365 exteriorem
1337 1301 1608 1383 corporis
1654 1299 2167 1374 humiliationem,
2207 1319 2365 1381 quae
2411 1299 2485 1363 fit
2529 1300 2781 1381 propter

328 1402 679 1467 interiorem
727 1404 957 1479 actum,
992 1403 1101 1484 qui
1137 1404 1202 1467 et
1233 1402 1514 1468 adoratio
1539 1403 1785 1481 dicitur,
1821 1424 1879 1486 q.
1915 1404 2021 1467 84.
2062 1422 2118 1468 a.
2154 1403 2215 1466 2.
2249 1402 2596 1466 Adhibetur
2636 1419 2779 1466 vero

329 1506 585 1569 exterior
610 1506 788 1568 actus
812 1504 1112 1583 interiori,
1139 1507 1278 1569 tum
1300 1508 1375 1569 ut
1398 1506 1573 1570 totus
1596 1506 1781 1570 homo
1817 1525 1882 1571 se
1915 1504 2224 1582 subiiciat,
2253 1505 2389 1568 tum
2422 1505 2496 1567 ut
2524 1503 2781 1568 interior

328 1607 578 1673 affectus
606 1608 910 1671 excitetur
945 1607 1010 1672 et
1036 1607 1340 1685 foveatur,
1375 1607 1521 1672 ibid.
2176 1619 2196 1634 ·

410 1709 602 1773 Ratio
635 1708 1016 1773 adorationis
1049 1710 1145 1773 est
1175 1709 1533 1774 excellentia
1565 1710 1716 1786 eius,
1752 1710 1860 1792 qui
1897 1709 2213 1785 adoratur,
2246 1727 2304 1773 a.
2347 1708 2407 1773 1.

414 1811 713 1876 Adoratio
751 1811 879 1875 late
911 1814 1163 1894 sumpta
1209 1814 1307 1876 est
1340 1812 1604 1894 quilibet
1649 1813 1827 1877 actus
1875 1812 2082 1876 cultus
2130 1811 2335 1887 alicui,
2370 1810 2620 1893 propter
2649 1808 2782 1872 eius

332 1914 770 1990 excellentiam,
804 1914 1109 1996 praestiti,
1150 1914 1279 1979 sive
1311 1916 1489 1977 actus
1513 1914 1599 1977 sit
1628 1934 1780 1997 pure
1815 1914 2093 1986 interior,
2127 1913 2256 1977 sive
2287 1911 2476 1976 simul
2498 1910 2782 1975 exterior.

326 2012 550 2079 Cultus
595 2015 756 2079 enim
803 2016 899 2079 est
946 2015 1289 2080 reverentia
1336 2015 1642 2096 quaedam
1686 2018 1939 2098 propter
1971 2015 2228 2079 alterius
2265 2012 2690 2079 excellentiam
2720 2012 2788 2076 et

326 2117 701 2200 protestatio
748 2135 897 2182 suae
941 2117 1358 2183 subiectionis.

400 2220 568 2285 Hinc
625 2219 850 2303 duplex
908 2221 1181 2303 primum
1233 2220 1645 2304 distinguitur
1698 2219 2001 2285 adoratio.
2050 2220 2230 2286 Prior
2276 2221 2369 2284 est
2415 2237 2573 2301 quae
2628 2218 2779 2293 Deo,

324 2326 576 2406 propter
625 2323 759 2387 eius
818 2324 1371 2405 supereminentem
1418 2322 1844 2387 excellentiam
1900 2341 1971 2385 ac
2017 2340 2375 2405 supremum
2421 2319 2784 2396 dominium,

320 2425 483 2508 quod
532 2425 619 2489 ad
657 2425 1081 2489 excellentiam
1118 2425 1402 2508 pertinet,
1436 2425 1724 2489 debetur:
1760 2424 1958 2490 altera
1989 2426 2103 2502 est,
2140 2442 2298 2506 quae
2330 2423 2587 2487 debetur
2623 2440 2786 2486 crea-

317 2529 495 2608 turis,
529 2528 768 2612 quibus
815 2527 1172 2593 excellentia
1203 2527 1412 2592 divina
1444 2526 1958 2605 communicatur,
1991 2545 2114 2592 non
2161 2525 2411 2609 quidem
2451 2523 2786 2590 secundum

319 2632 798 2714 aequalitatem,
831 2631 938 2696 sed
968 2630 1305 2695 secundum
1336 2629 1649 2712 quandam
1680 2629 2239 2713 participationem.
2273 2628 2429 2693 Ibid.

398 2736 583 2800 Prior
614 2734 715 2798 est
737 2733 945 2798 cultus
969 2733 1197 2798 latriae
1220 2729 1505 2815 (λατρεία
1528 2732 1974 2797 ministerium:
1995 2750 2178 2797 sensu
2203 2731 2560 2807 christiano,
2579 2729 2787 2793 cultus

316 2837 664 2922 religiosus
695 2837 760 2900 et
790 2835 1039 2917 quidem
1063 2834 1194 2899 Deo
1219 2834 1518 2918 debitus):
1555 2835 1754 2898 altera
1779 2837 1874 2900 est
1894 2834 2102 2899 cultus
2125 2834 2331 2898 duliae
2363 2833 2643 2916 (δουλεία
2669 2850 2789 2897 ser—

312 2940 529 3023 vitus),
574 2957 748 3021 quae
779 2936 1027 3019 quidem
1074 2935 1409 3001 secundum
1456 2936 1622 3017 quod
1662 2938 2072 3001 communiter
2118 2937 2436 3020 accipitur,
2478 2960 2514 2996 α
2545 2936 2791 3001 exhibet

312 3041 744 3108 reverentiam
776 3039 1143 3121 cuicumque
1173 3039 1411 3103 homini
1441 3039 1683 3103 ratione
1715 3038 2159 3120 cuiuscumque
2190 3038 2584 3102 excellentiae
2616 3039 2680 3101 et
2709 3037 2797 3100 sic

310 3146 599 3210 continet
633 3141 757 3208 sub
789 3160 852 3206 se
899 3142 1197 3225 pietatem
1228 3143 1293 3206 et
1325 3141 1783 3205 observantiam
1829 3143 1894 3205 et
1938 3159 2394 3223 quamcumque
2439 3138 2797 3204 huiusmodi

313 3248 652 3323 virtutem,
692 3262 853 3324 quae
886 3242 1243 3307 hominibus
1279 3242 1687 3307 reverentiam
1735 3242 1983 3307 exhibet
2011 3266 2072 3321 »,
2109 3263 2166 3324 q.
2207 3243 2353 3307 103.
2382 3261 2437 3306 a.
2465 3243 2528 3306 4.
2562 3242 2663 3305 Ita
2708 3259 2797 3305 re-

307 3348 657 3424 verentiae,
714 3364 873 3427 quae
921 3347 1277 3428 praestatur
1322 3345 1701 3428 parentibuS,
1734 3344 1889 3428 regi,
1929 3344 2255 3417 sacerdoti,
2288 3344 2578 3409 Pontifici
2621 3343 2792 3407 dulia

306 3451 631 3534 quaedam
666 3450 788 3513 est.
813 3446 994 3510 Nunc
1020 3466 1162 3511 vero
1203 3446 1368 3530 apud
1398 3446 1752 3530 Theologos
1781 3447 2068 3511 convenit
2105 3447 2311 3511 duliae
2341 3448 2587 3511 nomine
2616 3446 2798 3509 illum

307 3555 563 3620 cultum
598 3549 978 3636 significare,
1019 3549 1126 3632 qui
1157 3550 1478 3613 exhibetur
1506 3550 1602 3625 iis,
1639 3549 1745 3629 qui
1773 3549 2040 3613 maxime
2065 3550 2280 3613 affines
2313 3550 2442 3614 Deo
2475 3550 2625 3613 sunt
2654 3549 2715 3612 h.
2743 3567 2794 3612 e.

311 3657 599 3720 Sanctis:
633 3652 751 3735 qui
769 3651 977 3715 cultus
1003 3652 1209 3715 aetate
1232 3651 1508 3715 Thomae
1530 3650 1778 3714 videtur
1802 3651 2061 3714 vocatus
2087 3649 2451 3734 hyperdulia
2474 3649 2578 3730 (cf.
2604 3667 2654 3713 s.
2681 3649 2795 3712 Th.

302 3780 359 3824 a.
394 3762 575 3842 cit.);
616 3773 753 3838 quo
798 3754 1044 3835 quidem
1083 3755 1329 3818 nomine
1365 3755 1419 3818 is
1456 3753 1664 3817 cultus
1701 3751 1886 3818 modo
1925 3752 2332 3836 significatur,
2371 3754 2478 3836 qui
2515 3751 2799 3835 deiparae

301 3863 558 3949 Virgini
611 3858 903 3923 debetur.

388 3963 833 4030 Manifestum
875 3961 988 4036 est,
1024 3959 1274 4023 latriam
1323 3959 1521 4041 speeie
1566 3958 1807 4024 differre
1840 3978 1874 4022 a
1908 3958 2103 4024 dulia:
2145 3982 2181 4018 α
2212 3960 2318 4023 ubi
2352 3959 2514 4024 enim
2547 3961 2643 4025 est
2674 3959 2798 4023 alia

299 4068 467 4134 ratio
510 4062 754 4135 debiti,
785 4061 875 4125 ibi
912 4079 1154 4126 necesse
1185 4064 1281 4125 est
1311 4060 1475 4142 quod
1508 4062 1593 4124 sit
1640 4061 1764 4124 alia
1802 4060 2024 4138 virtus,
2059 4081 2218 4142 quae
2249 4060 2527 4126 debitum
2565 4060 2801 4125 reddat.

296 4172 442 4236 Alia
471 4169 715 4235 autem
752 4165 992 4227 ratione
1022 4163 1281 4228 debetur
1317 4164 1583 4228 servitus
1615 4167 1679 4228 et
1705 4164 2071 4245 obsequium
2094 4166 2225 4229 Deo
2264 4167 2328 4228 et
2358 4163 2615 4241 homini,
2640 4164 2806 4227 sicut

299 4274 424 4340 alia
440 4272 721 4339 ratione
739 4265 1083 4330 dominium
1100 4267 1398 4348 competit
1414 4268 1544 4332 Deo
1566 4269 1629 4330 et
1644 4267 1883 4331 homini
1899 4292 1933 4325 »
1957 4268 2022 4330 et
2039 4267 2164 4331 alia
2181 4268 2277 4331 est
2292 4267 2650 4332 excellentia
2665 4267 2800 4342 Dei,

299 4396 464 4459 quae
488 4371 769 4439 infinita
792 4370 908 4445 est,
935 4368 1059 4432 alia
1084 4369 1372 4442 hominiS‚
1398 4388 1556 4449 quae
1581 4369 1955 4451 participata
1979 4369 2044 4432 et
2065 4369 2263 4432 finita.
2290 4366 2383 4432 Cf.
2403 4367 2548 4432 ibid.
2576 4387 2633 4431 a.
2659 4368 2720 4430 3.

389 4474 538 4549 311.
576 4475 739 4540 Iam
779 4488 925 4535 vero
959 4471 1192 4535 externi
1232 4472 1428 4548 actus,
1464 4470 1689 4551 quibus
1718 4472 2030 4535 internam
2059 4471 2468 4534 reverentiam
2504 4467 2809 4553 significa·

304 4599 471 4658 muS,
510 4575 802 4660 quidam
834 4571 984 4636 sunt
1005 4572 1237 4655 proprii
1268 4573 1476 4637 cultus
1506 4573 1747 4649 latriae,
1777 4574 1852 4634 ut
1881 4571 2253 4636 sacrificium
2276 4574 2339 4635 et
2362 4590 2520 4651 quae
2544 4568 2621 4634 ad
2652 4567 2809 4630 illud
