3497 5147
695 368 799 421 194
887 378 1103 419 macr.
1134 379 1187 418 v.
1214 377 1378 418 secr.
1406 377 1493 416 111.
1520 376 1606 415 ns:
1630 373 1958 417 camna-is
1984 373 2375 415 Panaciam-xe.
2402 371 2600 414 CAPUT
2625 373 2686 412 11.
2712 375 2856 415 Due.
2885 375 2940 414 v.
3016 359 3162 435 [267]

694 478 942 543 constat
973 476 1046 540 de
1085 476 1338 557 peccato
1370 473 1629 537 alterius
1661 474 1972 550 secutum,
2024 473 2158 536 tum
2191 471 2338 553 quia
2371 470 2472 534 vix
2510 490 2786 553 unquam
2818 471 3155 556 continget,

696 582 770 644 ut
803 577 1239 644 offendiculum
1272 576 1356 640 sit
1393 575 1597 640 solum
1631 575 1696 638 in
1732 575 1850 638 hac
1880 574 2291 639 determinata
2328 573 2605 637 muliere.

807 734 943 785 Lxx
956 734 1014 783 V.
1032 735 1082 784 8.
1104 730 1291 791 Mulier,
1308 745 1431 794 quae
1452 745 1513 782 ex
1535 737 1729 794 ornatu,
1753 729 1897 782 etiam
1924 728 2248 782 conveniente
2269 744 2360 781 suo
2382 729 2546 791 statui,
2570 727 2892 794 probabiliter
2913 727 3162 793 praevidet

700 818 908 883 aliquem
937 816 984 868 in
1015 814 1291 880 particulari
1333 818 1579 880 lapsurum
1622 813 1908 869 mortaliter.
1938 820 2129 867 tenetur
2168 814 2228 866 ad
2265 816 2418 866 breve
2457 822 2647 878 tempus
2679 828 2788 865 eum
2815 811 3057 865 dimittere
3083 821 3164 865 aut

700 902 812 956 tatis
850 909 1164 967 conspectum
1194 902 1374 963 fugere.
1405 898 1518 952 Dixi
1542 897 1616 952 ad
1643 897 1805 952 breve
1842 901 2086 967 tempus:
2114 898 2225 962 quia
2265 901 2325 951 ad
2354 903 2547 962 tongum
2575 898 2719 950 nimis
2741 897 2813 950 itti
2839 911 2990 961 grave
3019 900 3160 950 roret.

701 989 768 1039 V.
798 985 940 1040 Dian.
969 987 999 1037 Ι.
1028 1000 1071 1037 c.

794 1091 965 1165 267.
1003 1095 1073 1157 In
1108 1093 1324 1176 primis
1355 1092 1633 1157 doctrina
1667 1095 1763 1155 est
1794 1112 1842 1156 s.
1879 1092 2154 1157 Thomae
2188 1094 2247 1155 2.
2285 1094 2343 1154 2.
2379 1112 2438 1173 q.
2485 1092 2628 1154 169.
2665 1093 2784 1154 art.
2816 1091 2873 1153 1.
2900 1090 2963 1153 in
2990 1089 3165 1153 cultu

704 1198 770 1262 et
808 1198 1032 1260 ornatu
1073 1194 1362 1259 exteriori
1394 1214 1571 1277 posse
1603 1213 1733 1258 esse
1775 1195 2074 1258 virtutem
2106 1197 2169 1257 et
2204 1194 2448 1258 vitium.

800 1322 836 1357 «
869 1297 1210 1362 Dicendum
1249 1296 1413 1379 quod
1462 1297 1524 1360 in
1562 1296 1712 1380 ipsis
1760 1297 1941 1361 rebus
1990 1295 2414 1372 exterioribuS,
2450 1296 2675 1377 quibus
2722 1295 2908 1360 homo
2941 1293 3162 1369 utitur,

703 1420 829 1466 non
860 1401 956 1464 est
993 1399 1246 1481 aliquod
1279 1399 1523 1477 vitium,
1573 1399 1678 1463 sed
1717 1418 1789 1463 ex
1837 1402 2010 1480 parte
2046 1400 2334 1475 hominis,
2369 1399 2477 1480 qui
2512 1398 2920 1462 immoderate
2964 1397 3168 1460 utitur

705 1505 813 1569 eis.
863 1504 1033 1582 Quae
1081 1503 1330 1584 quidem
1382 1501 1864 1565 imnwderantia
1911 1504 2116 1584 potest
2162 1521 2292 1565 esse
2338 1501 2684 1584 dupliciter.
2736 1501 2875 1566 Uno
2921 1500 3168 1582 quidem

705 1606 889 1672 modo
947 1626 1054 1689 per
1100 1606 1626 1689 comparationem
1687 1606 1765 1669 ad
1812 1605 2321 1671 consuetudinem
2358 1606 2700 1683 hominum,
2756 1624 2899 1670 cum
2946 1605 3170 1686 quibus

706 1709 935 1791 aliquis
983 1710 1160 1774 vivit.
1203 1708 1378 1773 Unde
1410 1709 1840 1793 Augustinus:
1880 1708 2106 1792 Turpis
2151 1710 2248 1773 est
2295 1709 2495 1773 omnis
2541 1727 2684 1792 pars
2731 1708 3020 1774 universo
3059 1725 3171 1771 suo

707 1832 829 1877 non
877 1831 1242 1895 congruens,
1293 1810 1449 1874 Alio
1496 1811 1671 1874 modo
1719 1813 1928 1893 potest
1973 1831 2104 1876 esse
2149 1813 2626 1877 immoderantia
2669 1813 2733 1876 in
2780 1830 2903 1876 usu
2947 1812 3172 1875 talium

709 1935 918 1979 rerum
951 1935 1021 1978 ex
1055 1914 1404 1979 inordinato
1439 1914 1662 1978 affectu
1694 1915 1994 1979 utentis..
2029 1913 2354 2001 Contingit
2386 1918 2597 1980 autem
2641 1916 2765 1980 ista
2795 1915 3171 1981 inordinatio

710 2017 966 2080 affectus
1006 2015 1352 2097 tripliciter,
1388 2017 1693 2096 quantum
1726 2016 1804 2079 ad
1841 2017 2492 2099 superabundantiam.
2545 2017 2681 2083 Uno
2713 2016 2889 2081 modo
2920 2038 3031 2101 per
3061 2019 3175 2082 hoc

708 2118 877 2200 quod
925 2118 1151 2199 aliquis
1207 2137 1279 2181 ex
1326 2117 1636 2201 superfluo
1684 2118 1859 2181 cultu
1907 2121 2177 2183 vestium
2224 2121 2546 2184 hominum
2593 2121 2862 2205 gloriam
2907 2122 3172 2203 quaerit,

713 2223 900 2305 prout
932 2220 1167 2284 scilicet
1200 2220 1389 2284 vestis
1422 2222 1485 2283 et
1509 2220 1633 2283 alia
1658 2220 2017 2285 huiusmodi
2049 2222 2357 2304 pertinent
2382 2223 2459 2287 ad
2484 2223 2791 2304 quendam
2816 2226 3174 2287 ornatum...

710 2323 869 2387 Alio
893 2321 1070 2385 modo
1095 2322 1432 2387 seeundum
1464 2322 1630 2403 quod
1662 2322 1849 2387 homo
1875 2342 1982 2405 per
2013 2324 2396 2407 superfluum
2419 2326 2660 2391 cultum
2693 2326 2962 2391 vestium
2996 2346 3179 2408 quae-

710 2428 800 2491 rit
832 2426 1102 2501 deliciae,
1154 2426 1491 2489 secundum
1528 2425 1692 2506 quod
1726 2429 1927 2490 vestes
1976 2426 2340 2492 ordinantur
2371 2428 2448 2490 ad
2495 2428 2768 2511 corporis
2808 2428 3175 2493 fomentum.

715 2529 929 2594 Tertio
977 2527 1154 2592 modo
1202 2528 1539 2593 secundum
1586 2528 1752 2609 quod
1799 2529 2057 2593 nimiam
2105 2530 2585 2596 sollicitudinem
2617 2531 2875 2616 apponit
2911 2531 2991 2596 ad
3024 2536 3183 2597 exte-

713 2633 939 2696 riorem
988 2631 1258 2695 vestium
1306 2631 1568 2708 cultum,
1617 2631 1865 2696 etiamsi
1911 2651 2033 2696 non
2080 2633 2164 2698 sit
2212 2633 2422 2715 aliqua
2468 2632 2844 2699 inordinatio
2882 2653 2955 2698 ex
3003 2640 3179 2719 parte

712 2734 874 2798 finis.
907 2734 991 2797 Et
1022 2732 1363 2797 secundum
1395 2732 1511 2797 hoc
1540 2733 1928 2798 Andronicus
1959 2736 2138 2819 ponit
2167 2739 2293 2801 tres
2325 2735 2591 2801 virtutes
2622 2737 2782 2801 circa
2814 2737 3182 2803 exteriorem

712 2836 983 2898 cultum:
1037 2834 1271 2899 scilicet
1324 2835 1389 2897 1⁰
1440 2834 1873 2914 humilitatem,
1923 2857 2081 2919 quae
2135 2838 2404 2903 excludit
2449 2839 2858 2904 intentionem
2903 2841 3178 2924 gloriae;

713 2936 875 3001 unde
899 2936 1068 3014 dicit,
1097 2937 1262 3018 quod
1286 2937 1612 3001 humilitas
1645 2940 1742 3002 est
1763 2939 2015 3003 habitus
2046 2959 2168 3004 non
2202 2942 2706 3023 superabundans
2728 2942 2792 3005 in
2823 2945 3182 3026 sumptibus

714 3043 777 3103 et
826 3039 1442 3122 praeparationibus:
1494 3041 1564 3103 2⁰
1593 3042 2058 3122 sufficientiam,
2093 3062 2250 3124 quae
2282 3044 2553 3108 excludit
2581 3045 2990 3110 intentionem
3037 3047 3183 3111 deli-

713 3142 981 3217 tiarum;
1031 3142 1191 3206 unde
1240 3142 1412 3221 dicit,
1465 3143 1632 3223 quod
1678 3144 2083 3224 sufficientia,
2131 3146 2227 3209 est
2279 3146 2531 3211 habitus
2577 3149 2906 3213 contentus
2954 3151 3182 3231 quibus

714 3245 962 3325 oportet
1000 3245 1063 3307 et
1094 3243 1572 3308 determinativa
1603 3264 1839 3322 eorum,
1880 3266 2038 3328 quae
2070 3248 2148 3312 ad
2178 3249 2384 3315 vivere
2415 3252 2808 3328 conveniunt,
2842 3253 3181 3317 secundum

713 3345 871 3409 illud
904 3346 1193 3428 Apostoli
1230 3348 1285 3410 1.
1315 3347 1475 3411 Tim.
1510 3348 1627 3411 ult.
1654 3370 1668 3411 :
1705 3347 2032 3414 Habentes
2061 3349 2363 3415 alimenta
2398 3356 2462 3416 et
2488 3353 2713 3434 quibus
2746 3359 3053 3435 teyamun
3086 3354 3185 3418 his

710 3449 988 3511 contenti
1031 3448 1262 3512 simus:
1312 3451 1382 3512 3⁰
1413 3449 1892 3529 simplicitatem,
1942 3471 2102 3534 quae
2148 3455 2417 3518 excludit
2462 3455 2837 3537 superfluam
2876 3458 3188 3522 sollicitu-

716 3551 922 3615 dinem
955 3552 1214 3628 talium3
1267 3551 1426 3615 unde
1467 3552 1636 3631 dicit,
1671 3554 1838 3637 quod
1870 3555 2237 3639 simplicitas
2268 3559 2363 3621 est
2399 3557 2653 3621 habitus
2700 3559 3034 3624 contentus
3065 3560 3185 3634 his,

715 3673 875 3735 quae
908 3655 1280 3738 contingunt
1309 3678 1371 3717 ».

812 3781 847 3814 «ι
878 3757 969 3819 Ex
1000 3759 1175 3838 parte
1213 3776 1356 3822 vero
1390 3757 1662 3824 defectus
1693 3759 1982 3826 similiter
2019 3765 2226 3844 potest
2259 3781 2387 3827 esse
2420 3762 2644 3846 duplex
2674 3764 3054 3832 inordinatio
3079 3788 3190 3852 per

717 3858 1029 3923 affectum.
1092 3860 1228 3924 Uno
1275 3861 1529 3941 quidem
1572 3864 1748 3927 modo
1796 3886 1867 3929 ex
1897 3867 2278 3950 negligentia
2316 3868 2583 3933 hominis
2614 3870 2722 3951 qui
2759 3889 2881 3934 non
2931 3871 3191 3936 adhibet

720 3961 1000 4025 studium
1042 3962 1140 4025 vel
1187 3962 1462 4028 laborem
1508 3965 1587 4029 ad
1633 3967 1751 4031 hoc
1787 3968 1949 4049 quod
2000 3968 2287 4032 exteriori
2334 3971 2508 4035 cultu
2556 3974 2794 4049 utatur,
2845 3973 3188 4038 secundum

714 4064 883 4145 quod
909 4065 1172 4147 oportet.
1205 4065 1379 4130 Unde
1405 4067 1821 4151 Philosophus
1844 4069 2083 4144 dicia...
2109 4071 2274 4151 quod
2299 4072 2415 4136 hoc
2440 4073 2516 4138 ad
2541 4075 2869 4140 mollitiem
2895 4079 3184 4160 pertinet,

716 4167 883 4249 quod
915 4167 1141 4249 aliquis
1174 4169 1389 4232 trahat
1437 4171 1879 4235 vestimentum
1924 4188 2032 4253 per
2069 4173 2317 4252 terram,
2359 4177 2434 4239 ut
2461 4195 2584 4241 non
2615 4177 2858 4243 laboret
2888 4179 3186 4244 elevando

717 4269 943 4351 ipsum.
994 4268 1149 4332 Alio
1196 4269 1374 4333 modo
1420 4289 1493 4334 ex
1539 4289 1610 4335 eo
1658 4272 1825 4353 quod
1871 4272 2077 4355 ipsum
2123 4274 2430 4341 defectum
2483 4279 2802 4344 exterioris
2849 4282 3059 4346 cultus
3106 4282 3185 4346 ad

718 4369 991 4454 gloriam
1025 4371 1272 4437 ordinat
1301 4397 1362 4436 ».

810 4471 909 4536 Ad
944 4475 1031 4535 1¹¹¹
1066 4475 1154 4538 sic
1201 4473 1513 4538 concludit
1550 4493 1680 4540 esse
1719 4476 2051 4544 virtutem:
2093 4506 2129 4539 α
2165 4480 2463 4561 Quamvis
2509 4484 2716 4549 cultus
2763 4488 3030 4554 exterior
3061 4507 3182 4553 non

713 4575 807 4638 sit
852 4594 889 4639 a
938 4578 1192 4653 natura3
1246 4576 1454 4640 tamen
1505 4578 1581 4641 ad
1632 4581 1983 4646 naturalem
2029 4584 2335 4649 rationem
2381 4587 2668 4669 pertinet,
2709 4591 2782 4653 ut
2819 4593 3187 4657 exteriorem
