3497 5147
312 369 424 446 [98]
1339 384 1423 423 ms
1461 384 1727 424 nannum
2711 370 2784 423 69

314 483 423 565 (ut
454 482 752 564 diximus)
785 479 1164 544 sufficienter
1192 480 1416 543 instrui
1450 480 1513 544 in
1547 480 1826 545 articulis
1859 481 2215 545 necessariis
2246 481 2386 545 fidei
2412 482 2781 558 catholicam

317 603 395 648 ue
430 584 497 648 in
529 602 709 647 suam
746 582 1051 646 haeresim
1082 580 1262 645 facile
1293 581 1612 645 relabatur
1642 583 1706 646 et
1735 583 1861 647 alia
1893 584 2283 649 incommoda
2320 585 2623 648 eveniant.

496 689 566 750 2⁰
600 686 770 750 Ante
804 684 1259 749 absolutionem
1304 684 1590 767 papalem
1636 685 1717 765 (si
1751 704 1905 768 opus
1943 687 2067 768 est)
2099 687 2177 750 ab
2224 687 2458 750 haeresi
2493 689 2556 750 et
2586 707 2785 752 sacra-

315 790 660 853 mentalem
708 808 743 852 a
791 787 1082 871 peccati&
1131 785 1313 850 debet
1359 786 1642 850 abiurare
1688 804 1868 851 suam
1915 788 2216 852 haeresim
2249 791 2313 852 et
2342 788 2541 852 facere
2586 790 2786 871 publi-

311 911 458 956 cam
481 891 626 955 fidei
656 889 1099 974 professionem
1124 907 1330 953 coram
1358 887 1684 952 Sacerdote
1716 890 1779 951 et
1803 888 2044 953 duobus
2067 890 2353 963 testibus,
2380 893 2453 953 ut
2477 892 2784 955 statuitur

314 1013 443 1059 non
489 994 696 1058 solum
732 993 795 1056 in
831 992 967 1055 iure
1012 990 1305 1055 canonico
1352 1009 1484 1072 cap.
1536 987 1611 1052 Si
1645 990 1756 1069 qui
1799 989 2110 1053 voluerint
2147 992 2205 1054 8.
2240 989 2422 1055 Caus.
2463 994 2520 1055 1.
2569 1012 2627 1075 q.
2672 994 2775 1058 7.:

318 1122 359 1155 «
398 1095 467 1160 Si
497 1096 611 1178 qui
641 1095 956 1162 voluerint
1001 1093 1208 1157 venire
1257 1092 1334 1156 ad
1380 1092 1718 1156 Ecclesiam
1767 1093 2137 1157 catholicam
2183 1096 2248 1157 et
2307 1096 2778 1177 apostolicam...

314 1201 470 1264 ante
497 1198 708 1264 omnia
738 1199 951 1262 autem
973 1197 1133 1260 hanc
1165 1195 1242 1259 ab
1273 1195 1360 1259 eis
1391 1194 1834 1258 confessionem
1866 1214 1973 1276 per
2001 1196 2374 1278 scripturam
2405 1198 2566 1281 exigi
2600 1217 2782 1281 opor-

318 1302 433 1379 tet,
453 1303 527 1366 ut
557 1301 894 1377 fateantur,
929 1317 993 1364 se
1023 1297 1337 1363 communi
1368 1315 1666 1361 consensu
1683 1296 1990 1361 Ecclesiae
2014 1298 2355 1362 catholicae
2388 1300 2451 1363 et
2482 1302 2780 1383 apostoli-

318 1423 425 1467 cae
457 1405 701 1467 statuta
737 1402 1171 1467 observaturos
1202 1426 1237 1457 »
1276 1400 1382 1480 (ex
1411 1397 1677 1462 Nicaen.
1722 1395 1956 1462 Concil.
2001 1398 2776 1486 Gan.8.deNovatianis)‚

318 1506 429 1571 sed
460 1506 650 1571 etiam
683 1505 750 1569 in
779 1504 1133 1568 ritualibus,

494 1604 566 1671 3⁰
588 1607 743 1671 Post
765 1606 960 1670 talem
981 1604 1421 1688 professionem
1455 1604 1865 1669 absolvendus
1897 1605 1991 1667 est
2024 1604 2101 1667 ab
2133 1605 2395 1668 habente
2427 1606 2776 1689 legitimam

318 1712 698 1795 potestatem
736 1709 813 1772 ab
844 1708 1083 1772 haeresi
1113 1708 1195 1787 (si
1227 1726 1382 1790 opus
1414 1707 1526 1789 sit)
1565 1710 1628 1770 et
1663 1705 1804 1770 dein
1841 1706 2093 1770 tandem
2126 1708 2534 1773 absolvendus
2559 1712 2654 1773 est
2685 1730 2778 1775 sa-

318 1811 781 1876 cramentaliter
798 1811 877 1875 ab
895 1810 1181 1875 omnibus
1204 1809 1471 1891 peccatis
1498 1827 1568 1871 ac
1592 1808 1952 1872 reficiendus
1992 1827 2166 1872 sacra
2204 1810 2634 1875 communione
2658 1814 2774 1877 etc.

317 1913 605 1998 Struggl,
637 1915 815 1978 tract.
855 1914 917 1976 4.
952 1933 1010 1996 q.
1046 1915 1105 1976 2.
1139 1933 1199 1976 n.
1235 1912 1339 1975 23.
1373 1911 1487 1993 (a).

407 2015 588 2095 Quod
619 2016 670 2079 si
697 2018 922 2101 agatur
951 2015 1026 2079 de
1055 2014 1401 2097 recipiendo
1432 2015 1498 2077 in
1521 2014 1860 2078 Ecclesiam
1883 2014 2255 2079 heterodoxo
2279 2016 2354 2079 de
2376 2017 2552 2080 cuius
2578 2017 2776 2100 bapti-

318 2138 458 2185 smo
483 2118 823 2195 dubitetur,
860 2138 937 2183 an
969 2117 1215 2183 validus
1261 2118 1473 2194 fuerit,
1498 2117 1649 2182 adeo
1675 2119 1748 2181 ut
1771 2117 2248 2200 rebaptizandus
2281 2120 2397 2183 sub
2428 2119 2776 2185 conditione

318 2223 434 2287 sit:
468 2223 536 2285 1⁰
564 2222 918 2285 instruatur
951 2219 1215 2302 oportet,
1256 2219 1325 2281 2⁰
1354 2219 1538 2283 fidem
1575 2219 1946 2301 profiteatur
1983 2221 2375 2297 catholicam,
2399 2220 2658 2287 eiuratis
2689 2243 2779 2286 er-

315 2325 588 2400 roribus,
621 2325 697 2388 ut
726 2343 936 2407 supra,
976 2325 1047 2386 3⁰
1076 2323 1194 2387 sub
1225 2322 1577 2387 conditione
1601 2322 1973 2404 baptizetur,
2005 2324 2079 2384 4⁰
2114 2324 2533 2389 conditionate
2582 2326 2780 2390 absol-

310 2432 506 2493 vatur
535 2430 601 2492 et
630 2427 770 2491 dein
807 2425 1293 2491 confirmationis
1323 2425 1389 2488 et
1411 2424 1822 2489 eucharistiae
1845 2423 2244 2489 Sacramenta
2275 2428 2591 2509 suscipiat.

394 2529 537 2610 Qua
583 2529 649 2593 in
695 2548 762 2594 re
809 2527 1151 2592 difficultas·
1190 2527 1342 2591 haec
1387 2527 1673 2592 occurrit.
1722 2526 1959 2610 Nempe
1989 2527 2042 2591 si
2097 2526 2366 2592 invalide
2419 2529 2771 2611 baptizatus

307 2632 539 2708 fuerat,
588 2632 867 2715 profecto
911 2650 1022 2695 nec
1089 2629 1788 2695 excommunicationem
1856 2630 2059 2706 habet,
2126 2650 2161 2694 a
2221 2650 2345 2712 qua
2393 2632 2633 2696 absolvi
2677 2632 2774 2696 de-

304 2735 486 2810 beat3
556 2736 706 2817 quia
776 2753 900 2799 non
947 2735 1080 2798 erat
1126 2732 1412 2798 subditus
1483 2733 1809 2808 Ecclesiae,
1858 2734 2034 2797 cuius
2096 2753 2324 2816 poenas
2385 2735 2621 2799 subiret
2663 2754 2774 2799 nec

306 2838 543 2903 iterum
593 2837 835 2902 absolvi
880 2855 915 2900 a
963 2836 1228 2919 peccatis
1276 2837 1503 2918 potest,
1551 2836 1699 2917 quia
1736 2837 1988 2917 peccata
2034 2837 2300 2901 hominis
2350 2837 2624 2901 nondum
2669 2838 2774 2902 ba-

310 2941 545 3024 ptizati
589 2958 711 3006 non
742 2939 892 3004 sunt
935 2939 1199 3002 materia
1245 2937 1616 3001 sacramenti
1647 2938 2080 3019 poenitentiae.
2131 2938 2196 3002 Si
2243 2958 2386 3004 vero
2420 2940 2773 3023 baptizatus

374 3170 449 3222 (a)
476 3166 532 3212 Ο.
549 3165 598 3209 S.
616 3164 672 3209 Ο.
685 3165 753 3209 18.
777 3164 902 3207 Iulii
919 3162 1040 3207 1680.
1070 3162 1331 3206 decretum
1356 3161 1520 3205 edidit
1539 3173 1630 3216 pro
1656 3160 1811 3205 terris
1838 3161 2139 3215 infidelium,
2160 3164 2425 3217 probatum
2439 3166 2622 3209 deinde
2640 3180 2671 3210 a
2689 3168 2778 3211 Be·

295 3235 516 3280 aedicto
535 3231 680 3275 xm.
699 3231 768 3275 m.
798 3232 928 3276 Nov.
955 3229 1079 3273 1725.
1112 3247 1131 3267 ι
1152 3229 1202 3272 S.
1231 3229 1287 3272 Ο.
1316 3228 1533 3281 censuit.
1559 3232 1818 3284 apostatas
1847 3242 1878 3272 a
1904 3229 2304 3281 fide,redeuntes
2331 3233 2393 3274 ad
2412 3234 2775 3287 poenitentiam

302 3315 408 3344 non
437 3296 615 3343 teneri
642 3297 706 3340 ad
734 3295 1071 3340 abiurandam
1098 3293 1403 3349 apostasiam
1432 3295 1631 3349 publice
1664 3309 1832 3340 coram
1863 3295 2180 3350 Infidelibus,
2209 3298 2291 3340 sed
2322 3299 2563 3355 sufficere,
2585 3307 2645 3344 ut
2664 3315 2775 3346 eam

304 3367 566 3411 abiurant
592 3364 646 3406 in
677 3363 870 3406 Balneo
900 3363 1106 3416 (hagno,
1122 3367 1335 3414 carcere)
1356 3372 1525 3404 coram
1555 3360 1808 3414 fidelibus,
1834 3362 2134 3406 abstinendo
2150 3363 2218 3406 ab
2235 3365 2431 3407 actibus
2458 3366 2781 3411 infidelitatis

292 3447 355 3479 ae
381 3431 696 3489 deponendo
721 3430 956 3474 habitum
985 3427 1295 3479 Infldelium,
1323 3434 1578 3482 quatenus
1605 3430 1673 3472 sit
1701 3431 2069 3485 protestativus
2087 3431 2244 3474 falsae
2270 3432 2552 3487 religionis:
2583 3435 2626 3477 si
2654 3447 2774 3479 vero

293 3503 364 3546 nit
391 3501 734 3555 aequivocus,
760 3510 903 3552 posse
930 3497 1082 3539 illum
1111 3494 1328 3548 deferr-03
1358 3496 1493 3549 quod
1525 3495 1566 3538 si
1586 3509 1646 3539 ex
1676 3496 1769 3539 illa
1796 3497 2067 3550 delatione,
2089 3499 2287 3541 ratione
2314 3512 2569 3554 personae,
2598 3501 2772 3556 aliqua

294 3571 539 3614 oriretur
566 3565 802 3620 suspicio,
820 3563 984 3608 teneri
1009 3561 1268 3616 aufugere,
1290 3574 1444 3616 quam
1463 3563 1688 3617 primum
1718 3563 1983 3617 potuerint
1999 3582 2040 3606 ι.
2058 3564 2195 3608 Hinc
2212 3565 2517 3610 Benedictus
2536 3567 2676 3610 1111.
2696 3570 2780 3610 de-

312 3637 502 3688 mvit,
541 3632 714 3687 «quod
744 3631 991 3685 neophyti
1019 3628 1390 3682 Tongkinenses
1417 3641 1508 3683 pro
1522 3629 1724 3683 publica
1753 3631 2023 3684 apostasia,
2064 3634 2340 3674 teneantur
2375 3636 2582 3675 tantum
2623 3636 2779 3679 semel

301 3703 552 3747 abiurare
582 3711 752 3742 coram
785 3695 1219 3741 Christifidelibus
1248 3698 1298 3737 et
1327 3695 1647 3738 abiuratione
1674 3701 1895 3749 peracta,
1941 3696 2284 3739 admittantur
2312 3699 2373 3740 ad
2421 3700 2778 3744 confessIonem

306 3767 761 3819 sacramentalem,
776 3764 1024 3809 iniunctis
1051 3759 1377 3818 poenitentiis
1416 3762 1728 3805 salutaribus
1768 3763 1983 3806 arbitrio
2012 3765 2301 3808 confessarii
2325 3783 2362 3807 ι.
2393 3765 2467 3809 Of.
2493 3765 2775 3816 θοῑὶοεαιιω

290 3840 465 3881 consu.
492 3838 650 3879 decr-r.
680 3833 730 3877 S.
759 3831 807 3874 S.
834 3830 883 3874 d.
912 3831 1008 3874 Μ.

404 3901 545 3946 Item
566 3901 669 3944 iam
688 3897 926 3943 Urbanus
947 3896 1083 3940 vm.
1105 3895 1176 3940 25.
1201 3895 1301 3939 Iul.
1322 3896 1445 3938 1680.
1483 3896 1687 3938 decreto
1707 3909 1745 3938 s.
1768 3894 1823 3939 Ο.
1853 3897 2124 3946 statuerat,
2168 3914 2188 3934 e
2207 3898 2562 3943 confessarium
2596 3901 2774 3947 debere

302 3969 587 4014 absolvere
610 3968 898 4020 apostatam
924 3964 1285 4019 poenitentem,
1313 3964 1367 4005 in
1397 3963 1617 4006 articulo
1642 3963 1822 4007 mortis
1849 3965 2204 4016 constitutum,
2234 3965 2468 4010 abiurata
2488 3969 2631 4021 priua
2657 3979 2777 4014 vero

295 4035 566 4091 apostasia
594 4033 649 4075 in
679 4032 784 4074 foro
812 4031 1149 4074 conscientiae
1177 4033 1231 4073 et
1257 4029 1301 4071 sl
1329 4042 1417 4083 per
1457 4030 1662 4083 aliquod
1692 4031 1936 4083 temporis
1967 4031 2188 4085 spatium
2221 4033 2578 4085 ,supervixerit
2615 4038 2666 4077 et
2699 4047 2779 4089 po-

290 4104 438 4157 terit,
470 4101 681 4145 abiut-et
710 4097 763 4141 in
797 4097 990 4141 Balneo
1018 4108 1189 4140 eoram
1216 4095 1470 4140 fidelibus.
1499 4095 1640 4146 Quod
1669 4098 1710 4139 si
1738 4099 1841 4139 non
1869 4099 2072 4152 poterit,
2103 4098 2362 4151 relinquat
2382 4098 2774 4154 chirographum

294 4182 427 4213 suae
455 4165 822 4218 abiurationis,
849 4164 1033 4208 saltem
1061 4164 1206 4218 signo
1236 4163 1404 4206 erucis
1429 4163 1788 4217 subscriptum,
1815 4165 1946 4218 quod
1976 4165 2021 4207 si
2048 4176 2209 4219 neque
2238 4165 2332 4208 hoo
2350 4166 2522 4220 possit,
2551 4169 2779 4212 commit·

295 4239 379 4278 tat
406 4231 744 4284 confessario,
770 4235 830 4273 ut
858 4242 1004 4274 suam
1032 4229 1407 4273 abiurationem
1436 4228 1670 4272 fidelibus
1697 4230 2009 4274 manifestat.
2040 4231 2153 4273 Non
2180 4234 2354 4274 tamen
2391 4233 2555 4276 teneri
2581 4239 2777 4287 aposta-

288 4307 402 4346 um
433 4299 812 4357 poenitentem,
838 4300 967 4340 tuno
994 4297 1046 4339 in
1075 4296 1304 4351 periculo
1319 4295 1499 4339 mortis
1517 4297 1872 4349 constitutum,
1902 4296 2058 4339 etiam
2087 4297 2416 4342 suadentibus
2434 4299 2625 4354 Tamis,
2655 4314 2770 4345 cum

290 4368 534 4424 periculo
558 4367 717 4417 vitae,
745 4365 898 4408 fidem
924 4363 1248 4415 catholicam,
1288 4375 1445 4418 quam
1476 4365 1601 4405 tuno
1626 4362 1865 4407 abiurata
1889 4363 2197 4407 infidelitate
2224 4367 2514 4419 complexus
2541 4372 2633 4421 est,
2653 4380 2770 4412 oon·

283 4435 425 4480 ssteri
446 4450 459 4489 ς
487 4432 583 4478 sed
606 4444 787 4476 eorum
801 4432 1056 4475 suasiones
1085 4429 1320 4484 evadere,
1334 4430 1413 4472 vel
1438 4441 1538 4472 non
1557 4430 1901 4482 respondendo
1923 4429 2004 4472 vel
2025 4431 2313 4484 aequivocis
2331 4432 2498 4475 verbis
2516 4435 2706 4478 utendo
2725 4452 2765 4479 ι.

288 4505 550 4550 solebant
577 4501 773 4546 seilicet
799 4503 925 4543 tuno
951 4499 1244 4542 huiusmodi
1262 4498 1492 4542 homines
1519 4497 1583 4540 ab
1600 4496 1797 4540 infideli
1822 4497 2018 4540 familia
2046 4498 2130 4540 vel
2147 4498 2290 4541 falsis
2318 4501 2566 4544 ministris
2592 4502 2765 4545 induci

284 4572 353 4617 ad
379 4577 546 4616 aetus
590 4568 751 4613 falna
796 4567 1075 4621 religionis.
1117 4566 1267 4619 Apud
1319 4565 1599 4610 collectam
1640 4567 1737 4608 etc.
1786 4564 1917 4607 decr.
1944 4566 2040 4607 482.
2079 4564 2152 4609 Cf.
2182 4564 2412 4608 Ferraria
2441 4568 2501 4610 V.
2539 4569 2767 4623 Apa-tata

287 4652 379 4686 nn.
412 4637 593 4684 10.-1o.
623 4636 681 4680 Ε.
