3497 5147
315 384 445 461 [189]
859 397 944 438 An
981 395 1203 438 monn
1239 396 1637 438 Dasminium
1673 395 1896 438 Mamm
1930 396 2188 437 Pnoxmx
2645 384 2749 438 141

316 496 465 571 vitis,
511 495 726 579 populi
772 495 1170 578 perturbator
1214 496 1278 558 et
1308 495 1608 578 propheta
1652 493 1915 558 mendax
1953 493 2298 569 videbatur,
2334 494 2489 558 dixit
2536 494 2643 557 IV.
2680 495 2745 557 3.

313 598 400 663 Et
433 617 598 662 nunc
642 596 933 675 Domine,
971 595 1133 672 tolle,
1171 616 1418 678 quaese,
1442 597 1721 660 animam
1766 616 1966 659 meam
1995 616 2038 659 a
2066 616 2202 674 me,·
2224 598 2376 678 quia
2420 596 2639 661 melior
2659 600 2755 661 est

311 700 454 765 mihi
485 720 673 773 mors,
706 720 895 781 quam
923 700 1072 763 vita.
1099 699 1182 762 Et
1211 699 1397 763 Iudas
1419 699 1836 763 Machabaeus
1875 701 1931 762 1.
1965 697 2181 762 Mach.
2217 700 2332 763 III.
2369 701 2472 763 59.
2506 698 2750 763 Melius

312 806 398 868 est
419 803 578 867 mori
596 804 670 866 in
701 801 878 875 belle,
917 822 1106 883 quam
1141 801 1348 864 videre
1378 800 1550 864 mala
1579 801 1786 881 yemis
1808 805 2101 865 nostrae.

387 905 654 969 Eandem
702 905 1047 971 doctrinam
1094 904 1289 968 tradit
1333 904 1506 968 Felix
1541 904 1831 969 Potestas
1877 905 1951 967 de
2003 905 2059 968 1.
2094 903 2421 984 Praecept.
2462 924 2521 968 n.
2575 907 2746 982 298„

308 1008 442 1072 licet
467 1008 673 1072 minus
730 1007 806 1072 ad
850 1026 981 1071 rem
1012 1007 1271 1071 misceat
1301 1026 1553 1071 causam
1584 1007 1658 1071 de
1690 1007 1989 1071 desiderio
2022 1008 2244 1071 mortis
2276 1009 2415 1071 tum
2441 1009 2744 1086 propriae

308 1111 431 1174 tum
459 1110 706 1174 alienae
724 1130 746 1172 .·
778 1129 974 1191 neque
996 1109 1501 1193 probabilitatem
1530 1110 1717 1175 huius
1741 1110 2056 1174 doctrinae
2081 1111 2271 1194 negat
2308 1128 2357 1173 s.
2390 1109 2749 1193 Alphonsus

306 1213 404 1277 lib.
437 1214 493 1277 5.
535 1233 596 1277 11.
633 1214 740 1276 22.

383 1314 892 1380 Salmanticenses
925 1317 1134 1379 autem
1171 1306 1604 1399 pei-miscentes
1641 1316 1873 1399 pariter
1904 1318 2328 1399 quaestionem
2367 1316 2442 1379 de
2471 1337 2536 1380 se
2575 1318 2638 1380 et
2672 1315 2750 1380 de

302 1418 456 1496 aliie,
477 1420 757 1483 scribunt
787 1420 865 1482 tr.
902 1420 1006 1481 20.
1042 1437 1172 1500 cap.
1211 1418 1314 1481 13.
1349 1438 1407 1481 n.
1431 1419 1536 1481 46.
1578 1443 1613 1477 ‹
1637 1420 1903 1484 mortale
1936 1439 2083 1494 esse,
2110 1420 2236 1482 sibi
2257 1418 2354 1482 vel
2375 1419 2496 1483 alii
2526 1422 2741 1503 optare

300 1524 552 1585 mortem
599 1521 678 1584 ad
726 1520 1043 1584 vitandam
1090 1520 1444 1584 molestiam
1491 1521 1895 1594 infirmitati3‚
1929 1521 2366 1599 mendicitatis,
2400 1522 2567 1585 vitae
2612 1541 2749 1604 poe·

301 1625 448 1688 nalis
486 1644 521 1687 a
554 1624 783 1688 marito
809 1623 1099 1696 inflictae,
1127 1623 1577 1706 aegritudinem
1608 1623 1935 1696 internam,
1972 1624 2370 1688 afflictionem
2402 1625 2467 1687 et
2496 1624 2744 1688 similia.

301 1724 477 1790 Ratio
508 1729 606 1790 est
628 1726 896 1808 (aiunt);
947 1725 1094 1806 quia
1139 1725 1367 1789 vitium
1399 1725 1759 1789 timiditatis
1807 1728 1869 1789 et
1900 1726 2438 1808 pusillanimitatis
2470 1729 2565 1790 est
2589 1727 2747 1790 velle

301 1848 494 1894 carere
517 1830 724 1911 (vita),
752 1829 830 1894 ob
852 1829 1108 1900 vitanda
1142 1829 1350 1910 aliqua
1387 1828 1556 1892 mala
1586 1828 1844 1891 minoris
1881 1830 2180 1892 momenti
2214 1853 2275 1891 ».
2303 1831 2495 1911 Atqui
2528 1832 2594 1892 1⁰
2618 1832 2742 1895 ista

301 1929 451 1993 nihil
494 1932 796 2013 pertinent
834 1930 912 1994 ad
943 1929 1313 1994 desiderium
1352 1930 1573 1995 mortis
1611 1930 1912 1994 aliorum:
1949 1933 2019 1993 2ο
2054 1931 2362 1995 undenam
2394 1933 2619 1997 vitium
2669 1933 2745 1996 ti-

293 2031 593 2097 miditatis
642 2035 752 2097 aut
798 2033 1334 2116 pusillanimitatis
1371 2032 1637 2097 mortale
1697 2052 1827 2097 esse
1873 2034 2221 2117 probatur?
2258 2035 2456 2098 Erunt
2502 2035 2741 2111 letalia,

292 2135 340 2198 si
383 2139 781 2219 praeceptum
826 2135 1079 2218 aliquod
1123 2136 1484 2220 frangatur;
1536 2138 1603 2199 at
1648 2136 1757 2199 ubi
1817 2139 1912 2200 est
1973 2138 2367 2219 praeceptum
2415 2157 2489 2201 ne
2535 2139 2733 2201 Deum

286 2255 512 2321 rogem,
546 2240 624 2304 ut
655 2257 755 2303 me
777 2239 967 2302 tollat
996 2257 1033 2302 a
1064 2238 1329 2302 miseriis
1345 2237 1622 2302 mundi?
1646 2239 1716 2301 3⁰
1747 2238 1965 2302 Nonne
1997 2238 2147 2302 haec
2176 2239 2547 2322 generaliter
2570 2239 2735 2304 dicta

286 2341 717 2405 contradicunt
745 2341 947 2406 verbis
980 2338 1334 2422 Scripturae
1355 2341 1485 2404 iam
1514 2342 1770 2405 relatis?
1802 2339 1867 2404 Si
1900 2359 2046 2424 ergo
2078 2341 2231 2405 levis
2264 2342 2348 2405 sit
2380 2360 2587 2420 causa,
2615 2343 2736 2407 erit

285 2446 601 2524 peecatum
643 2443 1090 2526 impatientiae,
1125 2463 1196 2508 ex
1229 2462 1448 2528 genere
1487 2463 1599 2508 suo
1638 2445 1791 2508 leve.

368 2542 516 2617 189.
550 2547 792 2612 Exinde
825 2546 1236 2632 intelligitur:
1275 2567 1385 2611 cur
1416 2546 1745 2613 damnatae
1779 2548 1905 2612 sint
1943 2547 2019 2612 ab
2052 2547 2409 2613 Innocentio
2457 2548 2567 2612 XI.
2608 2550 2734 2615 tres

280 2647 435 2712 istae
466 2649 946 2734 propositiones.

364 2750 544 2836 Prop.
586 2753 696 2816 13.
738 2776 775 2811 ‹
806 2751 871 2816 Si
902 2772 1043 2816 cum
1074 2752 1282 2817 debita
1311 2752 1734 2817 moderatione
1765 2754 1977 2829 facias,
2018 2756 2194 2837 potes
2227 2755 2457 2836 absque
2487 2756 2741 2837 peccato

274 2855 524 2918 mortali
558 2855 640 2919 de
678 2855 811 2918 vita
860 2856 1121 2919 alicuius
1168 2855 1410 2918 tristari
1455 2856 1520 2919 et
1564 2855 1637 2919 de
1683 2855 1855 2919 illius
1887 2859 2086 2921 morte
2133 2857 2408 2922 naturali
2439 2857 2726 2940 gaudere,

272 2954 443 3020 illam
477 2956 795 3021 inefficaci
814 2957 1037 3021 affectu
1083 2959 1288 3039 petere
1319 2959 1382 3020 et
1414 2956 1775 3033 desiderare,
1810 2977 1930 3022 non
1964 2958 2213 3040 quidem
2243 2977 2314 3022 er
2351 2958 2741 3040 displicentia

271 3076 586 3140 personae,
622 3058 733 3124 sed
773 3060 851 3123 ob
889 3059 1142 3140 aliquod
1173 3059 1514 3141 temporale
1546 3059 2035 3125 emolumentum
2076 3086 2137 3123 ».

350 3160 539 3245 Prop.
588 3162 699 3225 14.
745 3186 780 3219 <
811 3162 1085 3226 Licitum
1118 3162 1213 3225 est
1242 3161 1529 3226 absoluto
1566 3162 1867 3226 desiderio
1922 3182 2141 3245 cupere
2194 3164 2460 3226 mortem
2509 3164 2726 3245 patris⁹

264 3282 383 3329 non
421 3266 688 3347 quidem
719 3267 792 3329 ut
820 3265 1060 3329 malum
1092 3266 1306 3348 patris,
1341 3264 1446 3328 sed
1479 3268 1552 3329 ut
1583 3267 1815 3330 bonum
1861 3267 2191 3349 cupientis3
2236 3266 2383 3348 quia
2430 3266 2725 3331 nimirum

261 3366 314 3430 ei
353 3369 714 3434 obventura
747 3369 843 3432 est
873 3368 1122 3451 pinguis
1155 3367 1465 3431 hereditas
1502 3393 1563 3432 ».

348 3470 537 3554 Prop.
581 3471 692 3533 15.
748 3492 783 3527 «
815 3469 1086 3534 Licitum
1125 3471 1220 3533 est
1265 3469 1395 3534 filio
1427 3470 1693 3553 gaudere
1724 3470 1800 3534 de
1830 3470 2157 3553 parricidio
2192 3471 2464 3553 parentis
2499 3491 2534 3535 a
2574 3491 2636 3534 se
2668 3472 2731 3534 in

262 3573 563 3639 ebrietate
590 3574 951 3657 perpetrato
991 3575 1241 3655 propter
1269 3573 1552 3657 ingentes
1581 3572 1835 3637 divitias
1866 3573 2007 3637 inde
2039 3593 2110 3638 ex
2141 3573 2482 3637 hereditate
2518 3592 2735 3636 conse-

264 3678 495 3757 quutas
517 3703 584 3741 ».

345 3779 633 3845 Falsitas
672 3780 939 3843 istarum
972 3779 1464 3861 propositionum
1496 3779 1696 3862 patet3
1738 3779 1886 3860 quia
1925 3778 2074 3843 ordo
2106 3778 2388 3842 caritatis
2436 3778 2735 3861 postulat,

258 3882 328 3946 ut
357 3884 494 3948 vita
534 3882 811 3966 proximi
842 3880 1230 3964 praeferatur
1260 3881 1677 3946 emolumento
1711 3882 2039 3964 temporali
2072 3881 2355 3965 proprio:
2389 3881 2516 3946 imo
2543 3883 2737 3966 exigit

254 3987 323 4047 ut
361 3985 440 4049 ad
489 3986 684 4049 illam
721 3983 1205 4048 conservandam
1251 4002 1682 4048 succurramus
1730 3984 1986 4067 pauperi
2018 3985 2209 4049 etiam
2256 3983 2330 4048 de
2368 3985 2727 4048 necessariis

252 4088 467 4155 statui.
507 4089 688 4173 Ergo
735 4088 1018 4151 caritatis
1059 4086 1206 4150 ordo
1239 4086 1631 4169 pervertitur,
1665 4088 1720 4152 si
1751 4090 2018 4153 mortem
2051 4088 2313 4171 proximi
2361 4090 2726 4170 appetamus

254 4192 364 4255 aut
408 4192 486 4256 de
520 4211 601 4255 ea
641 4190 1029 4274 gaudeamus
1059 4189 1311 4271 propter
1330 4191 1616 4254 nostrum
1639 4190 1982 4272 temporale
2008 4191 2515 4255 emolumentum.
2546 4190 2735 4255 Hisce

249 4293 410 4358 enim
460 4291 802 4357 affectibus
836 4293 1125 4356 nostrum
1157 4291 1646 4356 emolumentum
1676 4291 2023 4375 praefertur
2055 4292 2220 4356 vitae
2267 4292 2548 4374 proximi,
2572 4311 2730 4373 quae

250 4397 341 4458 est
395 4396 460 4460 in
515 4394 743 4460 ordine
786 4395 971 4479 longe
1019 4394 1348 4477 superiori;
1402 4394 1551 4458 adeo
1604 4396 1678 4458 ut
1715 4395 2025 4476 perversio
2074 4394 2305 4459 ordinis
2352 4413 2473 4459 non
2532 4395 2736 4476 possit

246 4496 364 4563 dici
395 4500 560 4564 levis
603 4515 723 4562 nec
758 4498 998 4581 possint
1042 4497 1400 4561 huiusmodi
1448 4498 1703 4561 affectus
1741 4498 1926 4579 culpa
1958 4516 2194 4561 vacare.
2230 4497 2310 4561 Et
2345 4516 2489 4561 sane
2527 4496 2730 4579 magis

250 4604 342 4665 oet
388 4601 712 4667 damnum
755 4601 908 4684 pati,
958 4619 1146 4681 quam
1189 4619 1312 4664 non
1360 4602 1674 4683 reportare
1719 4600 1986 4663 lucrum.
2025 4598 2218 4679 Atqui
2255 4598 2332 4662 ad
2370 4599 2568 4661 vitam
2599 4614 2737 4677 pro-
