3497 5147
308 333 454 410 [414]
844 346 1083 389 Locum
1119 349 1559 393 smarnmrtm.
1598 349 1904 393 10000110
1940 349 2277 391 00001161Αο
2669 334 2777 390 307

309 444 652 510 commissa
700 443 977 526 aliquam
1022 446 1350 528 specialem
1397 445 1861 511 irreverentiam
1906 447 2213 522 includat;
2263 466 2420 529 quae
2465 447 2612 511 licet
2655 467 2779 513 non

309 565 559 629 semper
588 546 803 630 gravis
834 546 937 623 sit,
971 546 1076 610 sed
1106 547 1260 612 levis
1300 567 1430 613 esse
1462 548 1660 631 possit
1691 550 1879 630 atque
1910 548 2045 613 ideo
2077 568 2200 613 non
2233 548 2571 613 necessario
2597 550 2781 633 expli·

308 649 509 713 canda
548 648 613 711 in
644 647 1045 725 confessione,
1080 650 1156 714 ad
1190 650 1498 714 malitiam
1535 652 1745 715 tamen
1778 651 2084 735 sacrilegii
2117 652 2401 734 pertinet.

403 745 569 822 414.
612 751 709 814 DE
746 766 1107 815 SEPULTURA
1135 768 1670 816 EXCOMMUNICATI.
1704 751 2058 835 Sepultura,
2099 753 2316 834 utique
2347 753 2780 831 ecclesiastica,

311 853 552 936 duplici
597 852 783 917 modo
829 855 1099 917 vetatur.
1146 853 1313 918 Nam
1361 853 1693 936 aliquando
1740 854 1832 917 ita
1884 853 2273 918 interdicitur
2318 855 2660 938 sepultura,
2708 858 2783 920 ut

312 956 570 1037 insuper
616 956 792 1020 locus
839 956 1093 1019 maneat
1139 956 1453 1038 pollutus;
1505 956 1660 1020 alias
1707 955 2028 1038 sepultura
2074 956 2321 1037 quidem
2370 956 2782 1022 ecclesiastica

316 1057 713 1122 interdicitur
760 1075 884 1121 non
930 1058 1140 1122 tamen
1193 1058 1287 1123 ita
1333 1060 1408 1122 ut
1451 1058 1625 1123 locus
1673 1059 2015 1141 polluatur,
2060 1059 2207 1123 licet
2260 1060 2562 1144 obligatio
2617 1060 2782 1124 adsit

314 1159 692 1224 exhumandi
725 1159 1006 1238 cadaver,
1041 1162 1154 1224 aut
1184 1161 1428 1238 saltem,
1454 1160 1508 1225 si
1538 1180 1716 1225 casus
1748 1161 1813 1225 id
1845 1161 2102 1243 patitur,
2135 1161 2574 1244 impertiendae
2606 1163 2781 1227 abso-

315 1262 575 1327 lutionis
623 1281 662 1325 a
710 1280 987 1339 censura,
1026 1262 1102 1327 ob
1140 1281 1330 1344 quam
1366 1264 1688 1346 sepultura
1719 1263 2132 1329 ecclesiastica
2169 1263 2575 1328 interdicitur.
2607 1263 2781 1329 Haec

315 1383 460 1449 ergo
498 1364 564 1427 in
603 1383 772 1446 seqq.
807 1364 1019 1429 sedulo
1066 1364 1524 1449 distinguenda.
1559 1364 1843 1429 Diximus
1889 1365 2086 1448 pollui
2132 1366 2451 1430 ecclesiam
2489 1368 2603 1430 aut
2649 1386 2782 1432 006-

314 1466 648 1530 meterium
692 1485 801 1548 per
847 1466 1235 1548 sepulturam
1271 1467 1803 1532 excommunicati.
1846 1467 2135 1551 Intellige
2181 1468 2780 1534 excommunicatum

316 1568 712 1643 nominatim,
746 1569 811 1632 et
857 1567 1174 1633 notorium
1219 1588 1641 1651 percussorem
1674 1569 1899 1634 clerici.
1933 1569 2097 1634 Nam
2135 1569 2339 1652 quoad
2371 1572 2783 1635 excommuni-

312 1673 487 1735 catos
521 1671 826 1735 toleratos
856 1670 1066 1735 locum
1095 1670 1287 1735 habet
1321 1670 1508 1734 Bulla
1539 1670 1798 1734 Martini
1830 1671 1907 1733 V.
1933 1670 2178 1755 Regula
2210 1673 2332 1735 est:
2369 1671 2525 1735 Cum
2556 1672 2780 1752 quibus

311 1793 439 1837 non
486 1773 1005 1838 communicamus
1039 1773 1220 1849 vivi-5,
1252 1774 1441 1836 etiam
1469 1773 1732 1836 mortuis
1763 1775 2212 1838 communicare
2243 1794 2371 1837 non
2405 1774 2692 1838 debemus
2720 1780 2783 1838 et

315 1882 556 1941 contra.
595 1876 792 1958 Atqui
828 1895 973 1940 cum
1020 1875 1290 1940 vitandis
1325 1875 1486 1940 vivis
1516 1895 1638 1941 non
1671 1876 2219 1954 communicamus,
2252 1875 2357 1940 sed
2389 1877 2606 1957 utique
2635 1896 2778 1940 cum

314 1997 437 2043 non
493 1979 775 2043 vitandis.
811 1979 998 2063 Ergo,
1038 1978 1203 2042 Hinc
1248 1979 1458 2061 potest
1500 1979 1564 2042 in
1612 1979 1978 2043 coemeterio
2026 1979 2332 2043 catholico
2366 1978 2608 2062 sepeliri
2639 1980 2781 2043 hae-

308 2082 545 2145 reticus
577 2100 698 2146 non
732 2081 1164 2153 denunciatus,
1199 2080 1318 2144 nisi
1348 2080 1411 2143 id
1443 2081 1695 2164 petatur
1740 2081 1853 2144 aut
1898 2080 2012 2145 fiat
2054 2080 2119 2143 in
2165 2081 2592 2165 contemptum
2635 2080 2776 2144 fidei

307 2182 1017 2263 catholicaesschmalz.
1051 2184 1115 2246 in
1151 2184 1193 2247 1.
1231 2185 1291 2247 3.
1328 2184 1428 2246 tit.
1460 2184 1568 2247 40.
1601 2202 1704 2246 nn.
1743 2183 1978 2246 75.-76.

395 2287 664 2367 Quando
714 2287 926 2351 autem
989 2286 1270 2369 sepultus
1332 2284 1521 2349 fuerit
1568 2285 2133 2349 excommunicatus
2194 2285 2484 2349 vitandus
2529 2285 2592 2348 in
2638 2285 2775 2350 loco

306 2408 509 2468 sacro,
536 2390 612 2453 ut
650 2388 994 2452 catholicus
1026 2386 1254 2451 ibidem
1286 2387 1531 2470 sepeliri
1568 2387 1680 2451 aut
1719 2386 1922 2451 officia
1953 2385 2161 2451 divina
2191 2386 2483 2450 celebrari
2513 2387 2773 2470 possint,

303 2511 553 2557 necesse
591 2492 791 2556 estut
829 2490 1000 2575 prius
1049 2491 1416 2555 exhumetur
1462 2490 1610 2553 talis
1655 2489 2169 2554 excommunicati
2215 2489 2495 2566 cadaver,
2544 2490 2597 2552 si
2644 2488 2776 2552 fieri

301 2600 519 2678 queat,
553 2598 616 2658 et
653 2596 872 2678 postea
923 2595 1175 2659 ecclesia
1207 2594 1304 2657 vel
1343 2593 1779 2657 coemeterium
1826 2593 2273 2658 reconcilietur.
2308 2591 2610 2656 Schmalz.
2643 2593 2686 2656 l.
2719 2612 2771 2656 0.

296 2720 355 2764 n.
396 2700 512 2763 77.

384 2799 691 2865 Ceterum
724 2798 890 2880 quod
922 2818 1115 2881 nuper
1152 2797 1420 2862 diximus
1453 2798 1526 2862 de
1562 2799 2091 2863 excommunicato
2129 2818 2251 2863 non
2285 2798 2559 2875 vitando,
2594 2797 2655 2861 id
2688 2798 2777 2862 in-

298 2903 619 2989 telligitur
666 2901 872 2984 quoad
923 2901 1207 2965 effectum
1253 2900 1619 2986 pollutionis
1665 2901 1973 2965 ecclesiae.
2008 2899 2184 2980 Quod
2231 2920 2374 2965 vero
2423 2900 2649 2964 attinet
2696 2901 2773 2964 ad

296 3004 541 3070 licitam
580 3004 990 3087 sepulturam,
1023 3003 1243 3084 utique
1274 3001 1495 3067 docent
1525 3003 1935 3067 communiter
1966 3002 2117 3084 (vid.
2153 3001 2454 3067 Schmalz.
2481 3001 2544 3064 in
2574 3001 2683 3065 lib.
2710 3002 2772 3064 3.

292 3108 394 3172 tit.
425 3110 537 3172 28.
571 3127 633 3170 n.
665 3107 820 3189 57.),
847 3105 1092 3189 sepeliri
1122 3105 1187 3168 in
1216 3105 1353 3169 loco
1386 3124 1561 3169 sacro
1593 3124 1771 3187 posse
1804 3105 2401 3170 excommunicatum
2436 3103 2772 3168 toleratum

294 3210 398 3274 sed
434 3209 794 3285 occultum3
829 3228 970 3273 cum
994 3208 1158 3271 enim
1192 3206 1461 3290 privatio
1496 3208 1852 3289 sepulturae
1885 3208 1968 3271 sit
1998 3207 2257 3272 evitatio
2290 3206 2555 3289 publica,
2583 3205 2777 3270 etiam

293 3314 571 3396 requirit
622 3329 876 3375 causam
925 3311 1256 3393 publicam,
1297 3329 1373 3373 ne
1420 3308 1576 3373 alias
1613 3328 1809 3392 poena
1843 3310 2092 3374 excedat
2123 3309 2418 3374 delictum
2450 3310 2513 3372 et
2557 3308 2631 3385 is,
2667 3308 2777 3390 qui

294 3412 738 3498 praesumitur
783 3412 1001 3487 bonus,
1035 3412 1154 3476 hac
1187 3411 1430 3476 ratione
1477 3410 1834 3475 infametur.
1877 3410 1942 3475 Si
1988 3430 2131 3476 vero
2179 3411 2264 3475 sit
2309 3410 2635 3487 toleratuS,
2671 3408 2774 3474 sed

290 3519 621 3601 publicae,
655 3514 899 3597 sepeliri
943 3516 1008 3579 in
1055 3515 1192 3579 loco
1239 3532 1413 3579 sacro
1465 3512 1716 3596 poterit,
1752 3514 1805 3576 si
1836 3513 2073 3578 dederit
2102 3514 2280 3599 signa
2321 3511 2770 3594 poenitentiae;

290 3621 601 3703 quamvis
635 3618 941 3701 expediat,
969 3619 1044 3681 ut
1081 3617 1254 3700 prius
1287 3617 1365 3680 ab
1397 3615 2029 3680 excommunicatione
2062 3615 2443 3689 absolvatur,
2469 3611 2771 3677 Schmalz.

288 3724 439 3788 ibid.
476 3744 594 3788 nn.
633 3721 912 3796 58.-6o.;
947 3739 1122 3785 secus
1154 3720 1209 3784 si
1251 3721 1401 3784 haec
1438 3718 1618 3802 signa
1649 3718 2066 3802 poenitentiae
2095 3736 2219 3781 non
2249 3715 2502 3780 dederit.

378 3829 728 3896 Interdicti
759 3846 1004 3910 quoque
1036 3827 1266 3892 notorii
1297 3829 1361 3891 et
1397 3826 1753 3890 denunciati
1785 3826 2110 3908 privantur
2132 3824 2544 3888 ecclesiastica
2576 3825 2776 3908 sepul-

285 3935 471 4008 tura;
512 3932 676 4014 quia
706 3950 813 4013 per
846 3950 1024 3995 omne
1057 3929 1453 3994 interdictum
1493 3928 1621 3992 sive
1652 3928 1850 3993 locale
1882 3928 2010 3993 sive
2057 3928 2375 4012 personale
2411 3927 2775 4011 prohibetur

282 4056 436 4102 usus
488 4034 956 4100 ecclesiasticae
1003 4034 1394 4116 sepulturae:
1445 4031 1610 4113 quod
1656 4032 1821 4096 idem
1867 4031 2190 4096 dicendum
2230 4032 2303 4096 de
2335 4031 2646 4115 suspensis
2696 4032 2773 4096 ab

277 4140 586 4223 ingressu
636 4136 946 4201 ecclesiae.
980 4136 1259 4200 Barbosa
1290 4135 1333 4199 1.
1367 4155 1418 4199 0.
1452 4154 1513 4199 0.
1548 4135 1655 4198 41.
1691 4134 1857 4198 Β606
1894 4136 2105 4199 tamen
2145 4135 2415 4199 advertit
2449 4133 2772 4217 Laymann

280 4244 355 4308 de
390 4241 744 4322 Sacrificio
783 4241 1030 4305 Missae
1060 4260 1193 4323 cap.
1229 4241 1289 4321 5.
1323 4260 1383 4304 n.
1420 4241 1481 4302 8.
1524 4239 1580 4323 ξ.
1617 4240 1678 4304 4.
1714 4259 1823 4323 per
1858 4239 1971 4305 hos
2012 4259 2220 4305 omnes
2252 4258 2374 4304 non
2406 4238 2632 4303 violari
2677 4257 2774 4304 ec-

282 4346 551 4411 clesiam
607 4362 807 4425 neque
856 4361 1034 4428 egere
1077 4342 1609 4417 reconciliatione3
1658 4342 1806 4425 quia
1854 4342 2077 4406 nullibi
2121 4342 2239 4406 hoc
2285 4340 2608 4405 definitum
2657 4342 2770 4405 est.

288 4448 571 4515 Deberet
627 4444 1035 4510 nihilominus
1083 4462 1305 4527 corpus
1337 4445 1659 4510 exhumari
1696 4447 1812 4509 aut
1849 4444 2088 4509 absolvi
2133 4461 2169 4508 a
2201 4463 2476 4508 censura.
2509 4442 2648 4507 Hoc
2685 4442 2775 4506 in-

290 4554 511 4638 tellige
538 4553 691 4615 tum
722 4548 796 4613 de
823 4549 1349 4613 excommunicato
1375 4548 1662 4622 toletam,
1698 4549 1839 4611 tum
1861 4547 1936 4610 de
1966 4544 2294 4610 interdicto
2321 4546 2432 4609 aut
2451 4561 2768 4626 suspenso.

290 4656 460 4741 Ergo
496 4650 782 4737 pollutio
820 4650 1026 4715 solum
1061 4649 1492 4736 induciturIob
1528 4651 1871 4712 vitandum.
