3497 5147
704 336 813 390 148
882 349 1094 389 TRAcr.
1124 350 1177 390 v.
1207 348 1370 390 sacr.
1396 349 1485 387 111.
1515 348 1599 387 nn
1625 346 1946 388 camma-m
1972 348 2361 390 PRAEcnr'ris.
2389 348 2589 390 CAPUT
2612 348 2676 387 11.
2703 347 2845 388 nnn.
2874 347 2964 387 111.
3018 333 3163 409 [199]

700 447 948 528 oportet
994 445 1376 510 occasionem
1423 443 1671 508 futurae
1716 444 2103 507 necessitatis
2150 445 2545 527 praetendere
2591 444 2760 508 ultra
2808 444 3156 527 probabilia

702 549 881 632 signa
926 547 1175 612 futurae
1220 547 1639 622 necessitatis;
1689 546 1840 627 quia
1870 547 2021 609 haec
2067 548 2163 610 est
2199 547 2511 629 superflua
2543 546 2922 619 sollicitudo,
2972 567 3161 630 quam

703 651 1006 714 Dominus
1036 649 1322 732 prohibet
1351 648 1582 712 Matth.
1619 647 1728 711 VI.
1766 648 1902 711 31.:
1938 647 2154 710 Nolite
2184 649 2445 713 solliciti
2489 669 2639 723 esse,
2666 648 2978 712 dieentes:
3012 649 3169 730 quid

700 751 1214 815 manducabimus
1249 753 1365 813 aut
1407 748 1562 830 quid
1591 749 1866 813 bibemus
1895 754 2011 812 aut
2037 769 2156 830 quo
2188 753 2538 830 operiemur
2566 757 2676 815 ete.
2710 777 2773 813 ».

791 855 863 918 In
911 854 1136 936 quibus
1183 853 1346 917 clare
1386 851 1687 935 obligatio
1735 852 1999 916 edicitur
2030 852 2103 916 de
2149 853 2477 936 superfluis
2524 854 2775 935 utrique
2810 855 3164 920 necessitati

701 959 765 1021 et
778 958 1064 1040 respectu
1093 975 1308 1020 eorum
1332 974 1695 1037 pauperum,
1730 955 1793 1017 in
1818 954 2043 1036 quibus
2075 972 2197 1019 non
2224 957 2484 1038 apparet
2514 957 2789 1021 extrema
2806 957 3160 1021 necessitas.

794 1056 944 1129 199.
979 1060 1052 1123 Id
1081 1060 1408 1125 manifeste
1439 1061 1826 1136 confirmant,
1862 1080 2021 1142 quae
2052 1061 2205 1126 dicit
2235 1061 2299 1125 in
2332 1061 2619 1142 Quodlib.
2656 1064 2717 1126 8.
2752 1065 2872 1127 art.
2913 1064 3048 1127 12:
3084 1064 3161 1127 ad

700 1162 1127 1243 quaestionem
1159 1163 1322 1226 enim
1366 1187 1401 1221 ‹
1434 1163 1663 1227 Utrum
1701 1163 1827 1236 ille,
1875 1163 1983 1244 qui
2029 1182 2151 1228 non
2201 1164 2312 1229 dat
2356 1164 2613 1248 pauperi
2659 1165 2914 1247 petenti,
2950 1166 3005 1229 si
3051 1166 3165 1229 ha-

700 1264 845 1328 beat
876 1264 949 1328 de
980 1265 1312 1348 superfluo,
1362 1266 1568 1347 peccet
1599 1291 1659 1341 ›,
1702 1265 1790 1329 sic
1826 1266 2187 1348 respondet:
2230 1291 2265 1325 «
2298 1264 2475 1330 Circa
2508 1267 2623 1331 hoc
2655 1266 3161 1351 distinguendum

701 1369 814 1431 est.
872 1365 1206 1450 Supposito
1263 1368 1445 1442 enim,
1517 1367 1680 1449 quod
1729 1366 1954 1449 aliquis
2018 1368 2247 1432 habeat
2292 1367 2365 1431 de
2411 1367 2721 1449 superfluo
2770 1370 2837 1432 et
2880 1371 3163 1452 respectu

697 1469 1004 1533 individui
1034 1471 1097 1533 et
1141 1471 1422 1553 respectu
1459 1488 1772 1551 personae,
1823 1469 1988 1550 quod
2035 1472 2281 1534 tenetur
2319 1470 2693 1553 pauperibus
2739 1489 3015 1554 erogare,
3050 1474 3164 1537 aut

699 1571 870 1636 videt
915 1573 978 1635 in
1025 1590 1291 1654 paupere
1336 1587 1611 1633 PETENTE
1660 1569 1967 1634 evidentia
2014 1570 2193 1654 signa
2239 1576 2549 1634 extremae
2594 1572 3001 1648 necessitatis,
3052 1576 3163 1637 aut

699 1693 841 1739 non.
876 1673 942 1738 Si
973 1674 1161 1751 videt,
1196 1675 1435 1738 certum
1467 1674 1562 1737 est
1608 1667 1774 1755 quod
1820 1673 2067 1736 tenetur
2098 1672 2242 1737 dare
2289 1675 2353 1737 et
2399 1675 2614 1756 peccat
2659 1692 2781 1738 non
2828 1673 3067 1738 dando:
3099 1675 3159 1739 in

698 1776 816 1841 hoc
862 1777 1023 1839 enim
1070 1795 1218 1840 casu
1262 1776 1544 1857 loquitur
1589 1774 1990 1839 Ambrosius:
2031 1773 2238 1839 Pasce
2273 1773 2438 1853 fame
2484 1775 2884 1839 morientem:
2931 1778 2993 1840 si
3038 1797 3161 1840 non

685 1880 964 1958 paveriS,
1005 1878 1302 1942 occidisti.
1337 1878 1400 1943 Si
1435 1897 1578 1943 vero
1611 1896 1731 1941 non
1767 1879 2123 1960 appareant,
2172 1880 2322 1943 tunc
2368 1897 2493 1942 non
2538 1879 2786 1942 tenetur
2832 1878 2978 1944 dare
3009 1899 3163 1962 pau-

696 1984 827 2065 peri
867 2000 1158 2047 PETENTI:
1194 1984 1342 2065 quia
1374 1983 1660 2065 quamvis
1693 1984 1981 2046 teneatur
2012 1982 2157 2046 dare
2195 1982 2578 2066 superfluum
2609 1983 3004 2066 pauperibus
3039 2002 3159 2048 non

697 2086 908 2148 tamen
957 2086 1203 2149 tenetur
1250 2086 1539 2150 omnibus
1596 2084 1741 2147 dare
1789 2104 1898 2146 nec
1944 2082 2086 2147 huie
2117 2083 2290 2162 dare,
2347 2085 2452 2149 sed
2500 2086 2748 2149 tenetur
2794 2084 3158 2149 distribuere

697 2187 1034 2252 secundum
1074 2188 1237 2270 quod
1270 2188 1389 2251 sibi
1427 2187 1632 2251 visum
1673 2185 1863 2249 fuerit
1911 2187 2330 2268 opportunum
2362 2211 2424 2250 ».
2458 2188 2529 2250 In
2578 2187 2804 2268 quibus
2835 2187 3160 2251 manifeste

698 2290 1047 2354 adstruitur
1095 2290 1396 2374 obligatio
1433 2291 1571 2354 orta
1609 2308 1681 2351 ex
1713 2286 2162 2369 superfluitate,
2199 2288 2445 2353 etiamsi
2485 2288 2705 2365 desint,
2746 2289 2855 2370 qui
2888 2291 3160 2353 extrema

695 2393 1060 2458 necessitate
1106 2393 1409 2457 laborent.
1462 2389 1578 2455 Sed
1624 2408 1746 2454 non
1803 2389 2041 2453 eruitur
2096 2391 2429 2455 necessitas
2476 2390 2661 2454 dandi
2706 2391 2853 2455 huic
2906 2391 3157 2474 petenti,

696 2496 815 2560 etsi
859 2496 1193 2560 necessitas
1235 2495 1523 2558 videatur
1554 2492 1785 2577 gravis.

785 2598 845 2664 S.
868 2597 1221 2663 Antoninus
1247 2614 1389 2659 vero
1424 2594 1771 2658 doctrinam
1801 2613 1979 2658 suam
2005 2597 2139 2659 ets.
2177 2595 2451 2661 Thomae
2483 2598 2572 2661 sic
2588 2598 2880 2680 proponit
2911 2600 3073 2680 part.
3094 2599 3157 2663 2.

693 2702 795 2765 tit.
835 2703 892 2763 1.
934 2720 1065 2782 cap.
1103 2699 1207 2762 24.
1246 2698 1303 2780 ξ.
1341 2698 1399 2760 5.
1435 2695 1704 2777 quodam
1754 2697 2133 2780 compendio.
2176 2723 2211 2757 ‹
2243 2698 2409 2763 Nota
2459 2700 2656 2783 igitur
2686 2718 2758 2763 ex
2789 2700 3155 2782 praedictis:

692 2803 892 2886 primo
942 2801 1107 2883 quod
1153 2819 1277 2864 non
1326 2799 1469 2862 dare
1503 2798 2019 2884 eleemosynam...
2056 2803 2204 2865 tunc
2251 2803 2346 2866 est
2391 2802 2676 2879 mortale,
2726 2802 2972 2883 quando
3021 2803 3157 2885 quis

692 2903 1024 2986 superflua,
1053 2904 1222 2967 ultra
1272 2902 1506 2966 scilicet
1551 2903 1894 2966 necessaria
1939 2905 2201 2967 naturae
2256 2906 2320 2968 et
2371 2923 2686 2987 personae,
2734 2906 2990 2978 habens,
3039 2925 3156 2971 non

693 3006 983 3070 subvenit
1028 3004 1295 3088 patienti
1340 3006 1681 3068 extremam
1709 3004 2160 3083 necessitatem,
2209 3025 2399 3087 quam
2446 3007 2641 3083 novit,
2677 3025 2794 3071 sec.
2829 3007 3157 3084 Thomam,

692 3107 1092 3184 Richardum,
1127 3106 1496 3171 Durandum
1531 3106 1593 3169 et
1622 3106 2045 3172 Hervaeum...
2080 3132 2116 3164 »

790 3236 826 3269 «
873 3209 1150 3275 Secundo
1207 3229 1350 3274 cum
1405 3209 1543 3290 quis
1591 3209 1786 3273 sciens
1835 3210 2173 3273 extremam
2220 3210 2653 3276 necessitatem
2701 3211 2986 3294 proximi,
3036 3231 3155 3277 non

692 3313 982 3378 subvenit
1029 3312 1083 3376 ei
1131 3312 1204 3376 de
1251 3332 1343 3386 eo,
1393 3311 1557 3393 quod
1604 3313 1701 3375 est
1756 3311 1873 3374 sibi
1919 3312 2332 3376 necessarium
2379 3331 2675 3395 personae
2720 3313 2883 3378 idest
2936 3314 3015 3378 ad
3060 3314 3162 3378 de-

691 3416 960 3480 centiam
1007 3416 1106 3480 sui
1153 3415 1358 3479 status
1406 3415 1470 3478 et
1515 3413 1808 3488 familiae,
1859 3412 1964 3477 sed
2011 3413 2393 3496 superfluum
2438 3416 2736 3479 naturae:
2778 3416 2842 3479 et
2872 3416 2991 3480 hoc
3036 3435 3153 3482 sec.

693 3519 1059 3582 Durandum
1093 3521 1156 3583 et
1202 3516 1646 3581 Richardum...
1687 3515 1804 3580 Sed
1837 3516 1895 3580 b.
1930 3515 2202 3580 Thomas
2242 3518 2302 3579 2.
2339 3517 2397 3579 2.
2434 3535 2491 3597 q.
2527 3517 2635 3580 32.
2668 3516 2838 3591 dicit,
2873 3518 2991 3581 hoc
3024 3536 3152 3582 esse

691 3622 806 3686 sub
869 3621 1155 3686 consilio:
1217 3619 1378 3684 unde
1426 3638 1549 3683 non
1601 3619 1882 3701 peccaret
1926 3618 2095 3682 istud
2145 3618 2458 3693 omittenS,
2509 3618 2733 3682 saltem
2779 3619 3153 3684 mortaliter.

691 3722 868 3803 Quod
915 3724 1073 3788 forte
1119 3722 1498 3805 intelligitur
1544 3721 1616 3783 de
1671 3720 1787 3783 tali
1840 3720 2180 3784 necessario
2236 3738 2549 3803 personae,
2599 3719 2759 3784 idest
2804 3721 3012 3801 quoad
3059 3722 3159 3785 de-

690 3826 975 3901 centiam,
1012 3826 1262 3906 propter
1286 3824 1462 3887 cuius
1495 3822 1835 3885 carentiam
1866 3821 2202 3885 sustineret
2231 3840 2461 3906 magna
2499 3822 2773 3905 pericula
2805 3822 2903 3885 vel
2927 3822 3152 3888 damna

689 3928 962 4010 corporis
1001 3929 1064 3989 et
1103 3926 1344 3988 animae
1370 3948 1404 3981 »
1449 3923 1563 4005 (a).

769 4188 831 4237 (a)
849 4185 898 4226 S.
919 4179 1210 4225 Antoninus
1228 4175 1558 4231 proculdubio
1579 4175 1760 4217 habuit
1779 4175 1891 4218 heic
1910 4188 2031 4229 prise
2047 4175 2209 4219 oculis
2229 4176 2379 4221 illum
2399 4178 2566 4223 locum
2584 4193 2623 4223 s.
2644 4180 2860 4224 'rhomae
2882 4183 2925 4225 2.
2945 4184 2988 4226 2.
3010 4197 3061 4238 q.
3083 4184 3159 4228 82.

688 4256 786 4295 art.
805 4252 848 4292 6.
879 4249 966 4302 qui
999 4246 1230 4300 sequitur
1258 4245 1322 4286 ad
1351 4243 1439 4286 cit.
1470 4256 1520 4285 n.
1551 4242 1669 4284 iffi:
1696 4260 1714 4277 ‹
1743 4242 1860 4283 Alio
1889 4242 2036 4285 modo
2065 4243 2254 4287 dicitur
2281 4245 2489 4299 aliquod
2519 4259 2624 4290 esse
2654 4249 3013 4302 necessarium,
3044 4251 3152 4294 sine

686 4329 787 4371 quo
816 4328 916 4357 non
955 4314 1121 4367 potest
1156 4309 1516 4353 convenienter
1559 4310 1668 4352 vita
1697 4308 1911 4363 transigi
1941 4310 2220 4353 secundum
2249 4312 2588 4357 conditionem
2618 4319 2669 4357 et
2698 4320 2893 4358 statum
2921 4318 3154 4371 propriae

685 4391 927 4435 personae
955 4382 1005 4420 et
1032 4377 1254 4419 aliarum
1283 4386 1628 4428 personarum,
1658 4386 1879 4428 quarum
1905 4387 2030 4418 eura
2058 4377 2105 4418 ei
2132 4376 2434 4423 incumbit...
2465 4380 2537 4423 Ds
2563 4382 2855 4425 huiusmodi
2884 4396 3003 4439 ergo
3031 4387 3156 4429 eles-

684 4458 947 4499 mosynam
990 4444 1110 4487 dare
1152 4447 1229 4486 est
1269 4443 1453 4485 bonum
1482 4446 1532 4484 et
1563 4454 1663 4485 non
1693 4442 1831 4484 cadit
1865 4441 1957 4485 sub
1986 4448 2266 4497 praecepto,
2298 4447 2384 4488 sed
2411 4447 2506 4489 snb
2533 4448 2758 4493 consilio.
2790 4449 3149 4496 Inordinatum

685 4517 815 4557 esset
844 4516 1015 4554 autem
1057 4509 1099 4551 si
1129 4509 1314 4564 aliquis
1357 4511 1561 4550 tantum
1605 4508 1699 4549 sibi
1728 4508 1788 4551 de
1821 4507 1962 4551 bonis
2001 4509 2219 4563 proprus
2247 4510 2588 4562 subtraheret,
2619 4518 2678 4557 ut
2707 4515 2822 4557 aliis
2853 4516 3146 4571 largiretur,

684 4581 818 4636 qnod
849 4580 911 4623 de
938 4578 1137 4623 residuo
1165 4590 1264 4620 non
1293 4580 1457 4631 posset
1477 4577 1638 4619 vitam
1667 4575 1950 4629 transigere
1969 4577 2331 4621 convenienter
2348 4579 2626 4623 secundum
2658 4584 2922 4637 proprium
2950 4588 3145 4629 statum
