3497 5147
302 364 435 440 [294]
673 380 760 420 nn
795 379 1261 421 coornmnonn
1297 379 1540 423 033331(
1576 381 1922 423 seucum
1960 382 2349 423 mosenum
2634 368 2745 424 213

296 477 604 542 commode
636 477 777 541 aliis
809 477 1066 542 vendere
1097 496 1220 542 non
1251 477 1468 560 possit.
1501 476 1734 541 Eadem
1757 477 1831 541 de
1868 496 2057 542 03333
2090 496 2211 542 303
2248 478 2460 542 licebit
2482 478 2741 543 vendere

296 580 385 643 130
418 579 512 656 113,
553 580 660 661 (131
691 580 1039 644 miscebunt
1070 598 1318 661 aquam,
1353 579 1473 643 nisi
1501 580 1674 643 metu
1706 580 1927 643 mortis
1960 580 2074 643 331
2109 578 2434 643 infamiae!

382 681 609 746 Verum
640 684 939 747 Doctores
985 683 1121 746 heic
1151 681 1456 765 duplicem
1504 681 1740 746 faciunt
1772 682 2227 763 quaestionem:
2270 682 2338 744 1³
2367 682 2462 745 est
2494 681 2741 762 quando

294 785 494 849 vinum
528 786 802 850 traditur
838 784 978 849 aliis
1009 783 1395 850 vendendum
1426 803 1548 848 non
1579 802 1794 849 eorum
1840 783 2088 848 nomine
2118 783 2224 848 sed
2262 783 2509 849 nomine
2545 784 2742 866 ipsius

290 886 535 963 domini,
566 888 633 951 et
667 887 818 952 tunc
847 905 972 951 non
1008 887 1155 950 licet
1199 886 1576 969 permittere,
1624 888 1699 950 ut
1746 886 1857 949 alii
1888 886 2230 950 abutantur
2259 885 2376 950 hac
2407 884 2741 952 traditione

292 989 365 1053 ad
394 988 813 1054 simulandum
836 989 1071 1053 bonum
1092 989 1156 1053 et
1186 988 1601 1070 permiscenda
1633 988 1760 1052 alia
1789 988 2113 1052 elementa.

457 1094 528 1156 2⁰
560 1092 674 1155 Est
703 1091 949 1173 quando
982 1091 1265 1157 absolute
1296 1090 1583 1155 venditur
1616 1090 1798 1154 alteri
1843 1092 1908 1154 et
1953 1090 2053 1154 hic
2099 1109 2213 1155 330
2260 1091 2506 1155 nomine
2537 1091 2743 1155 vendi-

290 1199 458 1259 turus
489 1211 721 1275 aquam
750 1193 1094 1277 permiscet.
1129 1192 1268 1272 Qua
1304 1192 1378 1257 de
1409 1212 1473 1256 re
1512 1193 1878 1257 Tamburini
1912 1194 1980 1256 in
2009 1191 2229 1256 Deeal.
2263 1194 2372 1257 lib.
2412 1194 2469 1257 1.
2504 1212 2639 1275 cap.
2680 1194 2738 1257 1.

289 1298 346 1380 ἓ.
376 1298 434 1359 4.
467 1315 530 1360 3.
558 1296 664 1359 37.
706 1320 740 1353 «
780 1294 846 1360 Si
878 1294 1094 1359 eadem
1130 1295 1357 1360 vendas
1405 1296 1564 1371 31113,
1605 1314 1761 1377 (1303
1798 1296 1918 1361 3013
1955 1316 2063 1379 per
2091 1296 2372 1361 fraudem
2406 1317 2464 1360 v.
2500 1317 2594 1381 gr.
2629 1297 2741 1362 mi-

289 1397 497 1462 scendo
536 1415 768 1479 aquam
800 1397 942 1462 vino
990 1397 1130 1461 aliis
1177 1416 1307 1462 esse
1355 1397 1799 1475 revendituroS,
1827 1400 1976 1463 tunc
2006 1398 2175 1462 licite
2206 1399 2457 1482 poteris,
2492 1399 2738 1481 quando

293 1500 376 1573 tu,
405 1499 525 1563 nisi
561 1498 636 1563 iis
668 1497 976 1576 vendereS,
1010 1498 1344 1564 difficulter
1375 1500 1473 1562 vel
1504 1518 1647 1562 cum
1685 1501 1797 1564 tuo
1846 1500 2071 1565 damno
2105 1500 2245 1564 aliis
2277 1501 2535 1565 vendere
2567 1519 2742 1584 coge-

286 1602 448 1678 reris,
482 1621 631 1666 nam
661 1602 719 1666 31
748 1601 905 1666 31133
951 1601 1080 1666 3133
1128 1603 1238 1666 130
1287 1600 1512 1666 damno
1562 1620 1756 1683 aeque
1801 1620 2030 1685 1103333,
2065 1621 2174 1665 031
2204 1622 2278 1667 ex
2309 1603 2570 1666 caritate
2616 1621 2739 1667 non

283 1703 498 1769 debeas
518 1708 549 1768 P
573 1730 634 1767 ».

371 1806 452 1871 Et
480 1805 799 1871 convenire
835 1805 1126 1870 debemus
1158 1804 1606 1889 obligationem
1642 1825 1715 1870 ex
1744 1807 2007 1870 caritate
2044 1805 2346 1889 proficisci
2383 1807 2449 1869 κ’
2473 1806 2742 1888 ,cavendi

288 1911 606 1990 peccatum
656 1908 1036 1984 mercatoris,
1088 1910 1159 1971 2Ο
1205 1907 1501 1972 damnum
1564 1908 1921 1973 ementium.
1974 1909 2207 1973 Verum
2268 1910 2443 1991 patet
2496 1909 2736 1985 statim,

284 2010 353 2074 1⁰
380 2012 685 2077 actionem
711 2032 917 2077 meam
946 2012 1359 2077 remotissime
1374 2012 1683 2077 seihabere
1702 2011 1780 2076 ad
1794 2012 1950 2077 illud
1982 2016 2338 2095 peccatum:
2376 2013 2446 2076 2⁰
2462 2032 2582 2077 non
2601 2013 2738 2077 ideo

282 2116 684 2180 mercatorem
715 2116 1102 2180 cessaturum
1134 2115 1211 2178 ab
1250 2114 1402 2191 arte,
1442 2115 1590 2196 quia
1636 2116 1856 2179 statim
1903 2115 2175 2179 inveniet
2221 2115 2436 2179 vinum
2470 2116 2548 2179 ab
2579 2116 2734 2180 alio:

277 2217 347 2279 3⁰
389 2236 521 2282 esse
557 2217 865 2283 eiusmodi
900 2217 1216 2292 damnum,
1250 2215 1417 2299 quod
1462 2236 1583 2282 non
1629 2216 1924 2300 ignorant
1970 2217 2243 2282 ementes
2283 2236 2319 2280 a
2357 2219 2732 2294 mercatore;

277 2318 424 2384 adeo
457 2322 532 2384 ut
564 2320 668 2383 vix
698 2319 952 2402 reperiri
996 2319 1194 2402 possit
1239 2317 1437 2383 solida
1484 2318 1666 2394 ratio,
1706 2338 1817 2383 031
1862 2320 2046 2383 113133
2094 2337 2216 2383 303
2258 2318 2483 2382 vendat
2510 2338 2739 2384 merca-

282 2421 418 2495 tori,
451 2422 506 2486 si
539 2421 701 2486 alias
730 2419 1122 2486 incommoda
1157 2420 1291 2503 pati
1322 2420 1562 2485 debeat.
2201 2476 2214 2480 -

362 2524 599 2591 Verum
632 2523 965 2589 durissima
997 2526 1092 2589 331
1121 2523 1419 2590 resolutio
1458 2542 1506 2588 3.
1534 2524 1855 2608 Alphonsi,
1882 2524 1992 2607 qui
2024 2524 2229 2589 solum
2251 2526 2492 2590 metum
2514 2526 2737 2591 mortis

270 2629 341 2692 et
370 2627 668 2693 infamiae
699 2646 986 2692 excusare
1023 2626 1207 2703 dicit3
1242 2627 1588 2708 quasivero
1614 2626 1931 2705 damnum,
1958 2627 2125 2710 quod
2157 2628 2430 2706 affertur,
2465 2628 2550 2692 sit
2580 2629 2737 2693 eius·

274 2730 457 2809 modi,
490 2731 667 2815 quod
698 2731 797 2795 vel
834 2730 1115 2795 omnium
1161 2730 1466 2794 bonorum
1511 2730 1841 2795 amissione
1872 2730 2011 2811 quis
2048 2749 2263 2795 cavere
2295 2730 2532 2809 debeat,
2570 2731 2737 2813 quod

266 2836 363 2898 est
395 2836 583 2918 plane
618 2834 989 2898 exorbitans.
1024 2831 1122 2896 Ad
1153 2850 1468 2897 summum
1500 2831 1739 2916 exigere
1778 2832 2006 2915 posset,
2041 2852 2115 2897 ne
2160 2834 2363 2898 multo
2411 2835 2614 2900 maius
2652 2835 2738 2899 sit

270 2936 569 3003 damnum
606 2936 749 3000 aliis
780 2935 1183 3000 inferendum.
1216 2935 1304 2998 At
1334 2935 1386 2998 si
1419 2954 1476 2997 v.
1510 2955 1604 3018 gr.
1641 2934 1898 2999 vendere
1930 2954 2051 2999 non
2084 2937 2291 3018 posset
2331 2937 2545 3000 vinum
2572 2938 2730 3015 aliis,

272 3042 593 3123 pateretur
618 3040 676 3104 is
701 3039 993 3103 damnum
1010 3038 1213 3103 multo
1232 3038 1454 3116 maius,
1475 3057 1663 3120 quam
1681 3038 1847 3120 quod
1873 3039 2126 3103 affertur
2150 3040 2496 3104 ementibus
2522 3057 2557 3101 a
2583 3059 2738 3104 mer-

265 3147 494 3210 catore.
529 3143 739 3224 Atqui
769 3162 967 3208 nonne
998 3143 1129 3225 ipse
1160 3162 1209 3207 s.
1245 3142 1479 3207 Doctor
1502 3141 1750 3216 statuit,
1777 3160 1890 3206 nos
1928 3160 2049 3206 non
2082 3142 2295 3216 teneri,
2323 3142 2377 3206 si
2401 3161 2591 3224 grave
2623 3162 2735 3207 nos

266 3247 572 3312 damnum
606 3247 864 3310 maneat
892 3245 1056 3328 (sup.
1089 3267 1151 3310 n.
1186 3245 1405 3328 268.)?

372 3437 674 3492 Lxxxix.
694 3438 744 3490 7.
770 3440 856 3502 En,
874 3451 999 3502 (1333
1017 3439 1076 3489 33
1107 3443 1355 3503 peccatum
1383 3435 1601 3502 proxime
1626 3445 1924 3490 concurrunt
1953 3441 2029 3489 vet
2054 3437 2288 3490 inducunt
2315 3440 2393 3489 vel
2420 3452 2529 3490 cum
2550 3437 2735 3493 iustitia

270 3533 502 3590 pugnant,
529 3520 636 3576 etsi
661 3536 724 3574 ex
746 3535 921 3585 genere
946 3535 1037 3572 suo
1062 3519 1158 3574 3131
1182 3519 1521 3582 indifferentia,
1551 3534 1597 3573 v.
1622 3535 1697 3584 gr.
1725 3525 1846 3573 11310
1872 3523 2079 3574 alterum
2111 3520 2335 3574 occisuro
2363 3520 2575 3584 gladium
2602 3524 2735 3585 (1313,

268 3612 536 3663 ostendere
556 3607 722 3670 1111131,
744 3605 826 3671 (131
852 3608 910 3658 33
940 3620 1105 3659 necem
1132 3604 1405 3671 quaeritur,
1423 3609 1730 3671 compulsare
1756 3620 2038 3670 campanam
2065 3605 2189 3668 (sine
2217 3607 2447 3658 scandalo
2476 3609 2656 3672 tamen)
2678 3610 2737 3661 ad

270 3693 560 3748 concionem
603 3689 920 3753 haereticam,
946 3689 1262 3754 meretricem,
1289 3688 1381 3742 etsi
1418 3691 1708 3742 conductam
1747 3705 1803 3742 30
1831 3697 2064 3755 paratam,
2096 3704 2122 3744 e
2164 3693 2309 3742 domo
2347 3703 2554 3743 evocare
2593 3698 2642 3745 31
2679 3695 2737 3745 33

270 3781 442 3832 uerum
483 3778 757 3837 deducere,
785 3773 874 3827 turi
906 3777 1084 3827 3031331
1123 3771 1384 3840 applicare,
1412 3772 1598 3836 gerenti
1623 3772 1856 3826 iniustum
1890 3774 2069 3826 11311313
2110 3776 2229 3826 (1313
2269 3781 2464 3827 mutuas
2489 3775 2736 3842 pecunias,

269 3876 443 3927 mum
470 3858 740 3916 haeretico
764 3857 961 3912 domino
990 3860 1220 3921 vendere,
1247 3855 1583 3921 gravissimam
1621 3873 1818 3912 causam
1857 3856 2124 3924 requirunt,
2159 3862 2254 3913 1100
2292 3865 2384 3925 est,
2411 3866 2593 3913 metum
2619 3862 2743 3917 tanti

267 3946 396 4011 (3311,
422 3947 565 4012 quod
596 3945 869 3997 secundum
895 3946 1027 4006 leges
1051 3941 1268 3997 caritatis
1304 3957 1446 3996 nemo
1485 3948 1707 3998 13333131
1730 3942 1900 3996 subire
1925 3946 1983 3996 ad
2013 3942 2291 3998 evitandum
2313 3948 2492 3998 3131313
2519 3946 2739 4013 atterius,

270 4045 313 4082 1.
336 4047 407 4097 gr.
433 4031 477 4084 31
507 4029 644 4083 alias
669 4027 965 4080 occidendus
990 4033 1135 4081 esset.
1164 4030 1331 4092 haym.
1358 4043 1400 4080 0.
1440 4029 1513 4080 13.
1543 4043 1588 4080 3.
1617 4029 1664 4080 4.

350 4167 544 4244 294.
583 4168 653 4234 S.
694 4168 877 4252 Alph.
916 4188 975 4232 n.
1018 4167 1123 4230 66.
1165 4167 1241 4231 33
1274 4167 1413 4231 fin.:
1461 4193 1495 4225 «
1527 4168 1829 4231 TRADERE
1879 4185 2090 4232 An‘rnn
2137 4187 2416 4235 oLAan
2465 4172 2739 4236 00013310

264 4292 599 4358 nunquam
632 4270 801 4346 licet,
841 4269 988 4351 quia
1023 4288 1146 4333 non
1191 4268 1337 4332 licet
1383 4268 1575 4333 occidi
1605 4271 2013 4348 innocentem,
2047 4276 2120 4336 ut
2153 4273 2225 4335 tu
2257 4272 2522 4336 mortem
2559 4273 2739 4347 vites,

272 4380 339 4442 ut
370 4379 528 4441 bene
563 4373 798 4438 docent
836 4369 1114 4435 Conci-na
1150 4373 1213 4435 et
1247 4369 1562 4452 Tournely
1592 4370 1755 4437 idest
1795 4369 1996 4436 Collet
2025 4398 2085 4436 ».

350 4479 559 4561 Atqui
597 4475 806 4539 instar
836 4473 1100 4558 prodigii
1133 4472 1312 4549 foret,
1345 4473 1399 4537 si
1436 4474 1582 4555 quid
1621 4474 1767 4539 boni
1798 4475 1973 4539 nobis
1999 4474 2338 4553 offerretur,
2374 4477 2538 4557 quod
2563 4495 2741 4539 nemo

272 4584 629 4649 Doctorum
664 4576 1016 4659 perviderit,
1055 4575 1429 4659 perviderint
1461 4577 1669 4640 tamen
1711 4575 1986 4640 Concina
2021 4578 2080 4640 et
2122 4575 2336 4641 Collet.
