3497 5147
419 347 492 423 [5]
691 363 844 411 Qun)
884 363 1064 406 rmus
1103 364 1273 412 Quam
1310 366 1618 407 msa-mim
1657 367 1829 408 rernm
1868 366 2243 408 montesauro
2279 366 2612 407 CREDENDA
2844 354 2878 408 Β

418 462 649 537 tamen,
686 461 761 524 ut
790 461 884 525 ait
913 479 963 524 s.
998 461 1289 539 Thomas,
1322 461 1492 540 ibid.‚
1532 463 1648 527 sub
1681 482 2000 527 assensum
2046 462 2189 527 fidei
2220 483 2340 528 non
2374 464 2603 528 cadunt
2635 465 2879 549 (nempe

416 560 695 626 revelata
728 563 904 645 sunt)
936 562 1058 626 nisi
1087 564 1426 628 secundum
1456 564 1620 644 quod
1653 565 1883 629 habent
1915 565 2187 647 aliquem
2230 565 2503 631 ordinem
2541 566 2617 630 ad
2655 568 2877 640 Deum,

418 666 605 747 prout
635 663 871 729 scilicet
918 684 1025 747 per
1070 665 1312 747 aliquos
1350 666 1699 731 divinitatis
1738 668 1989 731 effectus
2028 667 2213 731 homo
2249 667 2582 732 adiuvatur
2628 668 2705 731 ad
2752 670 2880 733 ten·

419 765 688 830 dendum
725 767 788 830 in
827 765 1103 831 divinam
1140 766 1518 833 finitionem.
1558 768 1641 832 Et
1676 768 1814 833 ideo
1852 768 2043 833 etiam
2090 787 2160 832 ex
2200 769 2316 832 hac
2362 772 2537 851 parte
2572 771 2878 835 obiectum

420 867 562 932 fidei
592 871 689 933 est
720 867 1177 951 quodammodo
1210 870 1440 935 veritas
1480 871 1680 952 prima
1712 870 2092 955 (ontologice
2126 873 2452 955 spectata),
2477 872 2543 935 in
2575 875 2879 953 quantum

419 972 576 1036 nihil
606 972 774 1037 cadit
803 974 921 1038 sub
957 973 1093 1051 fide,
1134 974 1253 1039 nisi
1284 975 1348 1038 in
1383 974 1593 1039 ordine
1627 975 1703 1040 ad
1740 976 1962 1040 Deum.

510 1072 670 1139 Cum
706 1075 947 1140 credere
979 1075 1057 1140 ad
1093 1076 1480 1142 intellectum
1511 1078 1837 1160 pertineat,
1863 1081 2051 1160 prout
2087 1080 2181 1142 est
2213 1079 2422 1143 motus
2456 1097 2492 1142 a
2526 1079 2872 1159 voluntate,

423 1179 600 1244 actus
630 1178 775 1242 fidei
811 1177 1224 1264 distinguitur
1253 1199 1360 1262 per
1388 1180 1505 1244 hoc
1552 1179 1719 1262 quod
1751 1185 1844 1245 est
1874 1180 2120 1245 credere
2166 1179 2324 1254 Deo,
2358 1180 2604 1245 credere
2650 1180 2878 1256 Deum,

424 1280 670 1345 credere
700 1281 772 1343 in
800 1279 1028 1345 Deum.
1067 1279 1390 1346 Credimus
1423 1283 1552 1347 Deo
1584 1283 1884 1349 revelanti
1916 1286 1979 1347 et
2010 1283 2275 1347 habetur
2304 1283 2466 1348 ratio
2503 1283 2727 1348 obiecti
2757 1283 2876 1348 for-

418 1384 635 1448 malis:
669 1383 975 1449 credimus
1006 1384 1209 1449 Deum
1241 1402 1373 1449 esse
1409 1388 1475 1449 et
1505 1404 1930 1467 quaecumque
1955 1384 2028 1449 de
2059 1385 2190 1449 Deo
2215 1384 2523 1461 dicuntur,
2550 1404 2708 1466 quae
2734 1387 2882 1449 sunt

422 1484 733 1551 obiectum
764 1485 1120 1550 materiale:
1159 1486 1464 1551 credimus
1496 1486 1559 1550 in
1591 1487 1813 1565 Deum,
1841 1486 2176 1551 secundum
2207 1486 2370 1567 quod
2403 1485 2755 1551 intellectus
2788 1488 2883 1550 est

419 1589 630 1652 motus
677 1606 713 1651 a
763 1587 1109 1665 voluntate,
1146 1607 1304 1669 quae
1352 1588 1417 1652 in
1464 1589 1666 1652 Deum
1714 1588 1899 1653 finem
1946 1607 2130 1653 suum
2176 1587 2402 1663 tendit;
2452 1588 2681 1652 veritas
2720 1587 2883 1652 enim

424 1690 623 1772 prima
654 1689 732 1754 ad
773 1690 1165 1754 voluntatem
1204 1690 1488 1768 refertur,
1529 1690 1866 1754 secundum
1913 1689 2077 1771 quod
2122 1690 2309 1753 habet
2354 1690 2660 1753 rationem
2704 1688 2879 1752 finis:

427 1810 477 1854 s.
507 1792 778 1857 Thomas
809 1791 956 1856 ibid.
996 1810 1056 1873 q.
1098 1795 1157 1857 2.
1194 1812 1249 1857 a.
1288 1794 1348 1856 2.

516 1893 696 1957 Fides
724 1893 946 1967 idcirco
979 1894 1332 1979 theologica
1377 1894 1711 1959 resolvitur
1758 1894 2052 1958 ultimate
2086 1912 2196 1958 0911
2232 1894 2298 1958 111
2329 1894 2638 1958 motivum
2669 1893 2885 1957 intrin-

432 2014 642 2059 secum
674 1998 737 2060 et
768 1996 1081 2075 ultimum,
1120 1997 1185 2061 in
1228 1997 1597 2080 sapientiam
1645 2015 1922 2061 veracem
1956 1996 2104 2059 Dei:
2139 1996 2287 2077 quia
2319 2014 2462 2060 vero
2511 2015 2668 2077 quae
2715 1996 2883 2060 Deus

421 2099 738 2177 revelavit,
771 2100 949 2165 nobis
987 2100 1317 2166 manifesta
1353 2100 1517 2164 fiunt
1548 2100 1915 2184 Magisterio
1953 2099 2268 2163 infallibili
2291 2098 2629 2174 Ecclesiae3
2655 2098 2793 2163 ideo
2821 2100 2885 2162 et

420 2201 484 2266 in
519 2202 960 2267 auctoritatem
999 2202 1306 2267 Ecclesiae
1341 2202 1680 2267 resolvitur
1711 2201 1858 2266 fides
1892 2204 2192 2283 tanquam
2224 2202 2285 2265 in
2320 2202 2557 2265 certum
2591 2203 2653 2265 et
2687 2219 2887 2265 neces-

420 2304 655 2368 sarium
690 2323 1014 2389 organum,
1049 2323 1172 2386 quo
1206 2305 1480 2369 revelata
1516 2303 2048 2386 apprehendimus.
2075 2303 2281 2384 Atque
2313 2303 2411 2366 hic
2437 2306 2531 2367 est
2565 2303 2884 2367 character

418 2407 559 2473 fidei
589 2408 951 2485 catholicae,
988 2427 1147 2491 quae
1177 2411 1273 2473 est
1302 2408 1484 2472 unica
1515 2426 1660 2472 vera
1692 2407 1860 2472 fides
2738 2418 2745 2429 ·

509 2505 581 2580 4.
617 2511 789 2577 Haec
819 2511 989 2590 fideS‚
1027 2530 1151 2592 qua
1184 2511 1315 2576 Deo
1349 2511 1648 2578 revelanti
1689 2510 2015 2587 credimus,
2050 2511 2146 2575 est
2175 2508 2546 2593 principium
2576 2512 2638 2571 et
2669 2508 2885 2572 funda-

422 2615 702 2679 mentum
738 2614 1226 2691 iustificationiS‚
1259 2633 1383 2679 non
1422 2613 1593 2678 aliud
1625 2613 1794 2695 quid,
1836 2613 2000 2696 quod
2038 2613 2371 2695 improprie
2408 2612 2664 2678 vocetur
2698 2610 2880 2688 fidet-13

422 2717 517 2780 ita
558 2720 631 2781 111
673 2717 1002 2783 iustificari
1036 2717 1177 2798 quis
1207 2718 1416 2782 valeat
1451 2717 1642 2781 etiam
1673 2716 1805 2780 sine
1834 2715 1953 2780 fide
1982 2716 2192 2780 innixa
2223 2715 2467 2779 divinae
2497 2713 2881 2790 revelationi,

424 2818 585 2900 quod
618 2819 848 2885 falsum
879 2821 991 2885 est.
1033 2819 1393 2884 Tridentina
1425 2819 1587 2883 enim
1621 2817 1904 2902 Synodus
1935 2837 2082 2882 8988.
2109 2818 2170 2882 6.
2198 2818 2514 2881 affirmans
2545 2816 2728 2881 fidem
2754 2835 2884 2881 esse

419 2919 669 2985 initium
701 2923 766 2985 et
794 2920 1273 2986 fundamentum
1306 2920 1767 2984 iustificationis
1815 2919 2013 2984 omnis
2045 2940 2095 2984 0.
2132 2921 2192 2983 8.
2228 2919 2300 2984 de
2334 2938 2406 2983 ea
2443 2918 2562 2984 fide
2598 2920 2761 2983 certe
2791 2918 2885 2984 lo-

419 3022 651 3104 quitur,
672 3041 795 3106 qua
827 3023 984 3087 dixit
1019 3044 1071 3087 0.
1106 3023 1167 3087 6.
1207 3023 1448 3087 credere
1484 3022 1765 3087 homines
1798 3024 1927 3087 Deo
1970 3042 2041 3086 ea
2073 3041 2231 3104 quae
2278 3021 2576 3086 divinitus
2608 3022 2885 3086 revelata

420 3126 655 3188 suntet
679 3126 1002 3208 promissa.
1032 3125 1115 3189 Et
1144 3145 1285 3190 cum
1315 3125 1657 3208 Apostolus
1692 3124 1769 3189 ad
1801 3125 1989 3190 Hebr.
2024 3124 2134 3187 XI.
2171 3124 2230 3188 6.
2257 3124 2436 3189 docet
2459 3126 2588 3189 sine
2619 3124 2737 3189 fide
2767 3125 2886 3190 im-

421 3227 711 3309 possibile
741 3245 872 3292 esse
904 3228 1144 3310 placere
1177 3229 1328 3300 Deo,
1367 3226 1442 3291 de
1476 3246 1548 3290 ea
1580 3226 1696 3291 fide
1743 3226 2042 3308 loquitur,
2083 3246 2270 3308 quam
2309 3227 2490 3292 initio
2521 3227 2743 3309 capitis
2790 3226 2888 3291 de·

421 3327 687 3404 finierat,
728 3347 885 3411 quae
924 3331 1018 3394 981
1057 3329 1218 3394 fides
1250 3329 1463 3393 stricte
1496 3330 1767 3412 sumpta.
1801 3329 1962 3392 Hinc
1994 3329 2290 3392 damnata
2320 3331 2696 3413 propositio:
2730 3329 2888 3410 fides

418 3427 543 3493 late
574 3429 741 3494 dicta
772 3451 849 3495 ex
884 3434 973 3495 tes
988 3432 1240 3495 timonio
1264 3434 1698 3494 creaturarum
1720 3430 1987 3495 similive
2010 3431 2253 3508 metim,
2277 3429 2367 3493 ad
2383 3432 2888 3510 iustificationem

420 3533 676 3612 sufficit,
705 3552 864 3615 quae
889 3534 984 3598 est
1009 3534 1114 3597 23.
1144 3554 1216 3598 ex
1239 3533 1550 3597 damnatis
1584 3535 1660 3597 ab
1692 3533 2050 3598 Innocentio
2063 3532 2174 3596 XI.
2197 3531 2419 3597 Confer
2434 3534 2610 3616 Lugo
2630 3533 2702 3597 de
2723 3532 2885 3596 Fide

427 3634 487 3697 d.
520 3637 620 3699 12.
648 3640 795 3700 sect.
838 3638 898 3699 2.

517 3738 716 3819 Atque
749 3739 898 3802 haec
939 3737 1012 3801 de
1035 3737 1154 3801 fide
1176 3738 1605 3820 praestituisse
1636 3739 1935 3814 sufficiat3
1971 3757 2081 3819 pro
2112 3736 2335 3803 morali
2367 3755 2491 3818 seq.
2519 3737 2820 3802 doctrina.
2848 3739 2882 3776 ’¹‘

1466 3904 1736 3972 CAPUT
1785 3906 1834 3971 Ι.

791 4066 956 4125 QUAE
1004 4066 1315 4114 MYSTERIA
1362 4067 1528 4114 FIDEI
1574 4065 1949 4113 NECESSARIO
1999 4065 2326 4113 CREDENDA
2373 4065 2508 4111 SINT

528 4180 561 4229 1.
590 4179 662 4229 Ex
689 4175 766 4238 iis,
798 4189 921 4241 quae
948 4177 1117 4229 fideles
1143 4174 1372 4241 explicite
1410 4175 1616 4228 credere
1655 4181 1897 4237 tenentur,
1929 4175 2165 4238 quaedam
2193 4172 2472 4226 necessario
2501 4175 2743 4227 credenda
2776 4184 2890 4232 sunt

424 4260 712 4315 necessitate
728 4259 878 4314 medii
897 4274 983 4314 seu
1013 4258 1138 4323 linis,
1156 4259 1265 4313 siue
1281 4258 1479 4325 quihus,
1502 4258 1651 4313 etiam
1671 4257 2032 4325 inculpabiliter
2051 4256 2303 4322 ignoratis,
2322 4256 2431 4310 fluis
2452 4256 2650 4311 ultimus
2671 4258 2885 4313 obtineri

424 4344 612 4410 nequit:
642 4343 735 4398 alia
762 4343 1056 4398 necessitate
1082 4343 1353 4412 praecepti,
1378 4343 1481 4397 sine
1507 4343 1688 4409 quihus
1712 4342 2077 4408 inculpabiliter
2097 4339 2308 4407 omissis,
2330 4341 2440 4395 nnis
2470 4349 2628 4409 potest
2655 4343 2887 4398 obtineri.

422 4430 597 4482 Sanch.
626 4433 673 4483 2.
705 4431 848 4485 Mor.
878 4445 921 4482 c.
949 4431 998 4483 2.
1025 4433 1172 4494 Amr,
1199 4430 1394 4482 Valent.
1419 4428 1491 4483 de
1520 4426 1663 4482 Fide.

509 4551 577 4624 5.
614 4556 706 4619 De
752 4553 1115 4620 necessitate
1155 4552 1345 4618 medii
1391 4556 1454 4618 et
1486 4554 1812 4633 praecepti
1854 4553 2134 4634 loquitur
2181 4551 2255 4615 A.
2305 4554 2367 4614 91
2414 4550 2756 4614 00111111111118
2795 4552 2890 4614 981

425 4656 759 4739 explicatio
805 4656 1119 4733 Α11010118,
1169 4658 1242 4719 111
1288 4655 1409 4720 duo
1478 4656 1625 4719 haec
1682 4655 2148 4738 distinguantur
2193 4672 2263 4716 ex
2309 4653 2444 4729 hoc,
2493 4650 2740 4731 quoda
2788 4669 2891 4732 po-
