3497 5147
786 360 895 416 438
944 374 1160 416 mAcr.
1186 375 1264 416 vx.
1292 373 1454 416 snm.
1483 374 1549 414 11.
1574 375 1659 414 mn
1682 373 1963 417 smcuuno
1987 375 2206 417 PRAnc.
2232 374 2565 416 ottonom.
2591 373 2720 416 ou.
2745 375 2808 414 11.
2833 375 2963 416 nun.
2987 376 3034 416 v.
3066 359 3191 435 [5701

896 470 1086 523 XXXl.
1110 471 1160 521 5.
1188 469 1285 537 Qui
1310 467 1530 523 exterius
1561 475 1750 522 tantum
1788 469 1971 523 iuravit
2009 469 2115 524 sine
2153 469 2313 523 animo
2348 469 2562 536 iurandi,
2593 485 2687 524 nou
2713 470 2955 534 obligatur,
2981 471 3060 524 nisi
3091 475 3194 526 torte

788 553 978 608 ratione
1000 551 1243 621 scandali;
1270 568 1381 607 cum
1419 569 1515 606 non
1553 553 1808 616 iuraverit,
1835 557 1922 608 sed
1961 554 2150 608 luserit.
2178 557 2238 608 ln
2280 557 2387 608 loro
2426 562 2586 608 tamen
2624 561 2816 608 externo
2858 562 3004 622 potest
3025 555 3129 620 cogi,
3151 563 3195 610 ut

789 640 1169 693 εει-1613611611.
1197 638 1247 690 7.
1275 638 1416 694 Mor.
1442 652 1487 691 6.
1520 639 1599 691 lo.
1630 653 1675 690 n.
1706 640 1788 690 tt.
1817 641 1972 692 Trull.
2002 640 2033 693 l.
2065 643 2112 693 2.
2141 654 2184 693 c.
2217 642 2260 691 l.
2293 640 2341 692 d.
2371 641 2455 691 lo.

880 750 972 813 De
1003 750 1119 813 hac
1153 768 1218 813 re
1248 748 1471 813 melius
1517 749 1581 811 in
1629 748 1775 813 dub.
1808 768 1934 832 seq.
1968 749 2157 814 Patet
2205 751 2436 829 autem,
2473 749 2640 832 quod
2690 768 2809 815 non
2842 751 3122 835 obligatur
3146 752 3197 815 vi

791 851 1124 915 iuramenti
1172 869 1281 915 seu
1325 869 1396 914 ex
1442 849 1760 935 religione.

1893 1061 2053 1125 Dus.
2096 1060 2172 1125 V.

1072 1201 1242 1281 Quae
1275 1203 1335 1263 et
1361 1204 1597 1280 quanta
1627 1199 1716 1262 sit
1758 1198 2054 1279 obliyatio
2101 1200 2446 1263 iuramenti
2485 1200 2902 1279 promissorii.

901 1359 1110 1412 xxxn.
1133 1359 1281 1424 Resp.
1314 1358 1358 1408 t.
1383 1358 1434 1409 ln
1459 1353 1732 1409 iuramento
1758 1352 2077 1420 promissorio
2115 1356 2239 1408 duae
2276 1358 2579 1410 affirmantur
2628 1355 2881 1421 veritates,
2905 1370 2993 1409 uua
3025 1357 3076 1406 de
3098 1367 3202 1421 prae·

797 1443 923 1498 senti
947 1441 1193 1510 primaria,
1218 1442 1348 1506 quod
1378 1439 1563 1493 scilicet
1600 1439 1768 1491 iurans
1808 1441 1985 1491 habeat
2025 1438 2237 1491 animum
2277 1437 2534 1505 implendi,
2561 1442 2689 1504 quod
2737 1439 2977 1505 promittit,
3004 1441 3129 1492 altera
3148 1451 3208 1489 se·

791 1528 1023 1582 cundaria
1050 1529 1319 1589 delutum,
1349 1527 1479 1591 quod
1518 1523 1705 1577 scilieet
1739 1519 2035 1589 impleturus
2063 1523 2123 1576 sil
2153 1538 2245 1576 suo
2280 1531 2525 1591 tempore,
2552 1526 2683 1590 quod
2730 1523 2985 1590 promittit:
3010 1522 3098 1575 sive
3123 1535 3207 1588 pro-

795 1614 957 1667 mittat
994 1615 1101 1666 Deo
1137 1618 1187 1665 et
1223 1617 1297 1664 est
1321 1616 1491 1663 votum
1518 1623 1627 1661 cum
1654 1608 1947 1666 iuramento,
1977 1607 2086 1660 sive
2111 1606 2301 1661 bomini
2342 1613 2391 1660 et
2431 1615 2507 1661 est
2545 1607 2702 1661 iurata
2748 1608 2998 1674 promissio
3027 1611 3203 1659 bumann-

795 1700 934 1754 Unde
960 1696 1119 1751 oritur
1144 1694 1381 1759 obligatio
1410 1692 1659 1761 implendi,
1679 1691 1721 1744 si
1746 1691 2105 1746 rationabiliter
2125 1691 2295 1758 possit.
2317 1695 2387 1745 lta
2418 1707 2576 1746 comm
2592 1692 2756 1747 uniter
2773 1696 2881 1748 DD.
2899 1689 3206 1757 6116111111.

798 1791 833 1838 t.
860 1785 909 1836 3.
935 1798 978 1837 6.
1006 1783 1056 1835 6.
1083 1783 1205 1835 Bon.
1234 1795 1282 1847 p.
1308 1781 1360 1833 7.

887 1899 1062 1973 570.
1104 1903 1138 1940 ’¹‘
1164 1902 1299 1966 Iam
1322 1901 1678 1966 monuimus
1702 1920 1764 1963 n.
1793 1901 1942 1964 532.
1977 1901 2306 1965 materiam
2334 1901 2672 1966 iuramenti
2703 1921 2840 1967 esse
2876 1920 2996 1966 rem
3020 1900 3204 1966 eontin-

794 2006 1063 2090 gentem,
1097 2004 1300 2085 qualis
1347 2023 1419 2068 ea
1465 2004 1561 2067 est
1606 2021 1765 2084 quae
1812 2002 2170 2067 testimonio
2216 2003 2379 2067 inter
2441 2005 2724 2069 homines
2782 2005 3008 2069 firmari
3051 2003 3205 2067 solet:

794 2109 1078 2174 addimus
1126 2127 1255 2172 esse
1300 2127 1430 2171 rem
1467 2126 1591 2171 non
1622 2107 2019 2171 manifestam
2066 2108 2251 2171 alteri
2305 2109 2366 2172 h.
2408 2128 2458 2173 e.
2501 2109 2575 2186 ei,
2612 2111 2714 2174 oui
2746 2111 3043 2174 iuramus:
3072 2124 3203 2172 secus

794 2211 959 2277 enim
1013 2210 1187 2276 nulla
1232 2210 1697 2275 confirmatione
1745 2210 2048 2293 indigeret
2101 2229 2211 2274 nee
2262 2213 2425 2276 esset
2470 2211 2726 2294 proinde
2777 2213 2937 2277 ratio
2992 2207 3205 2274 iurandi.

796 2314 991 2379 Porro
1038 2312 1374 2377 iuramenti
1409 2312 1795 2394 promissorii
1833 2331 1942 2376 seu
1973 2312 2046 2375 de
2076 2331 2141 2375 re
2177 2312 2392 2376 futura
2430 2314 2693 2378 materia
2726 2316 2825 2378 est
2861 2334 2955 2378 res
2989 2309 3209 2378 facienda

798 2417 876 2482 ab
906 2435 978 2481 eo
1016 2415 1123 2498 qui
1169 2415 1364 2489 iurat;
1415 2414 1469 2478 si
1516 2415 1681 2480 enim
1725 2414 1962 2478 iurares
2009 2433 2145 2478 eras
2192 2415 2472 2497 pluviam
2534 2415 2840 2496 futuram,
2891 2417 2987 2481 vel
3028 2414 3207 2480 bellum

797 2521 1172 2586 exstiturum
1218 2517 1496 2601 proximo
1532 2536 1690 2582 anno
1728 2517 1890 2582 inter
1934 2518 2203 2582 Francos
2234 2518 2299 2583 et
2328 2516 2691 2597 Ger-manea,
2743 2538 2958 2604 reapse
2998 2537 3103 2583 non
3140 2516 3210 2579 iu·

794 2642 964 2688 rares
1010 2623 1129 2687 nisi
1175 2641 1306 2686 rem
1352 2622 1737 2704 praesentem
1774 2621 1834 2683 h.
1877 2640 1928 2684 e.
1968 2622 2031 2683 te
2062 2622 2232 2685 certo
2262 2619 2326 2684 id
2370 2639 2550 2686 nosse
2606 2625 2671 2688 et
2702 2624 2931 2689 ideireo
2961 2625 3210 2687 iuramen-

800 2727 939 2790 tum
962 2725 1124 2789 foret
1154 2724 1405 2787 tantum
1437 2722 1860 2787 assertorium.

887 2826 1199 2907 Quaerens
1224 2844 1272 2889 s.
1306 2825 1580 2890 Thomas
1613 2844 1649 2889 a
1687 2825 1744 2888 7.
1785 2828 2000 2888 utrum
2044 2824 2468 2891 iuramentum
2498 2828 2733 2892 habeat
2771 2829 2902 2893 vim
2927 2822 3211 2909 obligandi,

802 2930 920 2993 ait:
975 2954 1011 2987 «ι
1042 2927 1219 2994 Siout
1260 2928 1685 2992 iuramentum
1733 2927 2156 3004 assertorium,
2197 2928 2360 3009 quod
2410 2930 2507 2993 est
2554 2928 2627 2993 de
2674 2929 3008 3013 praeterito
3049 2926 3132 2990 vel
3158 2923 3211 2985 de

800 3032 1127 3116 praesenti,
1167 3031 1349 3095 debet
1392 3030 1617 3094 habere
1676 3030 2025 3104 veritatem,
2082 3029 2174 3093 ita
2231 3032 2294 3093 et
2348 3030 2770 3096 iuramentum
2823 3032 2898 3096 de
2942 3031 3053 3105 his,
3093 3042 3214 3109 quae

801 3136 949 3200 sunt
984 3134 1182 3199 fienda
1222 3154 1258 3198 a
1303 3134 1480 3198 nobis
1519 3133 1582 3196 in
1626 3132 1932 3196 futurum.
1973 3132 2056 3195 Et
2078 3130 2214 3196 ideo
2252 3134 2589 3215 utrumque
2620 3134 3040 3199 iuramentum
3069 3128 3216 3195 habet

799 3237 1111 3320 quandam
1159 3236 1623 3321 obligationem,
1675 3233 2084 3298 diversimode
2131 3235 2360 3298 tamen.
2401 3233 2561 3313 Quia
2596 3234 2661 3298 in
2693 3235 3060 3307 iuramento,
3088 3227 3213 3313 quod

800 3339 896 3403 est
949 3337 1021 3401 de
1058 3339 1392 3420 praeterito
1441 3338 1538 3403 vel
1584 3337 1914 3420 praesenti,
1955 3336 2256 3420 obligatio
2305 3338 2401 3400 est
2446 3356 2568 3402 non
2615 3339 2902 3421 respectu
2954 3336 3053 3411 rei,
3095 3347 3216 3415 quae

799 3441 926 3504 iam
964 3439 1088 3502 fuit
1118 3439 1215 3504 vel
1253 3442 1366 3517 est,
1399 3440 1507 3504 sed
1538 3442 1820 3523 respectu
1867 3439 2060 3521 ipsius
2107 3440 2284 3503 aetus
2320 3438 2587 3514 iurandi,
2626 3441 2701 3503 ut
2739 3440 2974 3505 scilieet
2996 3438 3137 3503 iuret
3173 3430 3216 3495 id

803 3542 969 3626 quod
1014 3542 1141 3606 iam
1189 3561 1403 3606 verum
1450 3544 1546 3606 est
1592 3542 1685 3606 vel
1734 3542 1876 3614 fuit,
1911 3540 2015 3605 sed
2060 3541 2125 3605 in
2171 3540 2541 3619 iuramento,
2592 3542 2758 3624 quod
2795 3544 3128 3625 praestatur
3161 3534 3217 3597 de

800 3645 916 3721 his,
951 3662 1108 3726 quae
1156 3644 1303 3708 sunt
1333 3642 1614 3708 facienda
1662 3663 1699 3707 a
1746 3643 1945 3719 nobiS,
1982 3643 2284 3727 obligatio
2331 3642 2501 3708 eadit
2548 3662 2580 3707 e
2626 3646 2846 3709 contra
2892 3663 3065 3727 super
3101 3656 3217 3713 rem,

803 3765 994 3827 quam
1032 3746 1258 3828 aliquis
1302 3747 1652 3811 iuramento
1698 3745 1995 3809 firmavit.
2046 3745 2315 3810 Tenetur
2346 3745 2510 3810 enim
2548 3745 2796 3827 aliquis,
2832 3749 2907 3810 ut
2952 3745 3124 3809 faeiat
3147 3756 3220 3802 ve·

799 3866 943 3911 rum
967 3866 1117 3923 esse,
1152 3847 1316 3929 quod
1345 3848 1608 3913 iuravit:
1645 3848 1923 3930 alioquin
1952 3847 2125 3912 deest
2156 3848 2387 3913 veritas
2417 3849 2768 3913 iuramento
2794 3874 2858 3912 2».
2891 3873 2927 3907 «
2951 3842 3217 3930 obligatio

799 3949 1155 4025 iuramenti,
1191 3949 1282 4013 ait
1314 3969 1369 4013 a.
1406 3951 1487 4028 8.,
1538 3953 1833 4015 causatur
1887 3969 1958 4013 ex
2010 3951 2383 4029 reverentia,
2438 3970 2628 4033 quam
2674 3949 2968 4016 debemus
3004 3950 3135 4013 Deo.
3166 3959 3219 4006 ex

805 4072 928 4136 qua
974 4054 1258 4117 tenemur
1289 4053 1454 4134 quod
1486 4052 1869 4118 verificemus
1900 4052 1983 4130 id,
2016 4054 2182 4135 quod
2215 4073 2320 4136 per
2351 4072 2573 4118 nomen
2607 4053 2739 4117 eius
2777 4052 3171 4136 promittimus
3191 4068 3216 4100 ›

803 4157 902 4222 vel
950 4176 1163 4220 verum
1210 4154 1508 4232 dicamu8‚
1549 4175 1691 4220 cum
1738 4156 2091 4221 asserimus,
2127 4155 2241 4220 Est
2271 4176 2418 4240 ergo
2469 4156 2770 4240 obligatio
2803 4176 2876 4220 ex
2908 4154 3123 4220 virtute
3152 4166 3224 4212 re-

802 4259 1078 4342 ligionis,
1126 4278 1284 4341 quae
1331 4258 1670 4341 personalis
1701 4261 1796 4323 est
1841 4279 1951 4323 nee
1996 4259 2222 4324 transit
2270 4257 2348 4323 ad
2393 4258 2663 4323 heredes.
2710 4257 3021 4342 Obligatio
3051 4252 3221 4318 autem

803 4362 1135 4425 iuramenti
1184 4381 1262 4427 an
1309 4361 1393 4426 sit
1439 4362 1640 4425 maior
1672 4362 2054 4445 obligatione
2082 4363 2232 4435 voti,
2268 4361 2540 4426 dicemus
2572 4381 2714 4425 611111
2752 4362 2824 4426 de
2863 4362 3005 4425 voto
3050 4356 3224 4436 dispu-

809 4463 1102 4527 tabimus.
1138 4465 1172 4501 *

892 4564 1244 4630 Advertunt
1278 4568 1411 4630 DD.
1445 4567 1509 4630 in
1540 4566 1892 4630 iuramento
1940 4568 2340 4650 promissorio
2371 4568 2604 4632 includi
2635 4569 2823 4632 etiam
2861 4559 3225 4630 assertorium
