3497 5147
662 336 769 391 716
879 348 1087 390 maor.
1117 350 1197 391 vr.
1218 347 1380 390 sno-r.
1404 347 1485 390 VI.
1511 347 1597 387 mn
1616 347 1808 389 snx‘ro
1833 348 1910 388 m
1934 347 2098 390 nono
2115 349 2333 391 ramo.
2354 348 2681 390 mammon
2702 348 2846 390 nnn.
2874 349 2914 388 1.
2978 331 3124 402 [969]

665 447 886 511 debeat
932 446 1184 529 insuper
1213 463 1344 510 esse
1376 444 1661 509 mortalis
1692 445 1757 508 in
1789 445 2001 510 eodem
2049 465 2269 531 genere
2300 445 2600 523 luxuriae,
2635 446 2750 523 est,
2783 444 2950 528 quia,
2984 465 3126 510 cum

664 569 852 616 causa
890 549 1114 615 leviter
1152 548 1228 612 ad
1267 548 1677 633 pollutionem
1709 550 2056 627 concurrat,
2105 568 2228 614 non
2261 550 2356 615 est
2384 550 2596 634 gravis
2630 548 2952 634 obligatio,
2987 569 3128 614 cau-

663 673 801 718 sam
838 653 1016 717 illam
1049 653 1251 717 vitare
1300 652 1377 717 ob
1410 651 1839 735 pollutionem,
1874 671 2033 734 quae
2065 654 2309 736 praeter
2352 651 2760 717 intentionem
2808 650 3031 716 accidit
3061 677 3123 718 ».

663 755 834 835 Quae
883 755 1046 820 ratio
1095 754 1466 838 principium
1496 754 1782 840 generale
1827 755 2021 832 effert,
2054 774 2177 837 quo
2211 754 2319 819 alii
2350 755 2618 819 utuntur
2649 752 2727 817 ad
2765 751 2991 817 thesim
3023 754 3128 820 de-

664 856 1155 922 monstrandam.

753 958 914 1039 Quia
950 978 1095 1024 vero
1147 959 1225 1023 ab
1270 959 1451 1024 initio
1499 959 1757 1038 dixerat,
1808 960 2072 1025 mortale
2118 980 2248 1025 esse
2295 980 2537 1044 ponere,
2589 961 2818 1043 absque
2864 962 3126 1039 ratione,

664 1081 920 1127 causa-m
965 1061 1245 1143 yraviter
1275 1060 1657 1141 influentem,
1692 1062 1835 1126 hinc
1865 1062 1981 1127 sub
2011 1061 2195 1128 finem
2226 1083 2287 1127 n.
2322 1063 2473 1127 484.
2508 1064 2668 1128 circa
2705 1062 2999 1142 medium,
3034 1063 3128 1127 di-

667 1164 937 1248 stinguit
983 1163 1292 1247 duplicem
1338 1183 1590 1229 causam
1636 1165 1915 1250 graviter
1960 1165 2339 1245 influentem,
2380 1167 2643 1230 alteram
2690 1186 2796 1249 per
2834 1186 2897 1230 se
2931 1168 2994 1230 et
3025 1166 3129 1231 ab·

664 1266 871 1330 solute
917 1267 979 1330 h.
1015 1286 1066 1330 e.
1101 1267 1383 1349 respectu
1431 1267 1729 1342 omnium,
1771 1269 2035 1333 alteram
2081 1288 2188 1352 per
2226 1268 2502 1334 accidens
2550 1269 2612 1333 et
2656 1268 2936 1346 relative,
2976 1269 3036 1333 h.
3074 1288 3124 1334 e.

666 1368 908 1432 ratione
953 1368 1172 1432 habita
1219 1369 1482 1434 alicuius
1530 1389 1824 1453 personae
1872 1373 2123 1454 propter
2169 1373 2300 1436 eius
2347 1390 2603 1455 pravam
2637 1370 3125 1454 dispositionem.

666 1471 861 1535 Porro
910 1489 1096 1535 causa
1129 1470 1387 1536 relative
1420 1473 1696 1557 graviter
1724 1473 1989 1539 influens
2021 1494 2093 1539 ea
2132 1475 2245 1553 est,
2281 1493 2439 1556 quae
2484 1475 2631 1539 licet
2675 1493 2784 1558 per
2814 1493 2877 1539 se
2908 1474 3130 1539 leviter

667 1572 928 1637 influens
961 1573 1023 1637 in
1056 1574 1484 1657 pollutionem,
1518 1576 1594 1639 ut
1635 1576 1822 1641 lectio
1871 1576 2091 1660 turpiS,
2127 1577 2273 1641 talis
2305 1580 2400 1642 est
2432 1579 2640 1642 tamen
2672 1579 2746 1641 ut
2776 1575 3130 1659 frequenter

666 1694 740 1738 ex
786 1695 855 1739 ea
902 1677 1171 1760 pollutio
1218 1677 1305 1741 sit
1350 1679 1583 1755 secuta,
1632 1697 1792 1759 quae
1849 1679 2073 1744 idcirco
2121 1680 2546 1745 vehementius
2595 1680 2672 1744 ad
2716 1680 3127 1765 pollutionem

666 1781 1019 1844 commovet
1064 1779 1412 1844 subiectum
1459 1800 1646 1864 prave
1675 1782 2070 1865 dispositum.
2104 1780 2402 1862 Quocirca
2436 1802 2472 1847 a
2509 1783 2764 1848 mortali
2795 1802 2917 1848 non
2955 1801 3130 1848 excu-

666 1882 863 1958 satur,
906 1882 1016 1959 ait,
1057 1882 1166 1964 qui
1196 1883 1387 1947 talem
1424 1902 1679 1947 causam
1708 1884 1920 1967 ponit:
1953 1885 2104 1949 haec
2135 1904 2282 1970 ergo
2314 1885 2462 1950 licet
2505 1886 2570 1950 in
2602 1904 2665 1949 se
2696 1902 2820 1949 non
2855 1885 2940 1949 sit
2966 1903 3130 1949 mor·

666 1983 835 2059 talis,
870 1985 988 2048 erit
1035 1986 1244 2049 tamen
1274 1985 1394 2068 ipsi
1423 1985 1728 2064 mortaIiS,
1768 1987 1944 2051 iuxta
1976 2005 2025 2051 s.
2061 1989 2413 2066 Doctorem,
2453 1989 2527 2053 ut
2572 1989 2817 2053 constet
2846 1987 3009 2053 ratio
3050 1987 3127 2052 ab

669 2104 742 2150 eo
770 2085 998 2149 allata:
1039 2112 1075 2145 «
1107 2087 1253 2168 quia
1279 2106 1420 2152 cum
1443 2088 1711 2170 pollutio
1743 2108 1866 2154 non
1891 2090 1976 2155 sit
1998 2090 2195 2154 volita
2224 2090 2291 2155 in
2316 2109 2378 2155 se
2404 2090 2508 2155 sed
2540 2091 2789 2156 tantum
2821 2091 2884 2154 in
2918 2108 3127 2167 causa,

669 2205 742 2251 eo
775 2187 975 2272 gradu
1005 2189 1173 2252 mala
1211 2192 1324 2266 est,
1360 2208 1483 2271 quo
1532 2190 1699 2254 mala
1747 2195 1842 2255 est
1873 2191 2008 2275 ipsa
2040 2211 2227 2257 causa
2259 2218 2321 2268 ›,
2356 2195 2430 2257 ut
2474 2192 2756 2275 superius
2795 2193 3125 2257 statuerat.

673 2288 791 2355 Sed
824 2290 899 2356 cf.
936 2292 1049 2356 hac
1082 2292 1155 2356 de
1186 2313 1251 2357 re
1284 2312 1443 2374 quae
1481 2293 1669 2357 habet
1704 2294 1866 2358 Ball.
1901 2295 1980 2358 tr.
2015 2294 2125 2359 IV.
2160 2296 2233 2359 de
2263 2294 2556 2359 Peccatis
2586 2316 2645 2359 n.
2683 2295 2832 2359 584.
2866 2313 3033 2377 seqq.

1765 2529 1927 2593 Dos.
1979 2529 2028 2594 Ι.

754 2672 867 2737 An
915 2678 978 2735 et
1022 2675 1264 2754 quanta
1298 2674 1559 2752 peccata
1602 2672 1735 2735 sint
1779 2673 2010 2750 oscula,
2056 2672 2398 2755 annalem,
2451 2678 2670 2752 tactus,
2716 2678 3018 2755 αφεούιιε,

1083 2775 1272 2839 verba
1316 2774 1578 2840 obscena
1622 2778 1685 2840 et
1725 2776 1965 2841 similia
2009 2781 2191 2841 extra
2224 2778 2709 2842 matrimonium.

778 2960 830 3009 ll.
861 2958 1007 3021 Resp.
1040 2958 1115 3009 Ad
1155 2955 1203 3009 id
1243 2955 1643 3021 dignoscendum,
1669 2955 2005 3019 distinguenda
2046 2962 2119 3008 est
2157 2954 2396 3021 imprimis
2432 2954 2637 3009 intentio
2669 2961 2718 3009 et
2745 2953 3005 3009 delectatio
3043 2969 3129 3009 ve·

676 3055 822 3095 nerea
862 3048 908 3093 et
947 3053 1266 3093 venereorum
1306 3044 1365 3091 ab
1406 3038 1670 3093 intentione
1709 3047 1758 3092 et
1796 3040 2118 3093 delectatione
2153 3039 2385 3093 sensitiva
2427 3046 2475 3093 et
2512 3039 2859 3093 sensitivorum
2898 3039 3125 3103 aliorum,

669 3142 795 3193 quae
820 3125 1044 3179 consistit
1068 3124 1116 3177 in
1139 3127 1346 3190 quadam
1370 3124 1688 3192 proportione
1707 3133 1758 3178 ct
1776 3115 2112 3179 conformitate
2133 3125 2204 3177 rei
2226 3132 2380 3177 tactae
2401 3139 2509 3178 cum
2532 3139 2716 3189 organo
2745 3130 2921 3179 tactus,
2938 3124 3128 3179 Deinde

670 3211 939 3275 sciendum,
965 3208 1283 3263 intentionem
1310 3216 1359 3263 et
1396 3223 1590 3262 sensum
1633 3224 1956 3263 venei-eorum
1995 3224 2103 3263 esse
2140 3212 2393 3263 mortalem
2420 3216 2470 3263 et
2494 3211 2759 3263 excludere
2782 3224 2809 3262 a
2845 3223 2997 3273 regno
3021 3223 3129 3263 cae·

666 3298 837 3357 lorum,
865 3297 1129 3348 secundum
1169 3297 1457 3361 Apostolum
1497 3296 1558 3347 ad
1597 3296 1705 3349 Gal.
1734 3296 1797 3348 V.

755 3422 954 3488 Nota:
990 3423 1064 3488 de
1099 3423 1376 3488 Peccatis
1424 3422 1725 3499 luxuriae,
1760 3441 1918 3504 quae
1950 3422 2084 3487 sola
2113 3422 2521 3487 delectatione
2552 3439 2800 3486 morosa
2833 3424 2944 3486 aut
2972 3421 3126 3487 desi-

671 3526 839 3590 derio
888 3525 1303 3601 continentur,
1336 3525 1464 3588 iam
1510 3524 1747 3589 dictum
1796 3525 1891 3589 est
1936 3524 1999 3589 in
2046 3526 2126 3589 tr.
2159 3525 2233 3587 de
2263 3522 2573 3588 Peccatis.

756 3624 926 3699 389.
968 3629 1200 3713 Agitur
1245 3627 1319 3692 de
1368 3628 1608 3692 actibus
1641 3626 2015 3710 imperfectis
2061 3627 2375 3691 luxuriae:
2410 3624 2487 3690 iis
2519 3645 2741 3691 nomen
2772 3625 3128 3711 genericum

668 3732 801 3796 fieri
826 3732 986 3796 solet
1015 3731 1455 3810 impmlicitiac,
1484 3750 1554 3795 ex
1586 3750 1634 3794 S.
1662 3730 1902 3793 Thoma
1937 3732 1996 3792 2.
2026 3731 2084 3792 2.
2113 3749 2170 3811 q.
2204 3730 2348 3792 154.
2378 3747 2432 3792 a.
2465 3730 2522 3791 1.
2552 3728 2629 3792 ad
2662 3730 2721 3791 5.
2748 3727 2835 3792 Hi
2858 3730 3026 3805 sunt,
3055 3731 3128 3794 ut

674 3833 910 3897 dictum
943 3834 1039 3899 est
1074 3834 1151 3897 ab
1175 3833 1249 3897 A.
1279 3835 1464 3917 paulo
1500 3835 1662 3910 ante,
1695 3832 1741 3896 ii
1783 3834 1978 3908 actus,
2003 3832 2066 3895 in
2098 3832 2323 3913 quibus
2353 3850 2476 3896 non
2506 3831 2842 3896 intervenit
2863 3831 3126 3897 ultimus

666 3935 971 4001 terminus
1003 3955 1420 4013 venereorum,
1455 3936 1563 4017 qui
1594 3937 1689 4000 est
1727 3935 1943 3999 effusio
1982 3934 2251 3998 seminis.

757 4039 1037 4121 Utraque
1069 4057 1211 4122 pars
1244 4038 1682 4122 Responsionis
1715 4036 2028 4101 declarata
2075 4038 2170 4099 est
2214 4035 2342 4100 iam
2387 4037 2450 4100 in
2488 4036 2762 4120 praeced.
2796 4036 2934 4100 Iam
2980 4053 3125 4100 vero

665 4144 1000 4224 utrumque
1046 4142 1234 4206 simul
1271 4140 1521 4219 sufficit,
1562 4141 1637 4203 ut
1681 4139 1981 4204 iudicium
2027 4138 2170 4203 ferri
2203 4140 2430 4217 valeat,
2485 4158 2562 4203 an
2609 4140 2673 4203 et
2717 4139 2952 4221 quanta
3001 4138 3128 4202 sint

676 4250 927 4328 peccata
961 4245 1233 4309 actiones
1265 4245 1680 4319 enumeratae,
1714 4260 1858 4305 cum
1892 4241 2138 4305 luxuria
2168 4244 2262 4306 est
2293 4242 2521 4306 directe
2552 4241 2929 4305 voluntaria.
2970 4238 3126 4303 Con·

668 4346 1063 4412 siderandum
1109 4347 1205 4410 est
1250 4345 1413 4409 enim
1460 4364 1600 4408 cum
1647 4363 1696 4407 S.
1732 4343 1973 4408 Thoma
2019 4364 2078 4426 q.
2127 4344 2231 4408 cit.
2269 4363 2323 4407 a.
2358 4344 2420 4407 4.
2477 4368 2510 4401 ‹
2546 4341 2780 4424 aliquid
2826 4341 2947 4406 dici
2993 4359 3129 4424 pec-

668 4452 879 4514 catum
929 4468 1059 4514 esse
1106 4447 1370 4512 mortale
1400 4446 1745 4529 dupliciter.
1784 4445 1922 4511 Uno
1956 4446 2137 4512 modo
2176 4445 2514 4511 secundum
2551 4444 2814 4527 speciem
2851 4462 3030 4507 suam
3063 4443 3131 4508 et

665 4555 779 4618 hoc
813 4552 995 4617 modo
1036 4551 1337 4627 osculnm,
1364 4552 1681 4633 amplexus
1714 4551 1812 4616 vel
1845 4552 2052 4615 tactus
2085 4551 2418 4614 secundum
2452 4568 2631 4613 suam
2661 4548 2968 4612 rationem
3000 4566 3127 4613 non
