3497 5147
361 357 510 433 [758]
690 371 859 420 Qum
896 372 1137 415 causan
1172 374 1504 430 mensam,
1546 376 1624 417 m·
1662 377 1925 418 monam
1963 378 2164 419 opem
2204 378 2492 419 snevrnu
2724 366 2828 420 561

362 469 779 547 commodum,
828 470 994 553 quod
1038 472 1421 554 frequentius
1470 472 1679 538 adesse
1725 475 1952 557 potest,
2003 475 2139 552 erit,
2175 474 2229 538 si
2274 473 2512 538 dimitti
2545 475 2827 551 timeant,

363 591 506 637 cum
553 573 630 636 ad
678 593 934 639 manum
982 593 1104 640 non
1150 576 1381 639 habent
1427 575 1584 640 alios
1631 575 1934 654 dominoS,
1984 578 2211 658 quibus
2259 594 2323 641 se
2356 576 2673 652 addicant3
2724 578 2828 641 sed

362 675 607 757 praeter
637 675 755 740 hoc
788 677 913 740 alia
944 679 1205 760 possunt
1237 696 1368 742 esse
1394 678 1638 754 damna,
1671 698 1832 760 quae
1868 679 2134 744 timeant
2167 680 2265 744 vel
2296 679 2415 744 sibi
2446 679 2545 743 vel
2578 677 2726 750 suis',
2755 681 2828 743 ut

361 775 669 860 cogitanti
701 778 886 843 huius
910 778 1126 844 mundi
1158 779 1319 844 vices
1342 780 1524 844 facile
1549 783 1744 863 patet,
1771 783 1835 846 et
1865 781 2029 846 inter
2045 781 2196 845 haec
2226 799 2275 845 s.
2310 781 2495 864 Alph.
2529 784 2822 858 recenset,

356 876 418 940 si
444 881 579 941 sint
606 879 997 945 addiscentes
1041 877 1434 963 vel'obliyati
1477 880 1566 945 ad
1596 882 2036 962 famulandum
2083 902 2274 963 usque
2295 883 2384 946 ad
2415 887 2650 946 certum
2684 886 2826 946 tem-

347 999 496 1059 pus,
537 982 697 1046 unde
735 983 1035 1048 salarium
1066 983 1357 1048 amissuri
1390 985 1593 1049 essent
1629 985 1823 1049 etiam
1856 985 2153 1068 temporis
2186 984 2398 1068 elapsi.

448 1083 532 1147 Et
568 1084 817 1166 quidem
854 1105 997 1150 cum
1029 1085 1243 1151 eadem
1287 1086 1666 1151 limitatione
1713 1087 1984 1172 intelligi
2030 1087 2228 1164 debet,
2263 1086 2429 1169 quod
2465 1086 2541 1150 A.
2576 1086 2820 1151 subdit:

358 1188 419 1251 si
450 1193 654 1252 tamen
700 1187 1059 1270 frequenter
1102 1190 1427 1272 continqat
1469 1192 1584 1255 etc.
1633 1190 1849 1273 Neque
1891 1191 2053 1256 enim
2099 1191 2326 1255 idcirco
2360 1190 2551 1254 etiam
2597 1191 2661 1253 in
2708 1190 2825 1254 1130

358 1291 689 1375 hypothesi
721 1293 1075 1358 tenerentur
1120 1313 1310 1377 grave
1357 1294 1653 1357 damnum
1700 1294 1863 1377 pati:
1897 1293 2002 1358 sed
2033 1292 2324 1357 hortandi
2356 1291 2579 1369 forent,
2615 1293 2690 1355 ut
2734 1292 2823 1355 in-

358 1393 543 1457 terim
573 1394 648 1458 de
697 1395 820 1459 alio
851 1394 1103 1459 domino
1137 1396 1475 1477 requirant.

447 1495 613 1561 Bene
645 1496 856 1561 subdit
888 1515 937 1561 s,
971 1496 1187 1581 Alph.:
1235 1522 1271 1556 ι(
1303 1497 1496 1575 Idem,
1544 1499 1710 1581 quod
1742 1498 1816 1562 de
1853 1496 2127 1574 famuIiS,
2164 1497 2394 1561 dicitur
2426 1496 2500 1560 de
2530 1495 2677 1560 filiis
2712 1498 2823 1560 aut

359 1599 672 1676 uxoribus,
708 1619 865 1682 quae
896 1602 1201 1685 cogantur
1248 1601 1325 1665 ad
1362 1601 1773 1666 laborandum
1822 1621 1858 1664 a
1905 1600 2076 1677 viriS,
2126 1599 2179 1663 si
2216 1601 2532 1681 nequeunt
2568 1617 2821 1663 renuere

358 1701 487 1765 sine
526 1702 748 1766 timore
793 1704 1005 1787 gravis
1052 1703 1263 1767 damni
1309 1703 1400 1785 (id
1448 1722 1565 1768 non
1617 1703 1769 1768 adeo
1802 1703 2113 1785 frequens)
2138 1704 2252 1766 aut
2282 1701 2494 1784 gravis
2541 1700 2821 1785 indigna-

357 1804 546 1868 tionis
593 1804 683 1886 (id
730 1805 1141 1890 frequentius)
1173 1829 1235 1869 ›.
1274 1806 1470 1889 Finge
1518 1809 1794 1871 sutorem
1828 1807 1940 1870 aut
1986 1808 2309 1881 sartorem,
2344 1804 2454 1885 qui
2484 1803 2676 1868 etiam
2722 1802 2820 1866 die

358 1905 517 1970 festo
556 1906 629 1970 ad
662 1906 1072 1972 laborandum
1102 1907 1376 1972 familiae
1407 1909 1685 1972 membra
1715 1910 1922 1990 cogat.

1097 2083 1157 2146 3.
1192 2080 1295 2146 De
1327 2083 1643 2163 reficiente
1673 2102 1826 2146 suas
1855 2085 2067 2146 vestes,

446 2223 616 2298 756.
666 2229 853 2293 Haud
883 2230 1233 2311 infrequens
1272 2233 1368 2294 est
1399 2232 1517 2294 iste
1548 2250 1727 2294 casus
1760 2232 1821 2294 in
1859 2230 2153 2313 operariis
2185 2230 2314 2293 sive
2346 2228 2640 2293 masculis
2688 2229 2816 2292 sive

354 2331 616 2411 feminis,
658 2332 766 2414 qui
802 2352 910 2416 per
956 2333 1112 2397 alios
1159 2333 1579 2398 hebdomadae
1626 2333 1756 2398 dies
1796 2351 2045 2416 operam
2092 2351 2271 2396 suam
2310 2330 2450 2395 aliis
2496 2332 2706 2394 locant
2752 2331 2817 2393 et

355 2435 547 2499 etiam
578 2435 836 2499 subinde
866 2437 929 2500 in
978 2436 1239 2513 ancillis,
1273 2437 1498 2518 quibus
1546 2438 1796 2500 tantum
1829 2436 1925 2499 die
1972 2436 2130 2499 festo
2166 2434 2411 2516 aliquae
2457 2433 2645 2497 horae
2677 2450 2814 2496 con-

353 2537 658 2603 ceduntur
706 2538 838 2603 otii.
887 2538 977 2603 Ea
1010 2539 1173 2603 enim
1205 2538 1301 2603 die
1334 2541 1396 2605 et
1441 2538 1652 2604 lavare
1683 2542 1746 2605 et
1776 2537 2020 2603 reficere
2052 2538 2254 2601 vestes
2277 2553 2423 2600 suas
2455 2535 2676 2611 solent,
2715 2533 2815 2599 vel

352 2640 624 2705 filiorum
656 2643 772 2705 etc.

855 2800 917 2862 4.
955 2796 1058 2863 De
1090 2798 1523 2863 laborantibus
1560 2798 1633 2861 ob
1671 2798 1971 2878 defectum
1995 2796 2298 2861 alimenti.

442 2947 613 3023 757.
650 2954 875 3018 Rarior
906 2952 1065 3018 forte
1096 2952 1197 3017 hic
1243 2954 1338 3017 est
1385 2970 1583 3027 casus,
1625 2951 1730 3015 sed
1765 2950 2095 3033 aliquando
2136 2952 2344 3013 tamen
2376 2950 2706 3033 contingit,
2741 2951 2815 3011 ut

352 3075 411 3118 v.
445 3076 539 3139 gr.
580 3056 981 3119 mulierculae
1013 3055 1128 3119 hac
1174 3055 1540 3119 necessitate
1587 3072 1833 3136 pressae
1871 3052 1967 3116 vel
2004 3052 2201 3117 nendo
2235 3054 2332 3116 vel
2363 3052 2598 3135 caligas
2632 3050 2815 3115 confi-

351 3157 562 3222 ciendo
611 3160 726 3222 etc.
776 3156 1037 3221 debeant
1081 3157 1384 3234 laborare,
1435 3178 1508 3221 ne
1541 3157 1744 3220 victus
1777 3155 1936 3219 desit
1982 3155 2100 3219 sibi
2149 3156 2260 3219 aut
2293 3154 2566 3217 familiae
2599 3154 2711 3215 aut
2739 3154 2817 3213 ut

352 3261 552 3323 vestes
599 3261 810 3324 emant
840 3261 956 3323 etc.

1338 3404 1396 3465 ἔ).
1431 3400 1531 3464 De
1575 3400 1822 3481 Coquis‘.

438 3538 613 3613 758.
647 3543 813 3608 Bene
844 3544 1069 3607 Suarez
1102 3540 1210 3604 lib.
1240 3540 1299 3601 2.
1334 3557 1466 3619 cap.
1504 3539 1607 3600 21.
1644 3558 1703 3600 n.
1731 3538 1824 3600 3.:
1867 3561 1903 3595 ‹
1927 3538 2019 3601 De
2045 3534 2286 3598 actione
2318 3532 2618 3613 coquendi
2644 3531 2812 3594 cibos

350 3648 414 3711 et
445 3646 606 3724 aliis,
640 3665 798 3728 quae
847 3644 924 3709 ad
971 3640 1508 3727 praeparationem
1555 3639 1854 3720 coquinae
1886 3639 1952 3701 et
1994 3653 2244 3700 mensae
2277 3632 2584 3697 ordinarie
2631 3630 2811 3707 fiunt,

349 3749 702 3832 responderi
724 3750 951 3833 potest,
978 3748 1130 3810 11300
1153 3744 1403 3827 quidem
1436 3741 1686 3807 servilia
1711 3758 1843 3804 esse
1868 3740 1932 3803 et
1962 3757 2040 3802 ex
2073 3737 2134 3799 vi
2155 3734 2483 3799 verborum
2505 3734 2814 3818 praecepti

350 3852 652 3918 contineri
689 3852 804 3916 sub
840 3851 972 3927 1110,
1007 3849 1231 3914 saltem
1263 3845 1469 3930 quoad
1501 3864 1572 3909 ea
1606 3842 1835 3919 omnia,
1884 3859 2042 3923 quae
2080 3837 2470 3922 praecedenti
2500 3837 2598 3901 die
2647 3855 2817 3918 prae-

352 3954 545 4019 veniri
578 3955 861 4037 possent3
902 3954 1112 4017 tamen
1150 3970 1221 4016 ex
1253 3946 1696 4015 consuetudine
1716 3943 1943 4025 populi
1986 3941 2324 4007 christiani
2369 3943 2652 4022 exempta
2684 3958 2813 4004 esse

350 4056 426 4120 ab
473 4057 585 4120 illa
615 4056 817 4141 lege...
852 4054 969 4120 Sed
991 4072 1115 4118 non
1154 4054 1249 4117 est
1285 4048 1781 4135 intelligendum,
1820 4067 1892 4112 ex
1936 4045 2278 4111 intentione
2316 4044 2380 4109 et
2427 4044 2488 4109 vi
2534 4042 2815 4106 ecclesia-

348 4160 493 4224 stici
511 4158 835 4239 praecepti
863 4159 1015 4222 haec
1051 4175 1181 4221 esse
1213 4155 1527 4238 prohibita
1561 4156 1624 4218 et
1662 4172 1770 4235 per
1806 4149 2312 4217 consuetudinem
2359 4165 2489 4212 esse
2537 4145 2813 4208 ablatam

347 4261 856 4347 prohibitionem
890 4278 1210 4340 nunquam
1231 4258 1397 4322 enim
1428 4257 1702 4322 Ecclesia
1733 4257 1848 4320 has
1880 4254 2153 4318 actiones
2184 4247 2524 4333 prohibuit,
2557 4265 2668 4310 nec
2689 4244 2813 4310 fuit

350 4365 613 4430 intentio
653 4365 804 4442 eius,
841 4364 916 4426 ut
946 4360 1285 4425 Christiani
1318 4360 1395 4423 ab
1442 4358 1539 4422 his
1589 4357 1937 4423 actionibus
1986 4354 2366 4420 abstinerent
2409 4352 2473 4415 in
2506 4348 2815 4414 dominica

351 4469 446 4532 vel
469 4468 666 4545 festis,
700 4467 863 4531 sicut
894 4462 1111 4529 Iudaei
1143 4461 1536 4525 abstinebant
1559 4460 1622 4523 in
1645 4460 1972 4523 sabbato...
2008 4456 2187 4522 Η3110
2210 4472 2358 4538 ergo
2390 4452 2807 4536 exceptionem

513 4610 777 4653 Bam-,mm
805 4630 857 4638 —
884 4603 1054 4650 uorat.
1084 4602 1234 4645 'tomo
1261 4599 1327 4642 11.
2594 4593 2650 4635 36
