3497 5147
801 339 910 392 458
945 353 1155 393 macr.
1184 353 1263 394 vn
1290 354 1452 395 smr.
1473 355 1536 394 11.
1557 355 1643 394 Da
1668 353 1950 398 smunno
1969 355 2184 396 Panno.
2206 354 2535 396 DmALOGI.
2561 354 2691 395 cnr.
2716 355 2775 394 11.
2797 355 2922 399 nus.
2941 357 3027 397 vu.
3057 341 3173 416 [596]

913 449 962 499 6.
990 447 1110 500 Etis
1135 447 1328 513 quidem
1351 455 1511 515 potest
1540 450 1800 515 remittere,
1825 451 1917 504 etsi
1945 450 2055 504 tatis
2075 454 2214 503 favor
2232 450 2278 502 ei
2304 450 2493 503 iuratus
2519 458 2649 504 esset
2674 456 2860 517 propter
2885 452 3039 503 Deum:
3058 466 3093 503 v.
3112 466 3170 515 gr.

803 533 844 587 si
882 532 993 599 quis
1031 542 1227 600 propter
1268 535 1421 587 Deum
1446 534 1655 588 iurasset
1696 539 2020 603 pauperculae
2057 550 2162 588 eam
2205 537 2403 597 ducere,
2436 542 2596 601 potoet
2632 534 2734 601 ipsa
2768 535 3048 588 iuramentum
3077 535 3170 589 illud

802 620 1039 678 relaxare,
1068 625 1119 670 ut
1157 620 1303 672 habet
1331 621 1506 671 Navar.
1534 626 1583 671 et
1616 620 1712 684 alii,
1741 628 1906 673 contra
1944 623 2113 673 Soturn
2153 629 2202 673 et
2228 623 2398 684 Sylv.:
2425 620 2539 685 quia
2579 619 2690 672 ticet
2726 620 3009 673 iuramentum
3042 620 3176 685 princi—

804 700 980 766 paliter
1004 705 1180 755 lactum
1207 702 1269 755 sit
1301 711 1504 770 propter
1526 705 1696 768 Deum,
1716 704 1826 769 quia
1848 712 2008 757 tamen
2034 704 2287 757 exsecutio
2313 711 2388 758 est
2412 705 2460 756 in
2483 708 2699 757 favorem
2725 702 2927 764 hominis»,
2941 706 2992 755 ab
3012 702 3175 755 nominis

802 785 948 838 etiam
988 790 1240 840 voluntate
1277 790 1536 854 dependet.

908 871 959 924 7.
987 877 1059 925 An
1086 872 1231 925 etiam
1258 872 1419 926 civilis
1448 881 1663 940 potestas
1691 877 1915 928 retaxare
1943 873 2097 940 possit
2134 873 2410 927 iuramenta
2438 888 2641 927 suorum
2667 873 2949 927 subditorun
2971 873 3012 924 in
3033 880 3177 937 tempo-

801 956 1004 1021 ralibuS,
1030 961 1226 1023 quando
1250 959 1376 1011 iusta
1404 973 1550 1012 causa
1576 963 1762 1022 subest,
1792 975 1839 1012 v.
1865 975 1938 1023 gr.
1966 960 2076 1025 qnia
2112 969 2241 1014 metu
2271 961 2349 1014 vel
2377 975 2460 1027 per
2487 960 2630 1013 aliam
2655 959 2871 1013 iniuriam
2896 964 3057 1012 extorta
3078 965 3177 1018 suut,

801 1045 1199 1096 controvertitur.
1226 1044 1324 1096 Alii
1352 1051 1540 1108 negant,
1567 1044 1648 1096 atii
1674 1045 1809 1098 aiunt
1835 1047 1963 1111 apud
1998 1048 2165 1110 Laym.
2198 1044 2457 1098 Probabile
2494 1051 2587 1110 ωε,
2614 1047 2744 1109 quod
2770 1045 2902 1096 docet
2924 1045 3071 1095 saneti.
3094 1041 3175 1094 1.3.

802 1142 845 1178 c.
876 1129 958 1179 12.
984 1143 1095 1180 cum
1133 1132 1332 1192 suarez,
1358 1144 1453 1181 non
1482 1144 1626 1194 posse
1652 1131 1875 1183 relaxare
1915 1129 2115 1196 directe,
2144 1130 2272 1182 sicut
2310 1136 2528 1195 potestas
2566 1126 2911 1191 Ecclesiastica,
2943 1127 3100 1192 quando
3129 1123 3181 1176 di·

803 1218 1029 1276 spensat;
1055 1214 1139 1264 scd
1181 1220 1366 1265 tantum
1404 1212 1656 1275 indirecte,
1701 1228 1747 1266 v.
1785 1228 1857 1276 gr.
1901 1213 2090 1266 ratione
2122 1213 2373 1275 materiae,
2403 1216 2482 1266 vel
2523 1215 2795 1279 supplendo
2833 1210 2972 1263 vicem
3004 1206 3181 1268 eius,eui

800 1295 1009 1348 iuratum
1049 1304 1123 1349 est
1160 1303 1208 1349 et
1245 1297 1326 1363 qui
1366 1297 1610 1351 remittere
1649 1300 1842 1351 debeat.
1882 1300 2027 1351 Plura
2067 1300 2126 1350 ad
2169 1302 2322 1351 sorum
2362 1304 2620 1351 externum
2660 1294 2918 1364 spectantia
2952 1294 3060 1348 circa
3087 1291 3183 1344 iura·

804 1387 1017 1433 mentum
1060 1379 1157 1433 vid.
1185 1384 1312 1447 apud
1353 1384 1521 1446 Laym.
1550 1397 1694 1448 supra
1732 1398 1776 1435 c.
1813 1385 1888 1434 tt.
1921 1385 2041 1435 Bon.
2074 1385 2104 1435 Ι.
2130 1397 2173 1435 c.

893 1503 1065 1577 595.
1100 1507 1197 1572 Ad
1232 1510 1332 1573 1¹²¹.
1368 1508 1546 1588 Quod
1576 1508 1728 1573 dicit
1772 1534 1807 1567 α
1840 1510 2041 1573 omnis
2076 1510 2364 1589 superior
2387 1513 2594 1590 potest
2626 1506 2954 1573 annullare
2979 1501 3185 1581 ›,intel·

798 1609 924 1695 lige
956 1610 1064 1691 qui
1111 1610 1299 1674 habet
1328 1613 1705 1694 potestatem
1753 1607 2232 1676 dominativam:
2275 1632 2449 1678 secus
2488 1613 2597 1695 qui
2628 1612 2854 1677 habeat
2883 1629 3028 1675 mere
3054 1606 3186 1671 iuris·

801 1711 1218 1777 dictionalem.
1260 1711 1332 1776 Id
1362 1713 1613 1778 uberius
1652 1713 1758 1776 ubi
1792 1713 1864 1778 de
1899 1713 2086 1778 voto.

889 1814 985 1877 Ad
1013 1816 1118 1878 2¹⁰.
1148 1815 1352 1891 Pater,
1381 1816 1680 1898 superior,
1705 1817 1899 1892 tutor,
1928 1816 2215 1881 dominus
2246 1819 2510 1899 possunt
2539 1816 2788 1881 irritare
2825 1811 3189 1899 promissiones
3277 1882 3285 1892 ,

803 1918 915 1979 aut
946 1919 1129 1998 pacta
1163 1919 1274 1980 aut
1304 1919 1661 1982 contractus
1693 1917 1894 1982 factos
1927 1937 1963 1981 a
1995 1919 2124 1982 suis
2156 1918 2494 2002 respective
2527 1918 2816 1982 subditis.

893 2017 957 2080 Si
990 2021 1251 2100 possunt
1286 2020 1367 2095 id,
1404 2022 1666 2102 possunt
1696 2020 1908 2094 etiam,
1948 2020 2192 2102 quando
2240 2021 2391 2085 haec
2437 2021 2563 2084 sint
2607 2020 2859 2085 firmata
2886 2015 3190 2082 iuramento.

802 2121 989 2185 Ratio
1038 2122 1342 2206 generalis
1390 2125 1504 2199 est,
1546 2125 1694 2204 quia
1738 2124 2161 2187 iuramentum
2208 2124 2402 2188 sumit
2446 2126 2742 2188 naturam
2780 2126 2842 2190 et
2878 2119 3193 2187 conditiones

802 2226 1000 2301 aetus,
1027 2224 1128 2288 cui
1160 2223 1469 2288 adiicitur.

888 2326 985 2389 Ad
1018 2327 1124 2389 3¹¹³.
1165 2327 1403 2391 Auctor
1435 2326 1605 2404 dicit,
1646 2347 2089 2411 quoscumque,
2123 2329 2233 2411 qui
2277 2329 2508 2393 habent
2553 2330 2932 2412 potestatem
2971 2327 3029 2390 in
3055 2321 3195 2392 votis,

799 2429 929 2494 sive
968 2431 1245 2512 potestas
1277 2430 1427 2494 haec
1458 2430 1543 2494 sit
1580 2430 1932 2504 ordinaria,
1967 2432 2094 2494 sive
2128 2430 2431 2513 delmatia,
2466 2431 2726 2496 eandem
2758 2430 2974 2495 habere
3007 2420 3198 2491 etianei

798 2536 940 2596 vota
969 2533 1103 2596 sint
1130 2533 1364 2597 iurata.
1406 2531 1465 2597 S.
1493 2532 1676 2616 Alph.
1710 2554 1770 2597 n.
1803 2535 1950 2598 190.
1986 2534 2234 2599 subiciit
2275 2534 2704 2617 quaestionem
2739 2552 2866 2600 non
2901 2529 3116 2614 quidem
3144 2522 3196 2588 de

797 2635 1168 2700 habentibus
1199 2636 1575 2718 potestatem
1609 2635 1986 2701 ordinariam
2012 2638 2184 2718 (nam
2223 2638 2290 2701 hi
2319 2642 2479 2701 certe
2510 2637 2575 2701 id
2610 2640 2879 2720 possunt
2907 2636 3055 2701 circa
3077 2632 3200 2696 iura·

797 2740 1028 2811 menta,
1054 2737 1219 2819 quod
1252 2739 1514 2819 possunt
1534 2738 1600 2802 in
1631 2741 1830 2819 vota),
1858 2739 1960 2803 sed
1993 2739 2065 2803 de
2097 2739 2466 2804 habentibus
2505 2741 2886 2823 potestatem
2910 2736 3202 2819 delegatam

795 2860 904 2905 seu
952 2840 1368 2923 privilegium,
1411 2860 1509 2917 an,
1545 2842 1597 2905 si
1644 2845 1906 2925 possunt
1954 2842 2305 2925 dispensare
2343 2843 2405 2907 in
2452 2843 2639 2919 votiS,
2681 2844 2927 2926 possint
2956 2840 3121 2905 etiam
3159 2835 3204 2897 in

796 2942 1181 3008 iuramentis.
1217 2941 1440 3007 Subdit
1478 2947 1684 3008 autem
1738 2945 2113 3009 sententiam
2159 2964 2289 3010 esse
2327 2946 2733 3029 probabilem,
2770 2965 2929 3029 quae
2973 2941 3133 3027 negat
3157 2939 3204 3000 et

793 3066 1007 3112 rursus
1044 3065 1168 3111 non
1198 3048 1404 3112 minus
1452 3067 1582 3112 esse
1614 3048 1997 3130 probabilem
2036 3050 2408 3113 sententiam
2457 3069 2616 3132 quae
2653 3050 2953 3115 affirmat.
2985 3047 3060 3111 Et
3084 3041 3202 3108 nihi-

797 3150 1067 3214 lominus
1092 3149 1423 3227 concludit,
1445 3148 1773 3213 tenendam
1792 3151 2039 3215 omnino
2067 3151 2333 3234 primam
2357 3152 2761 3230 sententiam;
2782 3151 2930 3235 quia
2954 3143 3204 3231 obligatio

793 3252 1130 3316 iuramenti
1160 3256 1327 3317 certa
1361 3271 1480 3316 non
1530 3255 1737 3334 potest
1777 3252 2001 3317 auferri
2043 3273 2150 3336 per
2182 3253 2704 3337 dispensationem
2753 3255 3005 3319 tantum
3033 3248 3206 3333 proba·

795 3354 1004 3419 biliter
1040 3355 1332 3419 validam.

882 3458 969 3521 At
986 3456 1038 3521 si
1055 3458 1438 3540 postremum
1463 3458 1578 3522 hoc
1603 3458 1974 3541 principium
1991 3460 2179 3532 valet,
2199 3460 2472 3523 dicemus
2498 3460 2574 3524 ad
2601 3460 2920 3525 hominem
2944 3450 3209 3542 arguendo

793 3562 856 3625 in
888 3580 1037 3625 casu
1069 3560 1287 3623 simili:
1315 3579 1531 3642 nempe
1562 3566 1729 3624 certa
1765 3564 2014 3643 peccata
2046 3581 2196 3640 esse,
2223 3562 2523 3627 incertam
2555 3565 2768 3627 autem
2806 3560 3209 3627 remissionem.

794 3663 1039 3746 quando
1070 3662 1413 3726 iurisdictio
1462 3662 1816 3727 confessarii
1867 3665 1961 3727 est
2006 3664 2376 3745 probabilis:
2410 3664 2670 3747 ideoque
2715 3684 2840 3730 non
2888 3666 3064 3728 licere
3102 3674 3212 3721 cum

791 3765 1214 3829 iurisdictione
1247 3765 1552 3847 probabili
1600 3766 1950 3830 absolvere:
1991 3766 2154 3848 quod
2203 3765 2451 3848 quidem
2490 3785 2538 3830 3.
2572 3767 2757 3850 Alph.
2793 3785 2921 3831 non
2953 3759 3212 3829 admittit.

796 3867 874 3930 Et
918 3868 1080 3930 ratio
1129 3870 1242 3943 est,
1277 3868 1423 3948 quia
1469 3869 1533 3932 in
1580 3870 1745 3932 hisce
1794 3869 2066 3933 Ecclesia
2112 3869 2381 3951 supplet,
2429 3868 2956 3950 quemadmodum
3003 3870 3061 3931 et
3100 3880 3214 3927 cum

794 3968 1006 4053 agitur
1038 3968 1111 4031 de
1157 3968 1612 4050 impedimentis
1658 3970 2042 4035 matrimonii
2089 3970 2244 4035 iuris
2290 3970 2706 4036 ecclesiastici.
2747 3971 2918 4056 Ergo
2962 3969 3116 4034 idem
3145 3962 3218 4026 dj-

793 4071 1053 4137 cendum
1086 4071 1246 4135 foret
1275 4072 1339 4134 in
1378 4091 1525 4135 casu
1564 4076 1799 4144 nostro,
1834 4072 2046 4137 eadem
2080 4091 2331 4155 prorsus
2362 4072 2623 4137 ratione.

885 4170 1055 4245 596.
1106 4172 1221 4238 Sed
1272 4173 1440 4238 aliud
1489 4178 1582 4239 est
1631 4174 2263 4239 animadvertendum.
2313 4174 2473 4239 Nam
2524 4195 2572 4239 s.
2607 4175 2789 4259 Alph.
2827 4173 3219 4259 quaestionem

790 4277 943 4340 facit
989 4276 1333 4359 generatim
1377 4277 1449 4341 de
1492 4278 1879 4341 iuramentis.
1914 4277 2108 4359 Atqui
2157 4278 2308 4341 haec
2355 4296 2476 4342 non
2524 4279 2618 4342 est
2664 4277 2970 4360 quaestio,
3011 4274 3079 4338 de
3121 4287 3218 4353 qua
3365 4282 3368 4349 1

792 4380 1055 4461 egerunt
1080 4380 1213 4442 DD.
1242 4379 1366 4442 ab
1352 4399 1485 4461 11130
1519 4399 1566 4443 3.
1594 4381 1911 4463 Alphonso
1948 4380 2205 4463 allegati
2244 4399 2353 4463 pro
2387 4380 2686 4457 doctrina,
2713 4399 2903 4463 quam
2942 4373 3220 4462 proponit.
3367 4382 3368 4413 ³

881 4480 962 4543 Et
992 4499 1137 4543 sane
1168 4482 1458 4556 Sanchez‚
1486 4501 1668 4562 quem
1701 4500 1812 4563 pro
1847 4486 2110 4565 negante
2141 4483 2272 4565 ipse
2304 4482 2560 4566 allegat,
2586 4482 2846 4546 disserte
2875 4477 3135 4545 defendit
3161 4471 3227 4535 de

796 4583 1089 4647 Matrim.
1123 4583 1231 4646 lib.
1268 4584 1327 4645 8.
1354 4583 1507 4665 disp.
1538 4585 1596 4646 2.
1625 4604 1683 4647 11.
1716 4585 1818 4647 19.
1847 4584 2203 4649 iuramenta
2240 4589 2301 4648 et
2337 4589 2475 4648 vota
2506 4583 2713 4666 quoad
2731 4582 3232 4664 dispensationem
