<?xml version="1.0" encoding="UTF-8"?>
<!DOCTYPE html PUBLIC "-//W3C//DTD XHTML 1.0 Transitional//EN"
    "http://www.w3.org/TR/xhtml1/DTD/xhtml1-transitional.dtd">
<html xmlns="http://www.w3.org/1999/xhtml" xml:lang="en" lang="en">
 <head>
  <title>
</title>
<meta http-equiv="Content-Type" content="text/html;charset=utf-8" />
  <meta name='ocr-system' content='tesseract 3.04.00' />
  <meta name='ocr-capabilities' content='ocr_page ocr_carea ocr_par ocr_line ocrx_word'/>
</head>
<body>
  <div class='ocr_page' id='page_1' title='image "./opustheologicum00ballgoog/opustheologicum00ballgoog_0645.png"; bbox 0 0 3497 5147; ppageno 0'>
   <div class='ocr_carea' id='block_1_1' title="bbox 705 316 3163 387">
    <p class='ocr_par' dir='ltr' id='par_1_1' title="bbox 705 316 3163 387">
     <span class='ocr_line' id='line_1_1' title="bbox 705 316 3163 387; baseline 0.001 -18"><span class='ocrx_word' id='word_1_1' title='bbox 705 316 818 371; x_wconf 83' lang='lat'>638</span> <span class='ocrx_word' id='word_1_2' title='bbox 941 328 1151 371; x_wconf 66' lang='lat' dir='ltr'>rnao‘r.</span> <span class='ocrx_word' id='word_1_3' title='bbox 1177 329 1257 371; x_wconf 79' lang='lat' dir='ltr'>vr.</span> <span class='ocrx_word' id='word_1_4' title='bbox 1285 327 1447 370; x_wconf 63' lang='lat' dir='ltr'>sacr.</span> <span class='ocrx_word' id='word_1_5' title='bbox 1475 328 1529 370; x_wconf 89' lang='lat' dir='ltr'>v.</span> <span class='ocrx_word' id='word_1_6' title='bbox 1558 328 1643 368; x_wconf 67' lang='lat' dir='ltr'>ma</span> <span class='ocrx_word' id='word_1_7' title='bbox 1667 326 1894 375; x_wconf 76' lang='lat' dir='ltr'>Qum-ro</span> <span class='ocrx_word' id='word_1_8' title='bbox 1919 326 2134 369; x_wconf 62' lang='lat' dir='ltr'>nume.</span> <span class='ocrx_word' id='word_1_9' title='bbox 2160 327 2487 370; x_wconf 61' lang='lat' dir='ltr'>omanem.</span> <span class='ocrx_word' id='word_1_10' title='bbox 2508 327 2642 371; x_wconf 62' lang='lat' dir='ltr'>cap,</span> <span class='ocrx_word' id='word_1_11' title='bbox 2667 330 2706 370; x_wconf 91' lang='lat'>1.</span> <span class='ocrx_word' id='word_1_12' title='bbox 2727 331 2872 373; x_wconf 76' lang='lat' dir='ltr'>nun.</span> <span class='ocrx_word' id='word_1_13' title='bbox 2893 331 2933 371; x_wconf 89' lang='lat'>1.</span> <span class='ocrx_word' id='word_1_14' title='bbox 3020 318 3163 387; x_wconf 85' lang='grc'><strong>[861]</strong></span> 
     </span>
    </p>
   </div>
   <div class='ocr_carea' id='block_1_2' title="bbox 702 423 3232 2251">
    <p class='ocr_par' dir='ltr' id='par_1_2' title="bbox 702 423 3168 1333">
     <span class='ocr_line' id='line_1_2' title="bbox 707 423 3164 511; baseline 0.001 -22"><span class='ocrx_word' id='word_1_15' title='bbox 707 425 885 491; x_wconf 87' lang='lat' dir='ltr'>docet</span> <span class='ocrx_word' id='word_1_16' title='bbox 923 444 1045 490; x_wconf 89' lang='lat' dir='ltr'>non</span> <span class='ocrx_word' id='word_1_17' title='bbox 1081 424 1353 489; x_wconf 87' lang='lat' dir='ltr'>validam</span> <span class='ocrx_word' id='word_1_18' title='bbox 1386 443 1516 488; x_wconf 91' lang='lat' dir='ltr'>esse</span> <span class='ocrx_word' id='word_1_19' title='bbox 1546 423 1854 488; x_wconf 85' lang='lat' dir='ltr'>rationem</span> <span class='ocrx_word' id='word_1_20' title='bbox 1885 442 2119 501; x_wconf 91' lang='lat' dir='ltr'>eorum,</span> <span class='ocrx_word' id='word_1_21' title='bbox 2146 424 2256 506; x_wconf 91' lang='lat' dir='ltr'>qui</span> <span class='ocrx_word' id='word_1_22' title='bbox 2286 424 2482 488; x_wconf 89' lang='lat' dir='ltr'>teneri</span> <span class='ocrx_word' id='word_1_23' title='bbox 2511 424 2744 504; x_wconf 90' lang='lat' dir='ltr'>dicunt,</span> <span class='ocrx_word' id='word_1_24' title='bbox 2770 426 2919 508; x_wconf 88' lang='lat' dir='ltr'>quia</span> <span class='ocrx_word' id='word_1_25' title='bbox 2950 446 3164 511; x_wconf 91' lang='lat' dir='ltr'>nempe</span> 
     </span>
     <span class='ocr_line' id='line_1_3' title="bbox 707 525 3167 611; baseline 0.002 -20"><span class='ocrx_word' id='word_1_26' title='bbox 707 546 882 591; x_wconf 89' lang='lat' dir='ltr'>secus</span> <span class='ocrx_word' id='word_1_27' title='bbox 929 527 1244 609; x_wconf 88' lang='lat' dir='ltr'>cooperari</span> <span class='ocrx_word' id='word_1_28' title='bbox 1281 527 1461 611; x_wconf 89' lang='lat' dir='ltr'>virgo</span> <span class='ocrx_word' id='word_1_29' title='bbox 1513 528 1863 590; x_wconf 88' lang='lat' dir='ltr'>censeretur</span> <span class='ocrx_word' id='word_1_30' title='bbox 1908 526 2170 605; x_wconf 80' lang='lat' dir='ltr'>crimini,</span> <span class='ocrx_word' id='word_1_31' title='bbox 2203 525 2367 609; x_wconf 89' lang='lat' dir='ltr'>quod</span> <span class='ocrx_word' id='word_1_32' title='bbox 2414 528 2625 609; x_wconf 89' lang='lat' dir='ltr'>posset</span> <span class='ocrx_word' id='word_1_33' title='bbox 2667 527 2996 610; x_wconf 81' lang='lat' dir='ltr'>impedire3</span> <span class='ocrx_word' id='word_1_34' title='bbox 3044 550 3167 595; x_wconf 89' lang='lat' dir='ltr'>me-</span> 
     </span>
     <span class='ocr_line' id='line_1_4' title="bbox 705 626 3164 711; baseline 0.002 -19"><span class='ocrx_word' id='word_1_35' title='bbox 705 630 828 694; x_wconf 90' lang='lat' dir='ltr'>rito</span> <span class='ocrx_word' id='word_1_36' title='bbox 877 630 1042 692; x_wconf 87' lang='lat' dir='ltr'>enim</span> <span class='ocrx_word' id='word_1_37' title='bbox 1074 628 1242 693; x_wconf 82' lang='lat' dir='ltr'>istud</span> <span class='ocrx_word' id='word_1_38' title='bbox 1273 648 1402 692; x_wconf 83' lang='lat' dir='ltr'>non</span> <span class='ocrx_word' id='word_1_39' title='bbox 1446 628 1743 707; x_wconf 78' lang='lat' dir='ltr'>impedire</span> <span class='ocrx_word' id='word_1_40' title='bbox 1775 626 1897 691; x_wconf 91' lang='lat' dir='ltr'>dici</span> <span class='ocrx_word' id='word_1_41' title='bbox 1926 629 2135 711; x_wconf 90' lang='lat' dir='ltr'>potest</span> <span class='ocrx_word' id='word_1_42' title='bbox 2151 629 2488 708; x_wconf 73' lang='lat' dir='ltr'>permissio</span> <span class='ocrx_word' id='word_1_43' title='bbox 2520 630 2832 711; x_wconf 58' lang='lat' dir='ltr'>neyativm</span> <span class='ocrx_word' id='word_1_44' title='bbox 2865 649 2991 695; x_wconf 91' lang='lat' dir='ltr'>non</span> <span class='ocrx_word' id='word_1_45' title='bbox 3020 651 3164 697; x_wconf 88' lang='lat' dir='ltr'>vero</span> 
     </span>
     <span class='ocr_line' id='line_1_5' title="bbox 705 729 3164 815; baseline 0.002 -21"><span class='ocrx_word' id='word_1_46' title='bbox 705 730 945 794; x_wconf 88' lang='lat' dir='ltr'>dicetur</span> <span class='ocrx_word' id='word_1_47' title='bbox 991 730 1367 813; x_wconf 89' lang='lat' dir='ltr'>cooperati0‚</span> <span class='ocrx_word' id='word_1_48' title='bbox 1417 729 1472 793; x_wconf 89' lang='lat' dir='ltr'>si</span> <span class='ocrx_word' id='word_1_49' title='bbox 1518 729 1717 793; x_wconf 87' lang='lat' dir='ltr'>invita</span> <span class='ocrx_word' id='word_1_50' title='bbox 1763 729 2023 812; x_wconf 88' lang='lat' dir='ltr'>patitur.</span> <span class='ocrx_word' id='word_1_51' title='bbox 2062 729 2243 815; x_wconf 90' lang='lat' dir='ltr'>Lugo</span> <span class='ocrx_word' id='word_1_52' title='bbox 2289 729 2540 812; x_wconf 90' lang='lat' dir='ltr'>quidem</span> <span class='ocrx_word' id='word_1_53' title='bbox 2586 731 2742 814; x_wconf 89' lang='lat' dir='ltr'>disp.</span> <span class='ocrx_word' id='word_1_54' title='bbox 2781 732 2883 795; x_wconf 88' lang='lat'>10.</span> <span class='ocrx_word' id='word_1_55' title='bbox 2917 752 2977 796; x_wconf 91' lang='lat' dir='ltr'>n.</span> <span class='ocrx_word' id='word_1_56' title='bbox 3018 734 3164 800; x_wconf 89' lang='grc'><strong>197.</strong></span> 
     </span>
     <span class='ocr_line' id='line_1_6' title="bbox 703 834 3165 919; baseline 0.001 -20"><span class='ocrx_word' id='word_1_57' title='bbox 703 835 918 919; x_wconf 78' lang='lat' dir='ltr'>exigit,</span> <span class='ocrx_word' id='word_1_58' title='bbox 952 837 1026 898; x_wconf 91' lang='lat' dir='ltr'>ut</span> <span class='ocrx_word' id='word_1_59' title='bbox 1072 834 1297 898; x_wconf 86' lang='lat' dir='ltr'>saltem</span> <span class='ocrx_word' id='word_1_60' title='bbox 1344 834 1521 918; x_wconf 88' lang='lat' dir='ltr'>virgo</span> <span class='ocrx_word' id='word_1_61' title='bbox 1568 836 1751 897; x_wconf 90' lang='lat' dir='ltr'>motu</span> <span class='ocrx_word' id='word_1_62' title='bbox 1796 834 2070 916; x_wconf 89' lang='lat' dir='ltr'>corporis</span> <span class='ocrx_word' id='word_1_63' title='bbox 2115 834 2417 917; x_wconf 88' lang='lat' dir='ltr'>impediat</span> <span class='ocrx_word' id='word_1_64' title='bbox 2460 835 2967 913; x_wconf 85' lang='lat' dir='ltr'>seminationem;</span> <span class='ocrx_word' id='word_1_65' title='bbox 3019 837 3165 919; x_wconf 87' lang='lat' dir='ltr'>quia</span> 
     </span>
     <span class='ocr_line' id='line_1_7' title="bbox 704 934 3166 1019; baseline 0.001 -17"><span class='ocrx_word' id='word_1_66' title='bbox 704 938 880 1019; x_wconf 84' lang='lat' dir='ltr'>quies</span> <span class='ocrx_word' id='word_1_67' title='bbox 928 937 1175 1002; x_wconf 87' lang='lat' dir='ltr'>videtur</span> <span class='ocrx_word' id='word_1_68' title='bbox 1221 955 1351 1001; x_wconf 88' lang='lat' dir='ltr'>esse</span> <span class='ocrx_word' id='word_1_69' title='bbox 1405 936 1781 1018; x_wconf 87' lang='lat' dir='ltr'>cooperatio.</span> <span class='ocrx_word' id='word_1_70' title='bbox 1830 934 1947 1000; x_wconf 87' lang='lat' dir='ltr'>Sed</span> <span class='ocrx_word' id='word_1_71' title='bbox 2001 936 2119 1001; x_wconf 89' lang='lat' dir='ltr'>hoc</span> <span class='ocrx_word' id='word_1_72' title='bbox 2172 938 2287 1015; x_wconf 90' lang='lat' dir='ltr'>est,</span> <span class='ocrx_word' id='word_1_73' title='bbox 2337 937 2502 1019; x_wconf 93' lang='lat' dir='ltr'>quod</span> <span class='ocrx_word' id='word_1_74' title='bbox 2569 938 2911 1019; x_wconf 87' lang='lat' dir='ltr'>quaeritur,</span> <span class='ocrx_word' id='word_1_75' title='bbox 2962 958 3041 1003; x_wconf 86' lang='lat' dir='ltr'>an</span> <span class='ocrx_word' id='word_1_76' title='bbox 3087 940 3166 1005; x_wconf 92' lang='lat' dir='ltr'>ob</span> 
     </span>
     <span class='ocr_line' id='line_1_8' title="bbox 702 1039 3168 1123; baseline 0.002 -20"><span class='ocrx_word' id='word_1_77' title='bbox 702 1042 972 1105; x_wconf 87' lang='lat' dir='ltr'>mortem</span> <span class='ocrx_word' id='word_1_78' title='bbox 1019 1039 1416 1116; x_wconf 82' lang='lat' dir='ltr'>evadendam,</span> <span class='ocrx_word' id='word_1_79' title='bbox 1465 1039 1582 1103; x_wconf 91' lang='lat' dir='ltr'>hoc</span> <span class='ocrx_word' id='word_1_80' title='bbox 1626 1040 1811 1122; x_wconf 90' lang='lat' dir='ltr'>pacto</span> <span class='ocrx_word' id='word_1_81' title='bbox 1857 1039 2056 1121; x_wconf 89' lang='lat' dir='ltr'>possit</span> <span class='ocrx_word' id='word_1_82' title='bbox 2100 1058 2222 1104; x_wconf 92' lang='lat' dir='ltr'>non</span> <span class='ocrx_word' id='word_1_83' title='bbox 2268 1040 2565 1123; x_wconf 86' lang='lat' dir='ltr'>impedire</span> <span class='ocrx_word' id='word_1_84' title='bbox 2612 1042 2870 1107; x_wconf 88' lang='lat' dir='ltr'>alterius</span> <span class='ocrx_word' id='word_1_85' title='bbox 2908 1043 3168 1108; x_wconf 88' lang='lat' dir='ltr'>semina-</span> 
     </span>
     <span class='ocr_line' id='line_1_9' title="bbox 703 1140 3167 1227; baseline 0.002 -21"><span class='ocrx_word' id='word_1_86' title='bbox 703 1143 961 1207; x_wconf 87' lang='lat' dir='ltr'>tionem.</span> <span class='ocrx_word' id='word_1_87' title='bbox 996 1142 1063 1207; x_wconf 88' lang='lat' dir='ltr'>Si</span> <span class='ocrx_word' id='word_1_88' title='bbox 1108 1143 1322 1205; x_wconf 86' lang='lat' dir='ltr'>autem</span> <span class='ocrx_word' id='word_1_89' title='bbox 1368 1140 1462 1205; x_wconf 87' lang='lat' dir='ltr'>est</span> <span class='ocrx_word' id='word_1_90' title='bbox 1500 1141 1750 1205; x_wconf 88' lang='lat' dir='ltr'>tantum</span> <span class='ocrx_word' id='word_1_91' title='bbox 1781 1141 2102 1224; x_wconf 83' lang='lat' dir='ltr'>permissio</span> <span class='ocrx_word' id='word_1_92' title='bbox 2135 1142 2449 1227; x_wconf 88' lang='lat' dir='ltr'>negativa,</span> <span class='ocrx_word' id='word_1_93' title='bbox 2481 1162 2606 1208; x_wconf 91' lang='lat' dir='ltr'>non</span> <span class='ocrx_word' id='word_1_94' title='bbox 2651 1144 3023 1226; x_wconf 87' lang='lat' dir='ltr'>cooperatio,</span> <span class='ocrx_word' id='word_1_95' title='bbox 3056 1166 3167 1211; x_wconf 90' lang='lat' dir='ltr'>cur</span> 
     </span>
     <span class='ocr_line' id='line_1_10' title="bbox 707 1249 1147 1333; baseline 0.002 -21"><span class='ocrx_word' id='word_1_96' title='bbox 707 1269 832 1314; x_wconf 92' lang='lat' dir='ltr'>non</span> <span class='ocrx_word' id='word_1_97' title='bbox 876 1249 1147 1333; x_wconf 82' lang='lat' dir='ltr'>poterit?</span> 
     </span>
    </p>

    <p class='ocr_par' dir='ltr' id='par_1_3' title="bbox 704 1349 3232 2251">
     <span class='ocr_line' id='line_1_11' title="bbox 795 1349 3168 1433; baseline 0.002 -18"><span class='ocrx_word' id='word_1_98' title='bbox 795 1352 959 1416; x_wconf 89' lang='lat' dir='ltr'>Hinc</span> <span class='ocrx_word' id='word_1_99' title='bbox 989 1371 1039 1417; x_wconf 91' lang='lat' dir='ltr'>s.</span> <span class='ocrx_word' id='word_1_100' title='bbox 1065 1350 1250 1433; x_wconf 89' lang='lat' dir='ltr'>Alph.</span> <span class='ocrx_word' id='word_1_101' title='bbox 1277 1349 1593 1415; x_wconf 80' lang='lat' dir='ltr'>concludit</span> <span class='ocrx_word' id='word_1_102' title='bbox 1626 1350 2010 1432; x_wconf 87' lang='lat' dir='ltr'>probabilem</span> <span class='ocrx_word' id='word_1_103' title='bbox 2040 1350 2198 1415; x_wconf 88' lang='lat' dir='ltr'>satis</span> <span class='ocrx_word' id='word_1_104' title='bbox 2228 1370 2360 1416; x_wconf 90' lang='lat' dir='ltr'>esse</span> <span class='ocrx_word' id='word_1_105' title='bbox 2393 1351 2583 1416; x_wconf 88' lang='lat' dir='ltr'>aliam</span> <span class='ocrx_word' id='word_1_106' title='bbox 2619 1353 3012 1431; x_wconf 87' lang='lat' dir='ltr'>sententiam,</span> <span class='ocrx_word' id='word_1_107' title='bbox 3043 1373 3168 1420; x_wconf 90' lang='lat' dir='ltr'>non</span> 
     </span>
     <span class='ocr_line' id='line_1_12' title="bbox 706 1452 3170 1540; baseline 0.001 -21"><span class='ocrx_word' id='word_1_108' title='bbox 706 1455 902 1519; x_wconf 87' lang='lat' dir='ltr'>teneri</span> <span class='ocrx_word' id='word_1_109' title='bbox 948 1454 1304 1537; x_wconf 73' lang='lat' dir='ltr'>permittere</span> <span class='ocrx_word' id='word_1_110' title='bbox 1352 1472 1415 1517; x_wconf 91' lang='lat' dir='ltr'>se</span> <span class='ocrx_word' id='word_1_111' title='bbox 1449 1452 1661 1530; x_wconf 90' lang='lat' dir='ltr'>occidi,</span> <span class='ocrx_word' id='word_1_112' title='bbox 1695 1452 1751 1516; x_wconf 90' lang='lat' dir='ltr'>si</span> <span class='ocrx_word' id='word_1_113' title='bbox 1782 1452 1949 1517; x_wconf 87' lang='lat' dir='ltr'>absit</span> <span class='ocrx_word' id='word_1_114' title='bbox 1978 1453 2324 1535; x_wconf 91' lang='lat' dir='ltr'>periculum</span> <span class='ocrx_word' id='word_1_115' title='bbox 2359 1473 2710 1532; x_wconf 79' lang='lat' dir='ltr'>consensuS,</span> <span class='ocrx_word' id='word_1_116' title='bbox 2743 1474 2886 1521; x_wconf 90' lang='lat' dir='ltr'>cum</span> <span class='ocrx_word' id='word_1_117' title='bbox 2918 1458 3170 1540; x_wconf 88' lang='lat' dir='ltr'>permis-</span> 
     </span>
     <span class='ocr_line' id='line_1_13' title="bbox 705 1553 3165 1640; baseline 0.002 -20"><span class='ocrx_word' id='word_1_118' title='bbox 705 1556 836 1621; x_wconf 84' lang='lat' dir='ltr'>sive</span> <span class='ocrx_word' id='word_1_119' title='bbox 884 1575 947 1620; x_wconf 90' lang='lat' dir='ltr'>se</span> <span class='ocrx_word' id='word_1_120' title='bbox 995 1553 1275 1620; x_wconf 90' lang='lat' dir='ltr'>habendo</span> <span class='ocrx_word' id='word_1_121' title='bbox 1322 1574 1444 1618; x_wconf 91' lang='lat' dir='ltr'>non</span> <span class='ocrx_word' id='word_1_122' title='bbox 1491 1555 1734 1637; x_wconf 87' lang='lat' dir='ltr'>peccet:</span> <span class='ocrx_word' id='word_1_123' title='bbox 1785 1554 1954 1619; x_wconf 87' lang='lat' dir='ltr'>iusta</span> <span class='ocrx_word' id='word_1_124' title='bbox 2002 1557 2214 1620; x_wconf 88' lang='lat' dir='ltr'>autem</span> <span class='ocrx_word' id='word_1_125' title='bbox 2261 1575 2450 1622; x_wconf 87' lang='lat' dir='ltr'>causa</span> <span class='ocrx_word' id='word_1_126' title='bbox 2497 1556 2663 1621; x_wconf 86' lang='lat' dir='ltr'>adsit</span> <span class='ocrx_word' id='word_1_127' title='bbox 2722 1558 3165 1640; x_wconf 77' lang='lat' dir='ltr'>permissionis,</span> 
     </span>
     <span class='ocr_line' id='line_1_14' title="bbox 708 1657 3169 1740; baseline 0.002 -18"><span class='ocrx_word' id='word_1_128' title='bbox 708 1658 929 1723; x_wconf 90' lang='lat' dir='ltr'>mortis</span> <span class='ocrx_word' id='word_1_129' title='bbox 977 1678 1059 1722; x_wconf 91' lang='lat' dir='ltr'>sc.</span> <span class='ocrx_word' id='word_1_130' title='bbox 1094 1657 1439 1740; x_wconf 91' lang='lat' dir='ltr'>periculum</span> <span class='ocrx_word' id='word_1_131' title='bbox 1484 1675 1609 1721; x_wconf 90' lang='lat' dir='ltr'>non</span> <span class='ocrx_word' id='word_1_132' title='bbox 1655 1674 1830 1721; x_wconf 90' lang='lat' dir='ltr'>secus</span> <span class='ocrx_word' id='word_1_133' title='bbox 1868 1674 1940 1720; x_wconf 88' lang='lat' dir='ltr'>ac</span> <span class='ocrx_word' id='word_1_134' title='bbox 1982 1657 2130 1722; x_wconf 88' lang='lat' dir='ltr'>licet</span> <span class='ocrx_word' id='word_1_135' title='bbox 2174 1657 2320 1722; x_wconf 90' lang='lat' dir='ltr'>dare</span> <span class='ocrx_word' id='word_1_136' title='bbox 2350 1678 2707 1723; x_wconf 87' lang='lat' dir='ltr'>crumenam</span> <span class='ocrx_word' id='word_1_137' title='bbox 2737 1659 2988 1738; x_wconf 86' lang='lat' dir='ltr'>latroni,</span> <span class='ocrx_word' id='word_1_138' title='bbox 3022 1659 3169 1726; x_wconf 89' lang='lat' dir='ltr'>licet</span> 
     </span>
     <span class='ocr_line' id='line_1_15' title="bbox 707 1754 3232 1843; baseline 0.001 -19"><span class='ocrx_word' id='word_1_139' title='bbox 707 1760 968 1843; x_wconf 89' lang='lat' dir='ltr'>pecunia</span> <span class='ocrx_word' id='word_1_140' title='bbox 1015 1761 1128 1824; x_wconf 89' lang='lat' dir='ltr'>tua</span> <span class='ocrx_word' id='word_1_141' title='bbox 1174 1778 1296 1825; x_wconf 94' lang='lat' dir='ltr'>non</span> <span class='ocrx_word' id='word_1_142' title='bbox 1343 1759 1446 1823; x_wconf 91' lang='lat' dir='ltr'>sit.</span> <span class='ocrx_word' id='word_1_143' title='bbox 1479 1757 1672 1823; x_wconf 88' lang='lat' dir='ltr'>Addit</span> <span class='ocrx_word' id='word_1_144' title='bbox 1718 1777 1864 1824; x_wconf 87' lang='lat' dir='ltr'>vero</span> <span class='ocrx_word' id='word_1_145' title='bbox 1903 1778 1952 1824; x_wconf 92' lang='lat' dir='ltr'>s.</span> <span class='ocrx_word' id='word_1_146' title='bbox 1990 1758 2178 1843; x_wconf 86' lang='lat' dir='ltr'>Alph.</span> <span class='ocrx_word' id='word_1_147' title='bbox 2212 1760 2277 1824; x_wconf 89' lang='lat' dir='ltr'>in</span> <span class='ocrx_word' id='word_1_148' title='bbox 2312 1760 2488 1843; x_wconf 79' lang='lat' dir='ltr'>praxi</span> <span class='ocrx_word' id='word_1_149' title='bbox 2533 1760 2742 1825; x_wconf 89' lang='lat' dir='ltr'>tamen</span> <span class='ocrx_word' id='word_1_150' title='bbox 2788 1761 3170 1827; x_wconf 83' lang='lat' dir='ltr'>suadendam</span> <span class='ocrx_word' id='word_1_151' title='bbox 3221 1754 3232 1762; x_wconf 74' lang='grc'>’</span> 
     </span>
     <span class='ocr_line' id='line_1_16' title="bbox 704 1860 3170 1944; baseline 0.001 -18"><span class='ocrx_word' id='word_1_152' title='bbox 704 1863 897 1926; x_wconf 88' lang='lat' dir='ltr'>aliam</span> <span class='ocrx_word' id='word_1_153' title='bbox 930 1862 1322 1940; x_wconf 87' lang='lat' dir='ltr'>sententiam,</span> <span class='ocrx_word' id='word_1_154' title='bbox 1358 1861 1582 1925; x_wconf 86' lang='lat' dir='ltr'>saltem</span> <span class='ocrx_word' id='word_1_155' title='bbox 1615 1861 1692 1924; x_wconf 92' lang='lat' dir='ltr'>ob</span> <span class='ocrx_word' id='word_1_156' title='bbox 1724 1861 2068 1944; x_wconf 91' lang='lat' dir='ltr'>periculum</span> <span class='ocrx_word' id='word_1_157' title='bbox 2098 1881 2450 1927; x_wconf 77' lang='lat' dir='ltr'>consensus,</span> <span class='ocrx_word' id='word_1_158' title='bbox 2477 1860 2570 1926; x_wconf 84' lang='lat' dir='ltr'>Cf.</span> <span class='ocrx_word' id='word_1_159' title='bbox 2603 1862 2677 1927; x_wconf 89' lang='lat' dir='ltr'>de</span> <span class='ocrx_word' id='word_1_160' title='bbox 2707 1862 2825 1927; x_wconf 89' lang='lat' dir='ltr'>hac</span> <span class='ocrx_word' id='word_1_161' title='bbox 2845 1882 2913 1928; x_wconf 90' lang='lat' dir='ltr'>re</span> <span class='ocrx_word' id='word_1_162' title='bbox 2948 1865 3170 1930; x_wconf 86' lang='lat' dir='ltr'>notata</span> 
     </span>
     <span class='ocr_line' id='line_1_17' title="bbox 706 1962 3172 2048; baseline 0.002 -21"><span class='ocrx_word' id='word_1_163' title='bbox 706 1964 773 2027; x_wconf 90' lang='lat' dir='ltr'>in</span> <span class='ocrx_word' id='word_1_164' title='bbox 821 1964 1002 2026; x_wconf 88' lang='lat' dir='ltr'>tract.</span> <span class='ocrx_word' id='word_1_165' title='bbox 1042 1963 1117 2025; x_wconf 81' lang='lat' dir='ltr'>cle</span> <span class='ocrx_word' id='word_1_166' title='bbox 1146 1962 1415 2027; x_wconf 80' lang='lat' dir='ltr'>Actibus</span> <span class='ocrx_word' id='word_1_167' title='bbox 1452 1962 1648 2026; x_wconf 68' lang='lat' dir='ltr'>Ham.</span> <span class='ocrx_word' id='word_1_168' title='bbox 1682 1983 1742 2026; x_wconf 94' lang='lat' dir='ltr'>n.</span> <span class='ocrx_word' id='word_1_169' title='bbox 1797 1963 1900 2027; x_wconf 88' lang='lat'>71.</span> <span class='ocrx_word' id='word_1_170' title='bbox 1949 1963 2058 2026; x_wconf 92' lang='lat' dir='ltr'>ubi</span> <span class='ocrx_word' id='word_1_171' title='bbox 2103 1983 2214 2046; x_wconf 90' lang='lat' dir='ltr'>pro</span> <span class='ocrx_word' id='word_1_172' title='bbox 2263 1965 2569 2029; x_wconf 88' lang='lat' dir='ltr'>sententia</span> <span class='ocrx_word' id='word_1_173' title='bbox 2608 1964 2960 2030; x_wconf 85' lang='lat' dir='ltr'>affirmante</span> <span class='ocrx_word' id='word_1_174' title='bbox 3007 1965 3172 2048; x_wconf 88' lang='lat' dir='ltr'>quod</span> 
     </span>
     <span class='ocr_line' id='line_1_18' title="bbox 706 2064 3167 2148; baseline 0.002 -20"><span class='ocrx_word' id='word_1_175' title='bbox 706 2065 892 2128; x_wconf 87' lang='lat' dir='ltr'>liceat</span> <span class='ocrx_word' id='word_1_176' title='bbox 939 2064 1169 2148; x_wconf 89' lang='lat' dir='ltr'>virgini</span> <span class='ocrx_word' id='word_1_177' title='bbox 1213 2064 1589 2147; x_wconf 87' lang='lat' dir='ltr'>permittere,</span> <span class='ocrx_word' id='word_1_178' title='bbox 1630 2064 1789 2129; x_wconf 90' lang='lat' dir='ltr'>citra</span> <span class='ocrx_word' id='word_1_179' title='bbox 1834 2065 2177 2147; x_wconf 90' lang='lat' dir='ltr'>periculum</span> <span class='ocrx_word' id='word_1_180' title='bbox 2214 2084 2565 2143; x_wconf 77' lang='lat' dir='ltr'>consensuS,</span> <span class='ocrx_word' id='word_1_181' title='bbox 2597 2066 3004 2132; x_wconf 83' lang='lat' dir='ltr'>violationem</span> <span class='ocrx_word' id='word_1_182' title='bbox 3049 2068 3167 2146; x_wconf 89' lang='lat' dir='ltr'>sui,</span> 
     </span>
     <span class='ocr_line' id='line_1_19' title="bbox 710 2165 3043 2251; baseline 0.002 -22"><span class='ocrx_word' id='word_1_183' title='bbox 710 2184 821 2249; x_wconf 89' lang='lat' dir='ltr'>pro</span> <span class='ocrx_word' id='word_1_184' title='bbox 855 2166 1111 2230; x_wconf 87' lang='lat' dir='ltr'>vitanda</span> <span class='ocrx_word' id='word_1_185' title='bbox 1141 2166 1363 2243; x_wconf 89' lang='lat' dir='ltr'>morte,</span> <span class='ocrx_word' id='word_1_186' title='bbox 1400 2165 1667 2230; x_wconf 83' lang='lat' dir='ltr'>diximus</span> <span class='ocrx_word' id='word_1_187' title='bbox 1699 2166 1961 2251; x_wconf 90' lang='lat' dir='ltr'>allegari</span> <span class='ocrx_word' id='word_1_188' title='bbox 1994 2169 2097 2231; x_wconf 84' lang='lat'>50.</span> <span class='ocrx_word' id='word_1_189' title='bbox 2136 2167 2420 2232; x_wconf 86' lang='lat' dir='ltr'>doctores</span> <span class='ocrx_word' id='word_1_190' title='bbox 2450 2187 2592 2233; x_wconf 91' lang='lat' dir='ltr'>cum</span> <span class='ocrx_word' id='word_1_191' title='bbox 2623 2186 2674 2231; x_wconf 78' lang='lat' dir='ltr'>s,</span> <span class='ocrx_word' id='word_1_192' title='bbox 2704 2168 3043 2235; x_wconf 75' lang='lat' dir='ltr'>Antonino,</span> 
     </span>
    </p>
   </div>
   <div class='ocr_carea' id='block_1_3' title="bbox 702 2301 3170 4611">
    <p class='ocr_par' dir='ltr' id='par_1_4' title="bbox 705 2301 3170 2539">
     <span class='ocr_line' id='line_1_20' title="bbox 816 2301 3170 2371; baseline 0.001 -15"><span class='ocrx_word' id='word_1_193' title='bbox 816 2306 880 2357; x_wconf 94' lang='lat' dir='ltr'>V.</span> <span class='ocrx_word' id='word_1_194' title='bbox 909 2305 957 2356; x_wconf 88' lang='lat'>3.</span> <span class='ocrx_word' id='word_1_195' title='bbox 991 2306 1096 2358; x_wconf 87' lang='lat' dir='ltr'>Reo</span> <span class='ocrx_word' id='word_1_196' title='bbox 1134 2302 1252 2357; x_wconf 81' lang='lat' dir='ltr'>licet</span> <span class='ocrx_word' id='word_1_197' title='bbox 1288 2317 1385 2356; x_wconf 84' lang='lat' dir='ltr'>non</span> <span class='ocrx_word' id='word_1_198' title='bbox 1425 2306 1607 2369; x_wconf 76' lang='lat' dir='ltr'>fugere,</span> <span class='ocrx_word' id='word_1_199' title='bbox 1647 2301 1746 2355; x_wconf 88' lang='lat' dir='ltr'>imo</span> <span class='ocrx_word' id='word_1_200' title='bbox 1785 2302 1930 2356; x_wconf 78' lang='lat' dir='ltr'>etiam</span> <span class='ocrx_word' id='word_1_201' title='bbox 1970 2309 2145 2370; x_wconf 79' lang='lat' dir='ltr'>sponte</span> <span class='ocrx_word' id='word_1_202' title='bbox 2181 2318 2234 2357; x_wconf 90' lang='lat' dir='ltr'>se</span> <span class='ocrx_word' id='word_1_203' title='bbox 2271 2303 2449 2357; x_wconf 77' lang='lat' dir='ltr'>sistere</span> <span class='ocrx_word' id='word_1_204' title='bbox 2482 2302 2635 2357; x_wconf 87' lang='lat' dir='ltr'>iudici</span> <span class='ocrx_word' id='word_1_205' title='bbox 2676 2306 3015 2371; x_wconf 75' lang='lat' dir='ltr'>plectendum:</span> <span class='ocrx_word' id='word_1_206' title='bbox 3055 2304 3170 2359; x_wconf 74' lang='lat' dir='ltr'>licet</span> 
     </span>
     <span class='ocr_line' id='line_1_21' title="bbox 705 2386 3168 2457; baseline 0 -14"><span class='ocrx_word' id='word_1_207' title='bbox 705 2388 921 2457; x_wconf 78' lang='lat' dir='ltr'>positive</span> <span class='ocrx_word' id='word_1_208' title='bbox 946 2388 1161 2455; x_wconf 86' lang='lat' dir='ltr'>seipsum</span> <span class='ocrx_word' id='word_1_209' title='bbox 1190 2386 1429 2455; x_wconf 82' lang='lat' dir='ltr'>perimere</span> <span class='ocrx_word' id='word_1_210' title='bbox 1456 2402 1552 2440; x_wconf 88' lang='lat' dir='ltr'>non</span> <span class='ocrx_word' id='word_1_211' title='bbox 1590 2386 1763 2453; x_wconf 83' lang='lat' dir='ltr'>possit,</span> <span class='ocrx_word' id='word_1_212' title='bbox 1790 2386 1981 2441; x_wconf 78' lang='lat' dir='ltr'>etiamsi</span> <span class='ocrx_word' id='word_1_213' title='bbox 2021 2402 2048 2440; x_wconf 80' lang='lat' dir='ltr'>a</span> <span class='ocrx_word' id='word_1_214' title='bbox 2084 2387 2245 2442; x_wconf 85' lang='lat' dir='ltr'>iudice</span> <span class='ocrx_word' id='word_1_215' title='bbox 2271 2388 2322 2442; x_wconf 89' lang='lat' dir='ltr'>id</span> <span class='ocrx_word' id='word_1_216' title='bbox 2345 2387 2393 2442; x_wconf 89' lang='lat' dir='ltr'>ei</span> <span class='ocrx_word' id='word_1_217' title='bbox 2417 2388 2760 2442; x_wconf 76' lang='lat' dir='ltr'>committatur.</span> <span class='ocrx_word' id='word_1_218' title='bbox 2789 2391 2854 2443; x_wconf 91' lang='lat' dir='ltr'>V.</span> <span class='ocrx_word' id='word_1_219' title='bbox 2881 2391 3017 2444; x_wconf 87' lang='lat' dir='ltr'>Less.</span> <span class='ocrx_word' id='word_1_220' title='bbox 3041 2406 3084 2443; x_wconf 85' lang='lat' dir='ltr'>c.</span> <span class='ocrx_word' id='word_1_221' title='bbox 3111 2393 3168 2445; x_wconf 84' lang='lat'>9.</span> 
     </span>
     <span class='ocr_line' id='line_1_22' title="bbox 705 2472 2757 2539; baseline 0 -13"><span class='ocrx_word' id='word_1_222' title='bbox 705 2476 755 2526; x_wconf 89' lang='lat' dir='ltr'>d.</span> <span class='ocrx_word' id='word_1_223' title='bbox 782 2474 829 2525; x_wconf 88' lang='grc'>6.</span> <span class='ocrx_word' id='word_1_224' title='bbox 858 2472 914 2526; x_wconf 91' lang='lat' dir='ltr'>C.</span> <span class='ocrx_word' id='word_1_225' title='bbox 947 2476 1068 2538; x_wconf 77' lang='lat' dir='ltr'>Lug.</span> <span class='ocrx_word' id='word_1_226' title='bbox 1094 2476 1142 2526; x_wconf 91' lang='lat' dir='ltr'>d.</span> <span class='ocrx_word' id='word_1_227' title='bbox 1174 2474 1256 2527; x_wconf 72' lang='lat'>⁴0.</span> <span class='ocrx_word' id='word_1_228' title='bbox 1284 2472 1349 2527; x_wconf 86' lang='lat' dir='ltr'>de</span> <span class='ocrx_word' id='word_1_229' title='bbox 1376 2474 1511 2526; x_wconf 76' lang='lat' dir='ltr'>lust.</span> <span class='ocrx_word' id='word_1_230' title='bbox 1538 2487 1578 2524; x_wconf 78' lang='lat' dir='ltr'>s,</span> <span class='ocrx_word' id='word_1_231' title='bbox 1608 2474 1655 2524; x_wconf 74' lang='grc'><strong>4.</strong></span> <span class='ocrx_word' id='word_1_232' title='bbox 1684 2487 1730 2524; x_wconf 89' lang='lat' dir='ltr'>n.</span> <span class='ocrx_word' id='word_1_233' title='bbox 1759 2473 1842 2524; x_wconf 88' lang='lat'>38.</span> <span class='ocrx_word' id='word_1_234' title='bbox 1869 2478 2039 2526; x_wconf 80' lang='lat' dir='ltr'>contra</span> <span class='ocrx_word' id='word_1_235' title='bbox 2080 2474 2231 2539; x_wconf 85' lang='lat' dir='ltr'>Vasq.</span> <span class='ocrx_word' id='word_1_236' title='bbox 2262 2475 2308 2525; x_wconf 80' lang='grc'>-1,</span> <span class='ocrx_word' id='word_1_237' title='bbox 2337 2476 2386 2527; x_wconf 86' lang='grc'><strong>2.</strong></span> <span class='ocrx_word' id='word_1_238' title='bbox 2413 2475 2460 2526; x_wconf 85' lang='lat' dir='ltr'>d.</span> <span class='ocrx_word' id='word_1_239' title='bbox 2492 2474 2610 2527; x_wconf 75' lang='grc'><strong>173.</strong></span> <span class='ocrx_word' id='word_1_240' title='bbox 2636 2489 2680 2527; x_wconf 86' lang='lat' dir='ltr'>c.</span> <span class='ocrx_word' id='word_1_241' title='bbox 2708 2475 2757 2527; x_wconf 85' lang='lat'>3.</span> 
     </span>
    </p>

    <p class='ocr_par' dir='ltr' id='par_1_5' title="bbox 710 2578 3168 2768">
     <span class='ocr_line' id='line_1_23' title="bbox 796 2578 3168 2661; baseline -0.001 -10"><span class='ocrx_word' id='word_1_242' title='bbox 796 2578 953 2651; x_wconf 73' lang='grc'><strong>861.</strong></span> <span class='ocrx_word' id='word_1_243' title='bbox 1003 2579 1468 2646; x_wconf 86' lang='lat' dir='ltr'>Praemittenda</span> <span class='ocrx_word' id='word_1_244' title='bbox 1515 2579 1827 2661; x_wconf 86' lang='lat' dir='ltr'>quaestio:</span> <span class='ocrx_word' id='word_1_245' title='bbox 1878 2599 1957 2644; x_wconf 88' lang='lat' dir='ltr'>an</span> <span class='ocrx_word' id='word_1_246' title='bbox 1999 2600 2163 2659; x_wconf 78' lang='lat' dir='ltr'>reuS,</span> <span class='ocrx_word' id='word_1_247' title='bbox 2211 2581 2265 2646; x_wconf 89' lang='lat' dir='ltr'>si</span> <span class='ocrx_word' id='word_1_248' title='bbox 2313 2601 2350 2646; x_wconf 91' lang='lat' dir='ltr'>a</span> <span class='ocrx_word' id='word_1_249' title='bbox 2393 2581 2595 2647; x_wconf 89' lang='lat' dir='ltr'>iudice</span> <span class='ocrx_word' id='word_1_250' title='bbox 2640 2582 2947 2660; x_wconf 82' lang='lat' dir='ltr'>iubeatur,</span> <span class='ocrx_word' id='word_1_251' title='bbox 2993 2583 3168 2649; x_wconf 84' lang='lat' dir='ltr'>licite</span> 
     </span>
     <span class='ocr_line' id='line_1_24' title="bbox 710 2683 1359 2768; baseline -0.003 -20"><span class='ocrx_word' id='word_1_252' title='bbox 710 2685 912 2768; x_wconf 87' lang='lat' dir='ltr'>possit</span> <span class='ocrx_word' id='word_1_253' title='bbox 958 2703 1022 2748; x_wconf 91' lang='lat' dir='ltr'>se</span> <span class='ocrx_word' id='word_1_254' title='bbox 1071 2683 1359 2747; x_wconf 89' lang='lat' dir='ltr'>occidere.</span> 
     </span>
    </p>

    <p class='ocr_par' dir='ltr' id='par_1_6' title="bbox 702 2784 3170 3669">
     <span class='ocr_line' id='line_1_25' title="bbox 794 2784 3165 2872; baseline 0.001 -22"><span class='ocrx_word' id='word_1_255' title='bbox 794 2785 856 2851; x_wconf 92' lang='lat' dir='ltr'>S.</span> <span class='ocrx_word' id='word_1_256' title='bbox 882 2786 1241 2869; x_wconf 90' lang='lat' dir='ltr'>Alphonsus</span> <span class='ocrx_word' id='word_1_257' title='bbox 1265 2805 1324 2849; x_wconf 94' lang='lat' dir='ltr'>n.</span> <span class='ocrx_word' id='word_1_258' title='bbox 1345 2784 1495 2849; x_wconf 87' lang='lat'><strong>369.</strong></span> <span class='ocrx_word' id='word_1_259' title='bbox 1518 2786 1802 2850; x_wconf 88' lang='lat' dir='ltr'>auctores</span> <span class='ocrx_word' id='word_1_260' title='bbox 1826 2785 1963 2849; x_wconf 91' lang='lat' dir='ltr'>tum</span> <span class='ocrx_word' id='word_1_261' title='bbox 1990 2785 2392 2864; x_wconf 86' lang='lat' dir='ltr'>affirmantes,</span> <span class='ocrx_word' id='word_1_262' title='bbox 2418 2787 2558 2850; x_wconf 92' lang='lat' dir='ltr'>tum</span> <span class='ocrx_word' id='word_1_263' title='bbox 2581 2788 2878 2872; x_wconf 87' lang='lat' dir='ltr'>negantes</span> <span class='ocrx_word' id='word_1_264' title='bbox 2902 2787 3165 2872; x_wconf 85' lang='lat' dir='ltr'>allegat:</span> 
     </span>
     <span class='ocr_line' id='line_1_26' title="bbox 708 2887 3170 2973; baseline 0 -21"><span class='ocrx_word' id='word_1_265' title='bbox 708 2889 914 2953; x_wconf 90' lang='lat' dir='ltr'>nescio</span> <span class='ocrx_word' id='word_1_266' title='bbox 961 2889 1171 2953; x_wconf 88' lang='lat' dir='ltr'>tamen</span> <span class='ocrx_word' id='word_1_267' title='bbox 1220 2907 1298 2952; x_wconf 89' lang='lat' dir='ltr'>an</span> <span class='ocrx_word' id='word_1_268' title='bbox 1344 2887 1570 2952; x_wconf 91' lang='lat' dir='ltr'>merito</span> <span class='ocrx_word' id='word_1_269' title='bbox 1617 2887 1848 2952; x_wconf 82' lang='lat' dir='ltr'>citetur</span> <span class='ocrx_word' id='word_1_270' title='bbox 1890 2887 2226 2953; x_wconf 88' lang='lat' dir='ltr'>Bonacina.</span> <span class='ocrx_word' id='word_1_271' title='bbox 2275 2887 2458 2952; x_wconf 90' lang='lat' dir='ltr'>Hunc</span> <span class='ocrx_word' id='word_1_272' title='bbox 2504 2888 2741 2973; x_wconf 88' lang='lat' dir='ltr'>allegat</span> <span class='ocrx_word' id='word_1_273' title='bbox 2792 2888 2956 2954; x_wconf 90' lang='lat' dir='ltr'>inter</span> <span class='ocrx_word' id='word_1_274' title='bbox 3000 2889 3170 2954; x_wconf 90' lang='lat' dir='ltr'>affir-</span> 
     </span>
     <span class='ocr_line' id='line_1_27' title="bbox 707 2987 3167 3074; baseline 0 -20"><span class='ocrx_word' id='word_1_275' title='bbox 707 2993 951 3054; x_wconf 84' lang='lat' dir='ltr'>mantes</span> <span class='ocrx_word' id='word_1_276' title='bbox 985 3008 1034 3055; x_wconf 88' lang='lat' dir='ltr'>s.</span> <span class='ocrx_word' id='word_1_277' title='bbox 1061 2989 1246 3071; x_wconf 87' lang='lat' dir='ltr'>Alph.</span> <span class='ocrx_word' id='word_1_278' title='bbox 1282 2990 1429 3072; x_wconf 89' lang='lat' dir='ltr'>post</span> <span class='ocrx_word' id='word_1_279' title='bbox 1459 2987 1821 3054; x_wconf 88' lang='lat' dir='ltr'>Salmantic.</span> <span class='ocrx_word' id='word_1_280' title='bbox 1855 2988 1930 3053; x_wconf 82' lang='lat' dir='ltr'>de</span> <span class='ocrx_word' id='word_1_281' title='bbox 1953 2988 2182 3055; x_wconf 83' lang='lat' dir='ltr'>Praec.</span> <span class='ocrx_word' id='word_1_282' title='bbox 2209 2989 2286 3053; x_wconf 89' lang='lat' dir='ltr'>V.</span> <span class='ocrx_word' id='word_1_283' title='bbox 2313 3008 2446 3072; x_wconf 88' lang='lat' dir='ltr'>cap.</span> <span class='ocrx_word' id='word_1_284' title='bbox 2477 2991 2534 3053; x_wconf 94' lang='lat'>1.</span> <span class='ocrx_word' id='word_1_285' title='bbox 2562 3010 2622 3054; x_wconf 92' lang='lat' dir='ltr'>n.</span> <span class='ocrx_word' id='word_1_286' title='bbox 2652 2991 2797 3054; x_wconf 88' lang='lat'><strong>118.</strong></span> <span class='ocrx_word' id='word_1_287' title='bbox 2826 2988 2944 3055; x_wconf 90' lang='lat' dir='ltr'>Sed</span> <span class='ocrx_word' id='word_1_288' title='bbox 2965 2991 3167 3074; x_wconf 87' lang='lat' dir='ltr'>reipsa</span> 
     </span>
     <span class='ocr_line' id='line_1_28' title="bbox 704 3091 3162 3176; baseline 0 -19"><span class='ocrx_word' id='word_1_289' title='bbox 704 3112 828 3158; x_wconf 92' lang='lat' dir='ltr'>non</span> <span class='ocrx_word' id='word_1_290' title='bbox 874 3092 1056 3156; x_wconf 88' lang='lat' dir='ltr'>debet</span> <span class='ocrx_word' id='word_1_291' title='bbox 1099 3091 1196 3155; x_wconf 91' lang='lat' dir='ltr'>his</span> <span class='ocrx_word' id='word_1_292' title='bbox 1245 3091 1568 3156; x_wconf 88' lang='lat' dir='ltr'>accenseri.</span> <span class='ocrx_word' id='word_1_293' title='bbox 1603 3091 1776 3155; x_wconf 88' lang='lat' dir='ltr'>Haec</span> <span class='ocrx_word' id='word_1_294' title='bbox 1821 3091 1987 3155; x_wconf 89' lang='lat' dir='ltr'>enim</span> <span class='ocrx_word' id='word_1_295' title='bbox 2032 3092 2284 3155; x_wconf 90' lang='lat' dir='ltr'>tantum</span> <span class='ocrx_word' id='word_1_296' title='bbox 2321 3091 2511 3156; x_wconf 87' lang='lat' dir='ltr'>habet</span> <span class='ocrx_word' id='word_1_297' title='bbox 2544 3092 2620 3156; x_wconf 82' lang='lat' dir='ltr'>de</span> <span class='ocrx_word' id='word_1_298' title='bbox 2649 3091 2877 3157; x_wconf 64' lang='lat' dir='ltr'>Restit.</span> <span class='ocrx_word' id='word_1_299' title='bbox 2912 3093 3066 3176; x_wconf 91' lang='lat' dir='ltr'>disp.</span> <span class='ocrx_word' id='word_1_300' title='bbox 3100 3095 3162 3159; x_wconf 88' lang='grc'>2.</span> 
     </span>
     <span class='ocr_line' id='line_1_29' title="bbox 705 3193 3167 3277; baseline 0 -18"><span class='ocrx_word' id='word_1_301' title='bbox 705 3215 765 3277; x_wconf 93' lang='lat' dir='ltr'>q.</span> <span class='ocrx_word' id='word_1_302' title='bbox 800 3194 915 3258; x_wconf 88' lang='lat' dir='ltr'>ult.</span> <span class='ocrx_word' id='word_1_303' title='bbox 951 3195 1098 3259; x_wconf 90' lang='lat' dir='ltr'>sect.</span> <span class='ocrx_word' id='word_1_304' title='bbox 1138 3194 1195 3257; x_wconf 92' lang='lat'>1.</span> <span class='ocrx_word' id='word_1_305' title='bbox 1236 3193 1443 3276; x_wconf 90' lang='lat' dir='ltr'>punct.</span> <span class='ocrx_word' id='word_1_306' title='bbox 1482 3195 1540 3256; x_wconf 90' lang='lat'>5.</span> <span class='ocrx_word' id='word_1_307' title='bbox 1575 3212 1634 3256; x_wconf 92' lang='lat' dir='ltr'>n.</span> <span class='ocrx_word' id='word_1_308' title='bbox 1670 3194 1762 3256; x_wconf 86' lang='lat'>3.:</span> <span class='ocrx_word' id='word_1_309' title='bbox 1804 3217 1839 3251; x_wconf 83' lang='lat'>«</span> <span class='ocrx_word' id='word_1_310' title='bbox 1872 3194 2092 3258; x_wconf 91' lang='lat' dir='ltr'>Potest</span> <span class='ocrx_word' id='word_1_311' title='bbox 2141 3193 2366 3275; x_wconf 88' lang='lat' dir='ltr'>aliquis</span> <span class='ocrx_word' id='word_1_312' title='bbox 2398 3195 2648 3277; x_wconf 89' lang='lat' dir='ltr'>publica</span> <span class='ocrx_word' id='word_1_313' title='bbox 2680 3195 3057 3261; x_wconf 86' lang='lat' dir='ltr'>auctoritate</span> <span class='ocrx_word' id='word_1_314' title='bbox 3089 3195 3167 3260; x_wconf 87' lang='lat' dir='ltr'>ad</span> 
     </span>
     <span class='ocr_line' id='line_1_30' title="bbox 703 3293 3169 3378; baseline 0.002 -19"><span class='ocrx_word' id='word_1_315' title='bbox 703 3315 885 3360; x_wconf 86' lang='lat' dir='ltr'>suam</span> <span class='ocrx_word' id='word_1_316' title='bbox 931 3296 1197 3360; x_wconf 82' lang='lat' dir='ltr'>mortem</span> <span class='ocrx_word' id='word_1_317' title='bbox 1237 3294 1553 3378; x_wconf 87' lang='lat' dir='ltr'>cooperari</span> <span class='ocrx_word' id='word_1_318' title='bbox 1589 3293 1667 3358; x_wconf 92' lang='lat' dir='ltr'>iis</span> <span class='ocrx_word' id='word_1_319' title='bbox 1701 3295 1964 3373; x_wconf 86' lang='lat' dir='ltr'>actibus,</span> <span class='ocrx_word' id='word_1_320' title='bbox 1997 3296 2105 3377; x_wconf 91' lang='lat' dir='ltr'>qui</span> <span class='ocrx_word' id='word_1_321' title='bbox 2144 3315 2267 3361; x_wconf 94' lang='lat' dir='ltr'>non</span> <span class='ocrx_word' id='word_1_322' title='bbox 2304 3296 2535 3362; x_wconf 88' lang='lat' dir='ltr'>habent</span> <span class='ocrx_word' id='word_1_323' title='bbox 2571 3297 2881 3363; x_wconf 89' lang='lat' dir='ltr'>crudelem</span> <span class='ocrx_word' id='word_1_324' title='bbox 2910 3297 3169 3363; x_wconf 90' lang='lat' dir='ltr'>modum</span> 
     </span>
     <span class='ocr_line' id='line_1_31' title="bbox 702 3397 3167 3483; baseline 0.001 -20"><span class='ocrx_word' id='word_1_325' title='bbox 702 3417 956 3482; x_wconf 88' lang='lat' dir='ltr'>poenae,</span> <span class='ocrx_word' id='word_1_326' title='bbox 998 3399 1079 3462; x_wconf 84' lang='lat' dir='ltr'>ut</span> <span class='ocrx_word' id='word_1_327' title='bbox 1125 3400 1220 3462; x_wconf 87' lang='lat' dir='ltr'>est</span> <span class='ocrx_word' id='word_1_328' title='bbox 1276 3397 1553 3480; x_wconf 88' lang='lat' dir='ltr'>sumptio</span> <span class='ocrx_word' id='word_1_329' title='bbox 1616 3397 1866 3476; x_wconf 83' lang='lat' dir='ltr'>veneni3</span> <span class='ocrx_word' id='word_1_330' title='bbox 1916 3399 2068 3463; x_wconf 89' lang='lat' dir='ltr'>haec</span> <span class='ocrx_word' id='word_1_331' title='bbox 2112 3399 2277 3464; x_wconf 91' lang='lat' dir='ltr'>enim</span> <span class='ocrx_word' id='word_1_332' title='bbox 2336 3401 2690 3483; x_wconf 88' lang='lat' dir='ltr'>cooperatio</span> <span class='ocrx_word' id='word_1_333' title='bbox 2741 3419 2865 3466; x_wconf 93' lang='lat' dir='ltr'>non</span> <span class='ocrx_word' id='word_1_334' title='bbox 2921 3400 3167 3465; x_wconf 82' lang='lat' dir='ltr'>videtur</span> 
     </span>
     <span class='ocr_line' id='line_1_32' title="bbox 702 3498 3164 3586; baseline 0 -21"><span class='ocrx_word' id='word_1_335' title='bbox 702 3501 1016 3566; x_wconf 88' lang='lat' dir='ltr'>contraria</span> <span class='ocrx_word' id='word_1_336' title='bbox 1043 3500 1168 3564; x_wconf 88' lang='lat' dir='ltr'>iuri</span> <span class='ocrx_word' id='word_1_337' title='bbox 1192 3500 1472 3577; x_wconf 87' lang='lat' dir='ltr'>naturae,</span> <span class='ocrx_word' id='word_1_338' title='bbox 1502 3499 1555 3563; x_wconf 91' lang='lat' dir='ltr'>si</span> <span class='ocrx_word' id='word_1_339' title='bbox 1585 3498 1699 3564; x_wconf 89' lang='lat' dir='ltr'>fiat</span> <span class='ocrx_word' id='word_1_340' title='bbox 1722 3502 1954 3580; x_wconf 87' lang='lat' dir='ltr'>coacte,</span> <span class='ocrx_word' id='word_1_341' title='bbox 1980 3503 2055 3566; x_wconf 90' lang='lat' dir='ltr'>ut</span> <span class='ocrx_word' id='word_1_342' title='bbox 2078 3501 2170 3565; x_wconf 89' lang='lat' dir='ltr'>ait</span> <span class='ocrx_word' id='word_1_343' title='bbox 2189 3500 2595 3586; x_wconf 62' lang='lat' dir='ltr'>magonius,</span> <span class='ocrx_word' id='word_1_344' title='bbox 2621 3500 2704 3567; x_wconf 74' lang='lat' dir='ltr'>Sa</span> <span class='ocrx_word' id='word_1_345' title='bbox 2728 3505 2792 3567; x_wconf 91' lang='lat' dir='ltr'>et</span> <span class='ocrx_word' id='word_1_346' title='bbox 2817 3503 2927 3566; x_wconf 88' lang='lat' dir='ltr'>alii</span> <span class='ocrx_word' id='word_1_347' title='bbox 2949 3505 3164 3568; x_wconf 88' lang='lat' dir='ltr'>contra</span> 
     </span>
     <span class='ocr_line' id='line_1_33' title="bbox 702 3603 1134 3669; baseline -0.005 0"><span class='ocrx_word' id='word_1_348' title='bbox 702 3603 986 3669; x_wconf 89' lang='lat' dir='ltr'>Lessium</span> <span class='ocrx_word' id='word_1_349' title='bbox 1019 3606 1134 3668; x_wconf 88' lang='lat' dir='ltr'>etc.</span> 
     </span>
    </p>

    <p class='ocr_par' dir='ltr' id='par_1_7' title="bbox 702 3705 3168 4611">
     <span class='ocr_line' id='line_1_34' title="bbox 792 3705 3164 3792; baseline 0.003 -23"><span class='ocrx_word' id='word_1_350' title='bbox 792 3706 1098 3770; x_wconf 87' lang='lat' dir='ltr'>Rationes</span> <span class='ocrx_word' id='word_1_351' title='bbox 1145 3705 1616 3785; x_wconf 87' lang='lat' dir='ltr'>affirmantium,</span> <span class='ocrx_word' id='word_1_352' title='bbox 1665 3726 1821 3789; x_wconf 88' lang='lat' dir='ltr'>quas</span> <span class='ocrx_word' id='word_1_353' title='bbox 1866 3706 2159 3792; x_wconf 90' lang='lat' dir='ltr'>Ligorius</span> <span class='ocrx_word' id='word_1_354' title='bbox 2206 3707 2466 3786; x_wconf 88' lang='lat' dir='ltr'>omittit,</span> <span class='ocrx_word' id='word_1_355' title='bbox 2505 3710 2670 3786; x_wconf 91' lang='lat' dir='ltr'>sunt,</span> <span class='ocrx_word' id='word_1_356' title='bbox 2704 3709 2853 3791; x_wconf 88' lang='lat' dir='ltr'>quia</span> <span class='ocrx_word' id='word_1_357' title='bbox 2884 3708 3164 3792; x_wconf 88' lang='lat' dir='ltr'>(Lessius</span> 
     </span>
     <span class='ocr_line' id='line_1_35' title="bbox 702 3809 3166 3894; baseline 0.002 -22"><span class='ocrx_word' id='word_1_358' title='bbox 702 3809 812 3872; x_wconf 90' lang='lat' dir='ltr'>lib.</span> <span class='ocrx_word' id='word_1_359' title='bbox 850 3810 908 3871; x_wconf 82' lang='lat'>2.</span> <span class='ocrx_word' id='word_1_360' title='bbox 948 3809 1049 3872; x_wconf 88' lang='grc'>19.</span> <span class='ocrx_word' id='word_1_361' title='bbox 1084 3829 1184 3872; x_wconf 93' lang='lat' dir='ltr'>nn.</span> <span class='ocrx_word' id='word_1_362' title='bbox 1222 3810 1326 3873; x_wconf 82' lang='lat'>25.</span> <span class='ocrx_word' id='word_1_363' title='bbox 1363 3811 1500 3894; x_wconf 88' lang='grc'><strong>26.)</strong></span> <span class='ocrx_word' id='word_1_364' title='bbox 1539 3810 1605 3874; x_wconf 91' lang='lat'>1⁰</span> <span class='ocrx_word' id='word_1_365' title='bbox 1635 3810 1821 3873; x_wconf 80' lang='lat' dir='ltr'>iudex</span> <span class='ocrx_word' id='word_1_366' title='bbox 1865 3811 2074 3893; x_wconf 89' lang='lat' dir='ltr'>potest</span> <span class='ocrx_word' id='word_1_367' title='bbox 2119 3810 2505 3876; x_wconf 79' lang='lat' dir='ltr'>committere</span> <span class='ocrx_word' id='word_1_368' title='bbox 2551 3812 3006 3877; x_wconf 79' lang='lat' dir='ltr'>exsecutionem</span> <span class='ocrx_word' id='word_1_369' title='bbox 3041 3813 3166 3877; x_wconf 91' lang='lat' dir='ltr'>cui-</span> 
     </span>
     <span class='ocr_line' id='line_1_36' title="bbox 704 3908 3164 3997; baseline 0.002 -24"><span class='ocrx_word' id='word_1_370' title='bbox 704 3909 893 3986; x_wconf 77' lang='lat' dir='ltr'>libet3</span> <span class='ocrx_word' id='word_1_371' title='bbox 929 3928 1075 3995; x_wconf 90' lang='lat' dir='ltr'>ergo</span> <span class='ocrx_word' id='word_1_372' title='bbox 1113 3909 1233 3992; x_wconf 88' lang='lat' dir='ltr'>ipsi</span> <span class='ocrx_word' id='word_1_373' title='bbox 1264 3930 1510 3994; x_wconf 91' lang='lat' dir='ltr'>quoque</span> <span class='ocrx_word' id='word_1_374' title='bbox 1540 3929 1664 3976; x_wconf 91' lang='lat' dir='ltr'>reo.</span> <span class='ocrx_word' id='word_1_375' title='bbox 1701 3908 1919 3976; x_wconf 84' lang='lat' dir='ltr'>Cessat</span> <span class='ocrx_word' id='word_1_376' title='bbox 1949 3911 2262 3994; x_wconf 88' lang='lat' dir='ltr'>quaelibet</span> <span class='ocrx_word' id='word_1_377' title='bbox 2293 3912 2576 3997; x_wconf 88' lang='lat' dir='ltr'>opposita</span> <span class='ocrx_word' id='word_1_378' title='bbox 2623 3915 2806 3995; x_wconf 90' lang='lat' dir='ltr'>ratio,</span> <span class='ocrx_word' id='word_1_379' title='bbox 2840 3916 2980 3980; x_wconf 90' lang='lat' dir='ltr'>tum</span> <span class='ocrx_word' id='word_1_380' title='bbox 3017 3915 3164 3997; x_wconf 84' lang='lat' dir='ltr'>quia</span> 
     </span>
     <span class='ocr_line' id='line_1_37' title="bbox 704 4012 3167 4099; baseline 0.002 -23"><span class='ocrx_word' id='word_1_381' title='bbox 704 4031 828 4077; x_wconf 89' lang='lat' dir='ltr'>non</span> <span class='ocrx_word' id='word_1_382' title='bbox 876 4012 1100 4077; x_wconf 88' lang='lat' dir='ltr'>occidit</span> <span class='ocrx_word' id='word_1_383' title='bbox 1145 4013 1553 4092; x_wconf 86' lang='lat' dir='ltr'>innocentem,</span> <span class='ocrx_word' id='word_1_384' title='bbox 1601 4031 1799 4094; x_wconf 91' lang='lat' dir='ltr'>neque</span> <span class='ocrx_word' id='word_1_385' title='bbox 1843 4013 2094 4095; x_wconf 90' lang='lat' dir='ltr'>propria</span> <span class='ocrx_word' id='word_1_386' title='bbox 2140 4015 2535 4094; x_wconf 86' lang='lat' dir='ltr'>auctoritate,</span> <span class='ocrx_word' id='word_1_387' title='bbox 2565 4035 2764 4099; x_wconf 89' lang='lat' dir='ltr'>neque</span> <span class='ocrx_word' id='word_1_388' title='bbox 2810 4017 3040 4098; x_wconf 87' lang='lat' dir='ltr'>absque</span> <span class='ocrx_word' id='word_1_389' title='bbox 3073 4036 3167 4082; x_wconf 91' lang='lat' dir='ltr'>or-</span> 
     </span>
     <span class='ocr_line' id='line_1_38' title="bbox 704 4114 3168 4202; baseline 0.002 -22"><span class='ocrx_word' id='word_1_390' title='bbox 704 4116 843 4181; x_wconf 89' lang='lat' dir='ltr'>dine</span> <span class='ocrx_word' id='word_1_391' title='bbox 877 4116 1049 4181; x_wconf 89' lang='lat' dir='ltr'>iuris.</span> <span class='ocrx_word' id='word_1_392' title='bbox 1084 4114 1258 4194; x_wconf 83' lang='lat' dir='ltr'>Quod</span> <span class='ocrx_word' id='word_1_393' title='bbox 1292 4116 1346 4179; x_wconf 89' lang='lat' dir='ltr'>si</span> <span class='ocrx_word' id='word_1_394' title='bbox 1376 4116 1684 4199; x_wconf 85' lang='lat' dir='ltr'>repugnat</span> <span class='ocrx_word' id='word_1_395' title='bbox 1714 4117 1975 4180; x_wconf 87' lang='lat' dir='ltr'>naturae</span> <span class='ocrx_word' id='word_1_396' title='bbox 2004 4115 2349 4196; x_wconf 89' lang='lat' dir='ltr'>inclinatio,</span> <span class='ocrx_word' id='word_1_397' title='bbox 2381 4118 2445 4182; x_wconf 91' lang='lat' dir='ltr'>id</span> <span class='ocrx_word' id='word_1_398' title='bbox 2477 4119 2706 4184; x_wconf 85' lang='lat' dir='ltr'>evincit</span> <span class='ocrx_word' id='word_1_399' title='bbox 2734 4119 2971 4202; x_wconf 87' lang='lat' dir='ltr'>utique,</span> <span class='ocrx_word' id='word_1_400' title='bbox 2997 4138 3168 4202; x_wconf 83' lang='lat' dir='ltr'>prae-</span> 
     </span>
     <span class='ocr_line' id='line_1_39' title="bbox 705 4216 3165 4305; baseline 0.002 -23"><span class='ocrx_word' id='word_1_401' title='bbox 705 4219 825 4300; x_wconf 91' lang='lat' dir='ltr'>cipi</span> <span class='ocrx_word' id='word_1_402' title='bbox 879 4218 943 4282; x_wconf 91' lang='lat' dir='ltr'>id</span> <span class='ocrx_word' id='word_1_403' title='bbox 998 4238 1033 4282; x_wconf 91' lang='lat' dir='ltr'>a</span> <span class='ocrx_word' id='word_1_404' title='bbox 1070 4216 1270 4281; x_wconf 89' lang='lat' dir='ltr'>iudice</span> <span class='ocrx_word' id='word_1_405' title='bbox 1315 4235 1438 4281; x_wconf 91' lang='lat' dir='ltr'>non</span> <span class='ocrx_word' id='word_1_406' title='bbox 1490 4234 1698 4298; x_wconf 86' lang='lat' dir='ltr'>posse;</span> <span class='ocrx_word' id='word_1_407' title='bbox 1748 4220 1816 4280; x_wconf 89' lang='lat' dir='ltr'>at</span> <span class='ocrx_word' id='word_1_408' title='bbox 1866 4235 1988 4281; x_wconf 93' lang='lat' dir='ltr'>non</span> <span class='ocrx_word' id='word_1_409' title='bbox 2034 4219 2262 4284; x_wconf 90' lang='lat' dir='ltr'>evincit</span> <span class='ocrx_word' id='word_1_410' title='bbox 2306 4239 2481 4285; x_wconf 91' lang='lat' dir='ltr'>reum</span> <span class='ocrx_word' id='word_1_411' title='bbox 2540 4239 2662 4285; x_wconf 91' lang='lat' dir='ltr'>non</span> <span class='ocrx_word' id='word_1_412' title='bbox 2715 4239 2893 4305; x_wconf 88' lang='lat' dir='ltr'>posse</span> <span class='ocrx_word' id='word_1_413' title='bbox 2946 4223 3165 4304; x_wconf 87' lang='lat' dir='ltr'>sponte</span> 
     </span>
     <span class='ocr_line' id='line_1_40' title="bbox 706 4317 3168 4406; baseline 0.002 -24"><span class='ocrx_word' id='word_1_414' title='bbox 706 4319 818 4383; x_wconf 85' lang='lat' dir='ltr'>has</span> <span class='ocrx_word' id='word_1_415' title='bbox 864 4322 1073 4401; x_wconf 85' lang='lat' dir='ltr'>partes</span> <span class='ocrx_word' id='word_1_416' title='bbox 1122 4336 1453 4394; x_wconf 88' lang='lat' dir='ltr'>assumere,</span> <span class='ocrx_word' id='word_1_417' title='bbox 1504 4317 1771 4383; x_wconf 82' lang='lat' dir='ltr'>maxime</span> <span class='ocrx_word' id='word_1_418' title='bbox 1817 4319 1870 4384; x_wconf 89' lang='lat' dir='ltr'>si</span> <span class='ocrx_word' id='word_1_419' title='bbox 1901 4322 2304 4401; x_wconf 79' lang='lat' dir='ltr'>permittatur</span> <span class='ocrx_word' id='word_1_420' title='bbox 2333 4323 2428 4388; x_wconf 90' lang='lat' dir='ltr'>illi</span> <span class='ocrx_word' id='word_1_421' title='bbox 2466 4342 2633 4388; x_wconf 87' lang='lat' dir='ltr'>mors</span> <span class='ocrx_word' id='word_1_422' title='bbox 2670 4323 2890 4402; x_wconf 85' lang='lat' dir='ltr'>facilis,</span> <span class='ocrx_word' id='word_1_423' title='bbox 2932 4323 3168 4406; x_wconf 82' lang='lat' dir='ltr'>alioqui</span> 
     </span>
     <span class='ocr_line' id='line_1_41' title="bbox 702 4419 3166 4510; baseline 0.003 -26"><span class='ocrx_word' id='word_1_424' title='bbox 702 4421 991 4486; x_wconf 86' lang='lat' dir='ltr'>subituro</span> <span class='ocrx_word' id='word_1_425' title='bbox 1039 4423 1351 4487; x_wconf 89' lang='lat' dir='ltr'>tormenta</span> <span class='ocrx_word' id='word_1_426' title='bbox 1402 4419 1736 4485; x_wconf 87' lang='lat' dir='ltr'>acerbiora.</span> <span class='ocrx_word' id='word_1_427' title='bbox 1793 4421 1985 4488; x_wconf 89' lang='lat' dir='ltr'>Addit</span> <span class='ocrx_word' id='word_1_428' title='bbox 2037 4425 2256 4491; x_wconf 87' lang='lat' dir='ltr'>Franc.</span> <span class='ocrx_word' id='word_1_429' title='bbox 2304 4426 2620 4492; x_wconf 82' lang='lat' dir='ltr'>Victoria:</span> <span class='ocrx_word' id='word_1_430' title='bbox 2675 4451 2712 4486; x_wconf 88' lang='lat'><strong>‹</strong></span> <span class='ocrx_word' id='word_1_431' title='bbox 2744 4428 2798 4492; x_wconf 91' lang='lat' dir='ltr'>si</span> <span class='ocrx_word' id='word_1_432' title='bbox 2842 4427 3052 4510; x_wconf 87' lang='lat' dir='ltr'>potest</span> <span class='ocrx_word' id='word_1_433' title='bbox 3099 4444 3166 4491; x_wconf 84' lang='lat' dir='ltr'>os</span> 
     </span>
     <span class='ocr_line' id='line_1_42' title="bbox 706 4524 3163 4611; baseline 0.002 -23"><span class='ocrx_word' id='word_1_434' title='bbox 706 4526 943 4607; x_wconf 84' lang='lat' dir='ltr'>operire</span> <span class='ocrx_word' id='word_1_435' title='bbox 977 4525 1053 4589; x_wconf 86' lang='lat' dir='ltr'>ad</span> <span class='ocrx_word' id='word_1_436' title='bbox 1084 4544 1388 4590; x_wconf 88' lang='lat' dir='ltr'>venenum</span> <span class='ocrx_word' id='word_1_437' title='bbox 1419 4524 1805 4604; x_wconf 84' lang='lat' dir='ltr'>sumendum,</span> <span class='ocrx_word' id='word_1_438' title='bbox 1845 4546 1956 4592; x_wconf 91' lang='lat' dir='ltr'>cur</span> <span class='ocrx_word' id='word_1_439' title='bbox 1987 4546 2109 4593; x_wconf 92' lang='lat' dir='ltr'>non</span> <span class='ocrx_word' id='word_1_440' title='bbox 2141 4529 2339 4611; x_wconf 89' lang='lat' dir='ltr'>possit</span> <span class='ocrx_word' id='word_1_441' title='bbox 2370 4528 2734 4601; x_wconf 77' lang='lat' dir='ltr'>infundere?</span> <span class='ocrx_word' id='word_1_442' title='bbox 2767 4527 2928 4608; x_wconf 85' lang='lat' dir='ltr'>Quid</span> <span class='ocrx_word' id='word_1_443' title='bbox 2958 4527 3163 4606; x_wconf 80' lang='lat' dir='ltr'>refert,</span> 
     </span>
    </p>
   </div>
  </div>
 </body>
</html>
