<?xml version="1.0" encoding="UTF-8"?>
<!DOCTYPE html PUBLIC "-//W3C//DTD XHTML 1.0 Transitional//EN"
    "http://www.w3.org/TR/xhtml1/DTD/xhtml1-transitional.dtd">
<html xmlns="http://www.w3.org/1999/xhtml" xml:lang="en" lang="en">
 <head>
  <title>
</title>
<meta http-equiv="Content-Type" content="text/html;charset=utf-8" />
  <meta name='ocr-system' content='tesseract 3.04.00' />
  <meta name='ocr-capabilities' content='ocr_page ocr_carea ocr_par ocr_line ocrx_word'/>
</head>
<body>
  <div class='ocr_page' id='page_1' title='image "./opustheologicum00ballgoog/opustheologicum00ballgoog_0386.png"; bbox 0 0 3497 5147; ppageno 0'>
   <div class='ocr_carea' id='block_1_1' title="bbox 290 356 2747 433">
    <p class='ocr_par' dir='ltr' id='par_1_1' title="bbox 290 356 2747 433">
     <span class='ocr_line' id='line_1_1' title="bbox 290 356 2747 433; baseline -0.002 -18"><span class='ocrx_word' id='word_1_1' title='bbox 290 357 426 433; x_wconf 78' lang='lat'>[495]</span> <span class='ocrx_word' id='word_1_2' title='bbox 1242 372 1512 414; x_wconf 57' lang='lat' dir='ltr'>amoma.</span> <span class='ocrx_word' id='word_1_3' title='bbox 1551 372 1796 415; x_wconf 59' lang='lat' dir='ltr'>posnan</span> <span class='ocrx_word' id='word_1_4' title='bbox 2637 356 2747 412; x_wconf 80' lang='lat'>379</span> 
     </span>
    </p>
   </div>
   <div class='ocr_carea' id='block_1_2' title="bbox 286 468 2784 4664">
    <p class='ocr_par' dir='ltr' id='par_1_2' title="bbox 292 468 2757 1968">
     <span class='ocr_line' id='line_1_2' title="bbox 292 468 2738 537; baseline -0.002 0"><span class='ocrx_word' id='word_1_5' title='bbox 292 491 428 537; x_wconf 83' lang='lat' dir='ltr'>sess.</span> <span class='ocrx_word' id='word_1_6' title='bbox 471 471 579 535; x_wconf 88' lang='lat'>24.</span> <span class='ocrx_word' id='word_1_7' title='bbox 620 470 707 535; x_wconf 88' lang='lat' dir='ltr'>eis</span> <span class='ocrx_word' id='word_1_8' title='bbox 744 470 819 534; x_wconf 90' lang='lat' dir='ltr'>fit</span> <span class='ocrx_word' id='word_1_9' title='bbox 862 468 1129 534; x_wconf 79' lang='lat' dir='ltr'><strong>facultas</strong></span> <span class='ocrx_word' id='word_1_10' title='bbox 1175 470 1527 534; x_wconf 87' lang='lat' dir='ltr'>absolvendi</span> <span class='ocrx_word' id='word_1_11' title='bbox 1574 472 1638 534; x_wconf 91' lang='lat' dir='ltr'>in</span> <span class='ocrx_word' id='word_1_12' title='bbox 1684 471 1820 536; x_wconf 86' lang='lat' dir='ltr'>foro</span> <span class='ocrx_word' id='word_1_13' title='bbox 1867 471 2277 536; x_wconf 85' lang='lat' dir='ltr'>conscientiae</span> <span class='ocrx_word' id='word_1_14' title='bbox 2323 471 2400 533; x_wconf 89' lang='lat' dir='ltr'>ab</span> <span class='ocrx_word' id='word_1_15' title='bbox 2450 470 2738 534; x_wconf 87' lang='lat' dir='ltr'>omnibus</span> 
     </span>
     <span class='ocr_line' id='line_1_3' title="bbox 292 570 2743 658; baseline -0.002 -19"><span class='ocrx_word' id='word_1_16' title='bbox 292 573 527 639; x_wconf 84' lang='lat' dir='ltr'>casibus</span> <span class='ocrx_word' id='word_1_17' title='bbox 561 572 821 637; x_wconf 86' lang='lat' dir='ltr'>occultis</span> <span class='ocrx_word' id='word_1_18' title='bbox 868 572 932 635; x_wconf 89' lang='lat' dir='ltr'>et</span> <span class='ocrx_word' id='word_1_19' title='bbox 959 570 1351 653; x_wconf 89' lang='lat' dir='ltr'>dispensandi</span> <span class='ocrx_word' id='word_1_20' title='bbox 1380 572 1446 635; x_wconf 92' lang='lat' dir='ltr'>in</span> <span class='ocrx_word' id='word_1_21' title='bbox 1478 573 1765 638; x_wconf 89' lang='lat' dir='ltr'>omnibus</span> <span class='ocrx_word' id='word_1_22' title='bbox 1795 572 2367 658; x_wconf 89' lang='lat' dir='ltr'>irregularitatibus</span> <span class='ocrx_word' id='word_1_23' title='bbox 2397 574 2462 637; x_wconf 90' lang='lat' dir='ltr'>et</span> <span class='ocrx_word' id='word_1_24' title='bbox 2492 589 2743 653; x_wconf 89' lang='lat' dir='ltr'>suspen-</span> 
     </span>
     <span class='ocr_line' id='line_1_4' title="bbox 292 673 2735 757; baseline -0.001 -17"><span class='ocrx_word' id='word_1_25' title='bbox 292 675 560 741; x_wconf 83' lang='lat' dir='ltr'>sionibus</span> <span class='ocrx_word' id='word_1_26' title='bbox 615 694 688 739; x_wconf 79' lang='lat' dir='ltr'>ex</span> <span class='ocrx_word' id='word_1_27' title='bbox 744 673 985 738; x_wconf 85' lang='lat' dir='ltr'>occulto</span> <span class='ocrx_word' id='word_1_28' title='bbox 1037 673 1310 748; x_wconf 86' lang='lat' dir='ltr'>crimine,</span> <span class='ocrx_word' id='word_1_29' title='bbox 1357 676 1792 757; x_wconf 79' lang='lat' dir='ltr'>praeterquam</span> <span class='ocrx_word' id='word_1_30' title='bbox 1852 696 1923 741; x_wconf 83' lang='lat' dir='ltr'>ex</span> <span class='ocrx_word' id='word_1_31' title='bbox 1976 674 2309 741; x_wconf 89' lang='lat' dir='ltr'>homicidio</span> <span class='ocrx_word' id='word_1_32' title='bbox 2356 673 2735 749; x_wconf 79' lang='lat' dir='ltr'>voluntari0‚</span> 
     </span>
     <span class='ocr_line' id='line_1_5' title="bbox 293 776 2751 862; baseline -0.001 -19"><span class='ocrx_word' id='word_1_33' title='bbox 293 776 806 862; x_wconf 76' lang='lat' dir='ltr'>provenientibus.</span> <span class='ocrx_word' id='word_1_34' title='bbox 852 776 942 840; x_wconf 88' lang='lat' dir='ltr'>At</span> <span class='ocrx_word' id='word_1_35' title='bbox 986 776 1371 841; x_wconf 90' lang='lat' dir='ltr'>communior</span> <span class='ocrx_word' id='word_1_36' title='bbox 1418 797 1488 841; x_wconf 88' lang='lat' dir='ltr'>ac</span> <span class='ocrx_word' id='word_1_37' title='bbox 1534 778 1915 861; x_wconf 84' lang='lat' dir='ltr'>probabilior</span> <span class='ocrx_word' id='word_1_38' title='bbox 1959 779 2267 844; x_wconf 87' lang='lat' dir='ltr'>sententia</span> <span class='ocrx_word' id='word_1_39' title='bbox 2322 780 2435 855; x_wconf 80' lang='lat' dir='ltr'>est,</span> <span class='ocrx_word' id='word_1_40' title='bbox 2500 778 2563 842; x_wconf 94' lang='lat' dir='ltr'>id</span> <span class='ocrx_word' id='word_1_41' title='bbox 2611 776 2751 860; x_wconf 87' lang='lat' dir='ltr'>Epi·</span> 
     </span>
     <span class='ocr_line' id='line_1_6' title="bbox 296 877 2731 964; baseline -0.001 -20"><span class='ocrx_word' id='word_1_42' title='bbox 296 897 504 963; x_wconf 86' lang='lat' dir='ltr'>scopos</span> <span class='ocrx_word' id='word_1_43' title='bbox 532 897 660 944; x_wconf 91' lang='lat' dir='ltr'>non</span> <span class='ocrx_word' id='word_1_44' title='bbox 690 897 886 961; x_wconf 88' lang='lat' dir='ltr'>posse.</span> <span class='ocrx_word' id='word_1_45' title='bbox 925 877 1088 942; x_wconf 86' lang='lat' dir='ltr'>Nam</span> <span class='ocrx_word' id='word_1_46' title='bbox 1122 897 1317 961; x_wconf 88' lang='lat' dir='ltr'>poena</span> <span class='ocrx_word' id='word_1_47' title='bbox 1347 878 1499 944; x_wconf 88' lang='lat' dir='ltr'>haec</span> <span class='ocrx_word' id='word_1_48' title='bbox 1533 881 1847 945; x_wconf 88' lang='lat' dir='ltr'>nullitatis</span> <span class='ocrx_word' id='word_1_49' title='bbox 1879 900 2074 964; x_wconf 86' lang='lat' dir='ltr'>neque</span> <span class='ocrx_word' id='word_1_50' title='bbox 2112 884 2206 947; x_wconf 90' lang='lat' dir='ltr'>est</span> <span class='ocrx_word' id='word_1_51' title='bbox 2237 900 2418 946; x_wconf 87' lang='lat' dir='ltr'>casus</span> <span class='ocrx_word' id='word_1_52' title='bbox 2451 880 2731 947; x_wconf 87' lang='lat' dir='ltr'>occultus</span> 
     </span>
     <span class='ocr_line' id='line_1_7' title="bbox 298 980 2747 1066; baseline -0.001 -19"><span class='ocrx_word' id='word_1_53' title='bbox 298 981 699 1047; x_wconf 85' lang='lat' dir='ltr'>absolvendus</span> <span class='ocrx_word' id='word_1_54' title='bbox 745 999 852 1063; x_wconf 88' lang='lat' dir='ltr'>per</span> <span class='ocrx_word' id='word_1_55' title='bbox 898 980 1350 1045; x_wconf 85' lang='lat' dir='ltr'>absolutionem</span> <span class='ocrx_word' id='word_1_56' title='bbox 1397 983 1907 1047; x_wconf 75' lang='lat' dir='ltr'>sacramentalem</span> <span class='ocrx_word' id='word_1_57' title='bbox 1960 1002 2069 1049; x_wconf 90' lang='lat' dir='ltr'>nec</span> <span class='ocrx_word' id='word_1_58' title='bbox 2115 984 2210 1048; x_wconf 90' lang='lat' dir='ltr'>est</span> <span class='ocrx_word' id='word_1_59' title='bbox 2263 983 2582 1066; x_wconf 84' lang='lat' dir='ltr'>suspensio</span> <span class='ocrx_word' id='word_1_60' title='bbox 2632 982 2747 1045; x_wconf 88' lang='lat' dir='ltr'>aut</span> 
     </span>
     <span class='ocr_line' id='line_1_8' title="bbox 299 1082 2746 1168; baseline -0 -19"><span class='ocrx_word' id='word_1_61' title='bbox 299 1083 739 1168; x_wconf 80' lang='lat' dir='ltr'>irregularitaS‚</span> <span class='ocrx_word' id='word_1_62' title='bbox 758 1083 864 1147; x_wconf 85' lang='lat' dir='ltr'>sed</span> <span class='ocrx_word' id='word_1_63' title='bbox 882 1083 1005 1147; x_wconf 88' lang='lat' dir='ltr'>alia</span> <span class='ocrx_word' id='word_1_64' title='bbox 1028 1100 1223 1165; x_wconf 89' lang='lat' dir='ltr'>poena</span> <span class='ocrx_word' id='word_1_65' title='bbox 1246 1082 1625 1148; x_wconf 86' lang='lat' dir='ltr'>vindicativa</span> <span class='ocrx_word' id='word_1_66' title='bbox 1648 1104 1756 1167; x_wconf 86' lang='lat' dir='ltr'>per</span> <span class='ocrx_word' id='word_1_67' title='bbox 1777 1085 2141 1150; x_wconf 90' lang='lat' dir='ltr'>Pontificem</span> <span class='ocrx_word' id='word_1_68' title='bbox 2167 1086 2466 1150; x_wconf 88' lang='lat' dir='ltr'>simoniae</span> <span class='ocrx_word' id='word_1_69' title='bbox 2491 1084 2746 1149; x_wconf 85' lang='lat' dir='ltr'>inflicta.</span> 
     </span>
     <span class='ocr_line' id='line_1_9' title="bbox 300 1185 2744 1271; baseline -0.001 -19"><span class='ocrx_word' id='word_1_70' title='bbox 300 1186 622 1252; x_wconf 84' lang='lat' dir='ltr'>Praeterea</span> <span class='ocrx_word' id='word_1_71' title='bbox 652 1203 795 1250; x_wconf 87' lang='lat' dir='ltr'>cum</span> <span class='ocrx_word' id='word_1_72' title='bbox 823 1185 973 1250; x_wconf 85' lang='lat' dir='ltr'>haec</span> <span class='ocrx_word' id='word_1_73' title='bbox 1002 1205 1200 1269; x_wconf 89' lang='lat' dir='ltr'>poena</span> <span class='ocrx_word' id='word_1_74' title='bbox 1235 1186 1591 1252; x_wconf 87' lang='lat' dir='ltr'>introducta</span> <span class='ocrx_word' id='word_1_75' title='bbox 1622 1188 1707 1252; x_wconf 90' lang='lat' dir='ltr'>sit</span> <span class='ocrx_word' id='word_1_76' title='bbox 1738 1190 1881 1271; x_wconf 91' lang='lat' dir='ltr'>post</span> <span class='ocrx_word' id='word_1_77' title='bbox 1904 1186 2248 1254; x_wconf 85' lang='lat' dir='ltr'>Concilium</span> <span class='ocrx_word' id='word_1_78' title='bbox 2287 1188 2744 1263; x_wconf 87' lang='lat' dir='ltr'>Tridentinum‚</span> 
     </span>
     <span class='ocr_line' id='line_1_10' title="bbox 301 1286 2752 1374; baseline -0.001 -20"><span class='ocrx_word' id='word_1_79' title='bbox 301 1308 413 1354; x_wconf 90' lang='lat' dir='ltr'>non</span> <span class='ocrx_word' id='word_1_80' title='bbox 458 1307 524 1353; x_wconf 89' lang='lat' dir='ltr'>se</span> <span class='ocrx_word' id='word_1_81' title='bbox 572 1286 847 1352; x_wconf 84' lang='lat' dir='ltr'>extendit</span> <span class='ocrx_word' id='word_1_82' title='bbox 894 1287 971 1352; x_wconf 89' lang='lat' dir='ltr'>ad</span> <span class='ocrx_word' id='word_1_83' title='bbox 1016 1307 1155 1352; x_wconf 89' lang='lat' dir='ltr'>eam</span> <span class='ocrx_word' id='word_1_84' title='bbox 1202 1288 1469 1352; x_wconf 78' lang='lat' dir='ltr'>facultas</span> <span class='ocrx_word' id='word_1_85' title='bbox 1515 1288 1663 1353; x_wconf 89' lang='lat' dir='ltr'>data</span> <span class='ocrx_word' id='word_1_86' title='bbox 1709 1309 1746 1354; x_wconf 91' lang='lat' dir='ltr'>a</span> <span class='ocrx_word' id='word_1_87' title='bbox 1794 1290 2175 1368; x_wconf 79' lang='lat' dir='ltr'>Tridentino,</span> <span class='ocrx_word' id='word_1_88' title='bbox 2226 1293 2414 1374; x_wconf 88' lang='lat' dir='ltr'>prout</span> <span class='ocrx_word' id='word_1_89' title='bbox 2458 1291 2521 1354; x_wconf 93' lang='lat' dir='ltr'>in</span> <span class='ocrx_word' id='word_1_90' title='bbox 2559 1287 2752 1353; x_wconf 87' lang='lat' dir='ltr'>simili</span> 
     </span>
     <span class='ocr_line' id='line_1_11' title="bbox 298 1389 2750 1476; baseline -0.001 -19"><span class='ocrx_word' id='word_1_91' title='bbox 298 1411 438 1457; x_wconf 85' lang='lat' dir='ltr'>casu</span> <span class='ocrx_word' id='word_1_92' title='bbox 467 1389 811 1455; x_wconf 83' lang='lat' dir='ltr'>declaravit</span> <span class='ocrx_word' id='word_1_93' title='bbox 842 1389 1182 1475; x_wconf 86' lang='lat' dir='ltr'>Gregorius</span> <span class='ocrx_word' id='word_1_94' title='bbox 1217 1391 1392 1454; x_wconf 85' lang='lat' dir='ltr'>XIII.</span> <span class='ocrx_word' id='word_1_95' title='bbox 1427 1392 1706 1474; x_wconf 89' lang='lat' dir='ltr'>Denique</span> <span class='ocrx_word' id='word_1_96' title='bbox 1727 1391 1791 1456; x_wconf 91' lang='lat' dir='ltr'>id</span> <span class='ocrx_word' id='word_1_97' title='bbox 1824 1412 2102 1476; x_wconf 80' lang='lat' dir='ltr'>expresse</span> <span class='ocrx_word' id='word_1_98' title='bbox 2132 1394 2472 1459; x_wconf 82' lang='lat' dir='ltr'>declaravit</span> <span class='ocrx_word' id='word_1_99' title='bbox 2502 1412 2550 1456; x_wconf 91' lang='lat' dir='ltr'>s.</span> <span class='ocrx_word' id='word_1_100' title='bbox 2586 1390 2750 1455; x_wconf 88' lang='lat' dir='ltr'>Con-</span> 
     </span>
     <span class='ocr_line' id='line_1_12' title="bbox 301 1491 2754 1578; baseline 0.001 -21"><span class='ocrx_word' id='word_1_101' title='bbox 301 1493 579 1578; x_wconf 86' lang='lat' dir='ltr'>gregatio</span> <span class='ocrx_word' id='word_1_102' title='bbox 606 1494 672 1557; x_wconf 90' lang='lat' dir='ltr'>et</span> <span class='ocrx_word' id='word_1_103' title='bbox 701 1491 932 1556; x_wconf 86' lang='lat' dir='ltr'>Palaus</span> <span class='ocrx_word' id='word_1_104' title='bbox 957 1491 1031 1555; x_wconf 81' lang='lat' dir='ltr'>de</span> <span class='ocrx_word' id='word_1_105' title='bbox 1064 1491 1299 1556; x_wconf 78' lang='lat' dir='ltr'>Simon.</span> <span class='ocrx_word' id='word_1_106' title='bbox 1327 1494 1536 1576; x_wconf 86' lang='lat' dir='ltr'>punct.</span> <span class='ocrx_word' id='word_1_107' title='bbox 1573 1496 1677 1557; x_wconf 82' lang='grc'>28.</span> <span class='ocrx_word' id='word_1_108' title='bbox 1707 1515 1766 1559; x_wconf 91' lang='lat' dir='ltr'>n.</span> <span class='ocrx_word' id='word_1_109' title='bbox 1802 1497 1863 1559; x_wconf 85' lang='lat'>3.</span> <span class='ocrx_word' id='word_1_110' title='bbox 1899 1496 2058 1559; x_wconf 87' lang='lat' dir='ltr'>hanc</span> <span class='ocrx_word' id='word_1_111' title='bbox 2090 1496 2276 1560; x_wconf 84' lang='lat' dir='ltr'>refert</span> <span class='ocrx_word' id='word_1_112' title='bbox 2300 1516 2370 1559; x_wconf 82' lang='lat' dir='ltr'>ex</span> <span class='ocrx_word' id='word_1_113' title='bbox 2395 1495 2754 1559; x_wconf 85' lang='lat' dir='ltr'>Farinaccio</span> 
     </span>
     <span class='ocr_line' id='line_1_13' title="bbox 300 1594 2752 1680; baseline 0 -22"><span class='ocrx_word' id='word_1_114' title='bbox 300 1595 340 1658; x_wconf 94' lang='lat' dir='ltr'>l.</span> <span class='ocrx_word' id='word_1_115' title='bbox 374 1595 456 1659; x_wconf 90' lang='lat' dir='ltr'>ib.</span> <span class='ocrx_word' id='word_1_116' title='bbox 496 1595 641 1660; x_wconf 87' lang='lat' dir='ltr'>cit.:</span> <span class='ocrx_word' id='word_1_117' title='bbox 697 1618 734 1652; x_wconf 65' lang='grc' dir='ltr'><strong><em>α</em></strong></span> <span class='ocrx_word' id='word_1_118' title='bbox 770 1594 1108 1678; x_wconf 84' lang='lat' dir='ltr'>Episcopus</span> <span class='ocrx_word' id='word_1_119' title='bbox 1155 1595 1270 1658; x_wconf 86' lang='lat' dir='ltr'>etsi</span> <span class='ocrx_word' id='word_1_120' title='bbox 1320 1614 1354 1658; x_wconf 89' lang='lat' dir='ltr'>a</span> <span class='ocrx_word' id='word_1_121' title='bbox 1401 1596 1665 1660; x_wconf 90' lang='lat' dir='ltr'>simonia</span> <span class='ocrx_word' id='word_1_122' title='bbox 1713 1596 1957 1661; x_wconf 89' lang='lat' dir='ltr'>occulta</span> <span class='ocrx_word' id='word_1_123' title='bbox 2004 1597 2319 1661; x_wconf 85' lang='lat' dir='ltr'>absolvere</span> <span class='ocrx_word' id='word_1_124' title='bbox 2367 1597 2582 1680; x_wconf 87' lang='lat' dir='ltr'>possit,</span> <span class='ocrx_word' id='word_1_125' title='bbox 2631 1614 2752 1659; x_wconf 92' lang='lat' dir='ltr'>non</span> 
     </span>
     <span class='ocr_line' id='line_1_14' title="bbox 301 1699 2757 1784; baseline 0 -20"><span class='ocrx_word' id='word_1_126' title='bbox 301 1701 501 1781; x_wconf 87' lang='lat' dir='ltr'>potest</span> <span class='ocrx_word' id='word_1_127' title='bbox 537 1702 748 1764; x_wconf 85' lang='lat' dir='ltr'>tamen</span> <span class='ocrx_word' id='word_1_128' title='bbox 793 1699 1201 1765; x_wconf 88' lang='lat' dir='ltr'>simoniacum</span> <span class='ocrx_word' id='word_1_129' title='bbox 1250 1700 1646 1765; x_wconf 87' lang='lat' dir='ltr'>rehabilitare</span> <span class='ocrx_word' id='word_1_130' title='bbox 1694 1701 1772 1765; x_wconf 90' lang='lat' dir='ltr'>ad</span> <span class='ocrx_word' id='word_1_131' title='bbox 1809 1702 2100 1765; x_wconf 87' lang='lat' dir='ltr'>beneficia</span> <span class='ocrx_word' id='word_1_132' title='bbox 2147 1702 2208 1764; x_wconf 92' lang='lat' dir='ltr'>in</span> <span class='ocrx_word' id='word_1_133' title='bbox 2241 1704 2558 1784; x_wconf 87' lang='lat' dir='ltr'>posterum</span> <span class='ocrx_word' id='word_1_134' title='bbox 2598 1702 2757 1765; x_wconf 84' lang='lat' dir='ltr'>obti-</span> 
     </span>
     <span class='ocr_line' id='line_1_15' title="bbox 302 1801 2751 1884; baseline 0 -19"><span class='ocrx_word' id='word_1_135' title='bbox 302 1801 494 1865; x_wconf 86' lang='lat' dir='ltr'>nenda</span> <span class='ocrx_word' id='word_1_136' title='bbox 525 1821 719 1883; x_wconf 88' lang='lat' dir='ltr'>neque</span> <span class='ocrx_word' id='word_1_137' title='bbox 751 1801 829 1865; x_wconf 91' lang='lat' dir='ltr'>ad</span> <span class='ocrx_word' id='word_1_138' title='bbox 853 1801 1169 1866; x_wconf 87' lang='lat' dir='ltr'>retinenda</span> <span class='ocrx_word' id='word_1_139' title='bbox 1205 1821 1363 1883; x_wconf 90' lang='lat' dir='ltr'>quae</span> <span class='ocrx_word' id='word_1_140' title='bbox 1394 1821 1499 1884; x_wconf 83' lang='lat' dir='ltr'>per</span> <span class='ocrx_word' id='word_1_141' title='bbox 1546 1804 1875 1868; x_wconf 88' lang='lat' dir='ltr'>simoniam</span> <span class='ocrx_word' id='word_1_142' title='bbox 1909 1804 2217 1868; x_wconf 85' lang='lat' dir='ltr'>occultam</span> <span class='ocrx_word' id='word_1_143' title='bbox 2264 1805 2488 1868; x_wconf 86' lang='lat' dir='ltr'>retinet</span> <span class='ocrx_word' id='word_1_144' title='bbox 2520 1829 2580 1867; x_wconf 86' lang='lat'>».</span> <span class='ocrx_word' id='word_1_145' title='bbox 2608 1803 2751 1867; x_wconf 85' lang='lat' dir='ltr'>Vid.</span> 
     </span>
     <span class='ocr_line' id='line_1_16' title="bbox 306 1903 1146 1968; baseline -0.001 0"><span class='ocrx_word' id='word_1_146' title='bbox 306 1903 616 1968; x_wconf 81' lang='lat' dir='ltr'>Reiffenst.</span> <span class='ocrx_word' id='word_1_147' title='bbox 663 1905 724 1968; x_wconf 90' lang='lat' dir='ltr'>h.</span> <span class='ocrx_word' id='word_1_148' title='bbox 765 1904 866 1968; x_wconf 88' lang='lat' dir='ltr'>tit.</span> <span class='ocrx_word' id='word_1_149' title='bbox 906 1924 966 1967; x_wconf 91' lang='lat' dir='ltr'>n.</span> <span class='ocrx_word' id='word_1_150' title='bbox 994 1905 1146 1968; x_wconf 83' lang='lat'>340.</span> 
     </span>
    </p>

    <p class='ocr_par' dir='ltr' id='par_1_3' title="bbox 302 2000 2760 2195">
     <span class='ocr_line' id='line_1_17' title="bbox 388 2000 2760 2090; baseline -0.001 -16"><span class='ocrx_word' id='word_1_151' title='bbox 388 2000 571 2074; x_wconf 74' lang='grc'>494.</span> <span class='ocrx_word' id='word_1_152' title='bbox 602 2006 878 2088; x_wconf 86' lang='lat' dir='ltr'>Denique</span> <span class='ocrx_word' id='word_1_153' title='bbox 907 2007 1070 2070; x_wconf 87' lang='lat' dir='ltr'>inter</span> <span class='ocrx_word' id='word_1_154' title='bbox 1099 2025 1326 2090; x_wconf 89' lang='lat' dir='ltr'>poenas</span> <span class='ocrx_word' id='word_1_155' title='bbox 1363 2007 1663 2072; x_wconf 88' lang='lat' dir='ltr'>simoniae</span> <span class='ocrx_word' id='word_1_156' title='bbox 1709 2008 1897 2072; x_wconf 89' lang='lat' dir='ltr'>huius</span> <span class='ocrx_word' id='word_1_157' title='bbox 1929 2009 2080 2072; x_wconf 88' lang='lat' dir='ltr'>sunt</span> <span class='ocrx_word' id='word_1_158' title='bbox 2111 2007 2220 2089; x_wconf 90' lang='lat' dir='ltr'>qui</span> <span class='ocrx_word' id='word_1_159' title='bbox 2250 2011 2604 2072; x_wconf 86' lang='lat' dir='ltr'>recenseant</span> <span class='ocrx_word' id='word_1_160' title='bbox 2638 2008 2760 2090; x_wconf 90' lang='lat' dir='ltr'>pri-</span> 
     </span>
     <span class='ocr_line' id='line_1_18' title="bbox 302 2108 2619 2195; baseline -0 -22"><span class='ocrx_word' id='word_1_161' title='bbox 302 2108 615 2173; x_wconf 84' lang='lat' dir='ltr'>vationem</span> <span class='ocrx_word' id='word_1_162' title='bbox 645 2109 912 2173; x_wconf 89' lang='lat' dir='ltr'>aliorum</span> <span class='ocrx_word' id='word_1_163' title='bbox 941 2109 1395 2187; x_wconf 88' lang='lat' dir='ltr'>beneficiorum,</span> <span class='ocrx_word' id='word_1_164' title='bbox 1431 2130 1589 2192; x_wconf 88' lang='lat' dir='ltr'>quae</span> <span class='ocrx_word' id='word_1_165' title='bbox 1620 2109 1899 2195; x_wconf 87' lang='lat' dir='ltr'>legitime</span> <span class='ocrx_word' id='word_1_166' title='bbox 1931 2109 2071 2192; x_wconf 88' lang='lat' dir='ltr'>quis</span> <span class='ocrx_word' id='word_1_167' title='bbox 2103 2108 2365 2192; x_wconf 89' lang='lat' dir='ltr'>adeptus</span> <span class='ocrx_word' id='word_1_168' title='bbox 2396 2109 2619 2174; x_wconf 83' lang='lat' dir='ltr'>fuerat.</span> 
     </span>
    </p>

    <p class='ocr_par' dir='ltr' id='par_1_4' title="bbox 296 2211 2758 2501">
     <span class='ocr_line' id='line_1_19' title="bbox 407 2211 2758 2295; baseline 0 -19"><span class='ocrx_word' id='word_1_169' title='bbox 407 2211 529 2276; x_wconf 87' lang='lat' dir='ltr'>Sed</span> <span class='ocrx_word' id='word_1_170' title='bbox 576 2231 718 2276; x_wconf 93' lang='lat' dir='ltr'>cum</span> <span class='ocrx_word' id='word_1_171' title='bbox 777 2213 1084 2278; x_wconf 86' lang='lat' dir='ltr'>sententia</span> <span class='ocrx_word' id='word_1_172' title='bbox 1145 2215 1457 2279; x_wconf 91' lang='lat' dir='ltr'>communi</span> <span class='ocrx_word' id='word_1_173' title='bbox 1512 2214 1836 2278; x_wconf 90' lang='lat' dir='ltr'>dicendum</span> <span class='ocrx_word' id='word_1_174' title='bbox 1892 2215 2005 2290; x_wconf 87' lang='lat' dir='ltr'>est,</span> <span class='ocrx_word' id='word_1_175' title='bbox 2063 2214 2471 2278; x_wconf 88' lang='lat' dir='ltr'>simoniacum</span> <span class='ocrx_word' id='word_1_176' title='bbox 2525 2213 2758 2295; x_wconf 78' lang='lat' dir='ltr'>privari</span> 
     </span>
     <span class='ocr_line' id='line_1_20' title="bbox 296 2314 2754 2400; baseline 0 -21"><span class='ocrx_word' id='word_1_177' title='bbox 296 2314 548 2396; x_wconf 86' lang='lat' dir='ltr'>quidem</span> <span class='ocrx_word' id='word_1_178' title='bbox 576 2315 656 2379; x_wconf 89' lang='lat' dir='ltr'>iis</span> <span class='ocrx_word' id='word_1_179' title='bbox 700 2334 880 2398; x_wconf 87' lang='lat' dir='ltr'>posse</span> <span class='ocrx_word' id='word_1_180' title='bbox 911 2335 948 2380; x_wconf 91' lang='lat' dir='ltr'>a</span> <span class='ocrx_word' id='word_1_181' title='bbox 990 2316 1192 2380; x_wconf 87' lang='lat' dir='ltr'>iudice</span> <span class='ocrx_word' id='word_1_182' title='bbox 1224 2335 1329 2400; x_wconf 87' lang='lat' dir='ltr'>per</span> <span class='ocrx_word' id='word_1_183' title='bbox 1365 2318 1737 2381; x_wconf 76' lang='lat' dir='ltr'>sententiam</span> <span class='ocrx_word' id='word_1_184' title='bbox 1769 2314 2358 2390; x_wconf 78' lang='lat' dir='ltr'>condemnatoriam,</span> <span class='ocrx_word' id='word_1_185' title='bbox 2391 2335 2513 2380; x_wconf 92' lang='lat' dir='ltr'>non</span> <span class='ocrx_word' id='word_1_186' title='bbox 2546 2316 2754 2380; x_wconf 89' lang='lat' dir='ltr'>tamen</span> 
     </span>
     <span class='ocr_line' id='line_1_21' title="bbox 297 2417 1598 2501; baseline 0 -19"><span class='ocrx_word' id='word_1_187' title='bbox 297 2436 435 2482; x_wconf 85' lang='lat' dir='ltr'>eum</span> <span class='ocrx_word' id='word_1_188' title='bbox 465 2435 605 2482; x_wconf 88' lang='lat' dir='ltr'>esse</span> <span class='ocrx_word' id='word_1_189' title='bbox 634 2417 773 2500; x_wconf 89' lang='lat' dir='ltr'>ipso</span> <span class='ocrx_word' id='word_1_190' title='bbox 807 2418 940 2483; x_wconf 86' lang='lat' dir='ltr'>iure</span> <span class='ocrx_word' id='word_1_191' title='bbox 971 2418 1035 2482; x_wconf 88' lang='lat' dir='ltr'>et</span> <span class='ocrx_word' id='word_1_192' title='bbox 1065 2417 1230 2484; x_wconf 86' lang='lat' dir='ltr'>facto</span> <span class='ocrx_word' id='word_1_193' title='bbox 1263 2419 1598 2501; x_wconf 87' lang='lat' dir='ltr'>privatum.</span> 
     </span>
    </p>

    <p class='ocr_par' dir='ltr' id='par_1_5' title="bbox 295 2519 2762 2808">
     <span class='ocr_line' id='line_1_22' title="bbox 384 2519 2762 2605; baseline 0 -20"><span class='ocrx_word' id='word_1_194' title='bbox 384 2519 537 2586; x_wconf 88' lang='lat' dir='ltr'>Inde</span> <span class='ocrx_word' id='word_1_195' title='bbox 567 2519 872 2602; x_wconf 83' lang='lat' dir='ltr'>sequitur,</span> <span class='ocrx_word' id='word_1_196' title='bbox 905 2538 1067 2599; x_wconf 89' lang='lat' dir='ltr'>eum,</span> <span class='ocrx_word' id='word_1_197' title='bbox 1094 2521 1202 2604; x_wconf 90' lang='lat' dir='ltr'>qui</span> <span class='ocrx_word' id='word_1_198' title='bbox 1232 2521 1391 2586; x_wconf 87' lang='lat' dir='ltr'>forte</span> <span class='ocrx_word' id='word_1_199' title='bbox 1416 2521 1505 2586; x_wconf 91' lang='lat' dir='ltr'>sic</span> <span class='ocrx_word' id='word_1_200' title='bbox 1534 2522 1831 2605; x_wconf 63' lang='lat' dir='ltr'>privetun</span> <span class='ocrx_word' id='word_1_201' title='bbox 1865 2539 1987 2587; x_wconf 90' lang='lat' dir='ltr'>non</span> <span class='ocrx_word' id='word_1_202' title='bbox 2018 2522 2251 2587; x_wconf 87' lang='lat' dir='ltr'>censeri</span> <span class='ocrx_word' id='word_1_203' title='bbox 2281 2521 2599 2605; x_wconf 84' lang='lat' dir='ltr'>privatum</span> <span class='ocrx_word' id='word_1_204' title='bbox 2637 2521 2762 2585; x_wconf 82' lang='lat' dir='ltr'>fru-</span> 
     </span>
     <span class='ocr_line' id='line_1_23' title="bbox 296 2622 2760 2706; baseline 0.001 -20"><span class='ocrx_word' id='word_1_205' title='bbox 296 2622 517 2700; x_wconf 79' lang='lat' dir='ltr'>ctibuS‚</span> <span class='ocrx_word' id='word_1_206' title='bbox 560 2640 722 2704; x_wconf 88' lang='lat' dir='ltr'>quos</span> <span class='ocrx_word' id='word_1_207' title='bbox 758 2623 1029 2706; x_wconf 89' lang='lat' dir='ltr'>percepit</span> <span class='ocrx_word' id='word_1_208' title='bbox 1060 2624 1203 2687; x_wconf 89' lang='lat' dir='ltr'>ante</span> <span class='ocrx_word' id='word_1_209' title='bbox 1240 2624 1630 2688; x_wconf 88' lang='lat' dir='ltr'>sententiam.</span> <span class='ocrx_word' id='word_1_210' title='bbox 1666 2623 1807 2688; x_wconf 84' lang='lat' dir='ltr'>Vid.</span> <span class='ocrx_word' id='word_1_211' title='bbox 1843 2624 2158 2689; x_wconf 83' lang='lat' dir='ltr'>Reiffenst.</span> <span class='ocrx_word' id='word_1_212' title='bbox 2193 2625 2253 2688; x_wconf 94' lang='lat' dir='ltr'>h.</span> <span class='ocrx_word' id='word_1_213' title='bbox 2290 2625 2389 2689; x_wconf 88' lang='lat' dir='ltr'>tit.</span> <span class='ocrx_word' id='word_1_214' title='bbox 2417 2645 2477 2688; x_wconf 93' lang='lat' dir='ltr'>n.</span> <span class='ocrx_word' id='word_1_215' title='bbox 2514 2626 2664 2689; x_wconf 83' lang='grc'><strong>269.</strong></span> <span class='ocrx_word' id='word_1_216' title='bbox 2694 2626 2760 2689; x_wconf 87' lang='lat' dir='ltr'>et</span> 
     </span>
     <span class='ocr_line' id='line_1_24' title="bbox 295 2722 1207 2808; baseline -0.001 -19"><span class='ocrx_word' id='word_1_217' title='bbox 295 2722 684 2808; x_wconf 87' lang='lat' dir='ltr'>Schmalzgr.</span> <span class='ocrx_word' id='word_1_218' title='bbox 717 2724 780 2789; x_wconf 91' lang='lat' dir='ltr'>h.</span> <span class='ocrx_word' id='word_1_219' title='bbox 819 2725 922 2790; x_wconf 85' lang='lat' dir='ltr'>tit.</span> <span class='ocrx_word' id='word_1_220' title='bbox 961 2746 1021 2789; x_wconf 92' lang='lat' dir='ltr'>n.</span> <span class='ocrx_word' id='word_1_221' title='bbox 1058 2726 1207 2789; x_wconf 84' lang='grc'><strong>269.</strong></span> 
     </span>
    </p>

    <p class='ocr_par' dir='ltr' id='par_1_6' title="bbox 294 2822 2760 3014">
     <span class='ocr_line' id='line_1_25' title="bbox 380 2822 2760 2913; baseline -0.001 -16"><span class='ocrx_word' id='word_1_222' title='bbox 380 2822 566 2898; x_wconf 73' lang='grc'>495.</span> <span class='ocrx_word' id='word_1_223' title='bbox 605 2827 775 2892; x_wconf 89' lang='lat' dir='ltr'>Inter</span> <span class='ocrx_word' id='word_1_224' title='bbox 799 2828 1093 2893; x_wconf 86' lang='lat' dir='ltr'>simonias</span> <span class='ocrx_word' id='word_1_225' title='bbox 1125 2829 1320 2892; x_wconf 86' lang='lat' dir='ltr'>reales</span> <span class='ocrx_word' id='word_1_226' title='bbox 1351 2830 1547 2893; x_wconf 88' lang='lat' dir='ltr'>restat</span> <span class='ocrx_word' id='word_1_227' title='bbox 1579 2828 1845 2893; x_wconf 88' lang='lat' dir='ltr'>simonia</span> <span class='ocrx_word' id='word_1_228' title='bbox 1877 2830 1939 2893; x_wconf 92' lang='lat' dir='ltr'>in</span> <span class='ocrx_word' id='word_1_229' title='bbox 1972 2829 2314 2913; x_wconf 87' lang='lat' dir='ltr'>Religionis</span> <span class='ocrx_word' id='word_1_230' title='bbox 2337 2829 2638 2913; x_wconf 91' lang='lat' dir='ltr'>ingressu.</span> <span class='ocrx_word' id='word_1_231' title='bbox 2667 2831 2760 2894; x_wconf 89' lang='lat' dir='ltr'>De</span> 
     </span>
     <span class='ocr_line' id='line_1_26' title="bbox 294 2930 1030 3014; baseline 0 -19"><span class='ocrx_word' id='word_1_232' title='bbox 294 2950 366 2995; x_wconf 87' lang='lat' dir='ltr'>ea</span> <span class='ocrx_word' id='word_1_233' title='bbox 402 2930 651 3014; x_wconf 83' lang='lat' dir='ltr'>aliquid</span> <span class='ocrx_word' id='word_1_234' title='bbox 684 2931 1030 2996; x_wconf 86' lang='lat' dir='ltr'>dicendum.</span> 
     </span>
    </p>

    <p class='ocr_par' dir='ltr' id='par_1_7' title="bbox 291 3033 2763 3223">
     <span class='ocr_line' id='line_1_27' title="bbox 382 3033 2763 3117; baseline -0.001 -17"><span class='ocrx_word' id='word_1_235' title='bbox 382 3034 536 3100; x_wconf 83' lang='lat' dir='ltr'>Tres</span> <span class='ocrx_word' id='word_1_236' title='bbox 572 3035 844 3097; x_wconf 80' lang='lat' dir='ltr'>maxime</span> <span class='ocrx_word' id='word_1_237' title='bbox 879 3037 1029 3099; x_wconf 88' lang='lat' dir='ltr'>sunt</span> <span class='ocrx_word' id='word_1_238' title='bbox 1058 3053 1258 3109; x_wconf 54' lang='lat' dir='ltr'>casua</span> <span class='ocrx_word' id='word_1_239' title='bbox 1292 3035 1356 3098; x_wconf 89' lang='lat' dir='ltr'>in</span> <span class='ocrx_word' id='word_1_240' title='bbox 1393 3035 1619 3116; x_wconf 91' lang='lat' dir='ltr'>quibus</span> <span class='ocrx_word' id='word_1_241' title='bbox 1649 3035 1820 3099; x_wconf 89' lang='lat' dir='ltr'>licite</span> <span class='ocrx_word' id='word_1_242' title='bbox 1845 3035 2080 3116; x_wconf 89' lang='lat' dir='ltr'>aliquid</span> <span class='ocrx_word' id='word_1_243' title='bbox 2114 3035 2307 3117; x_wconf 90' lang='lat' dir='ltr'>accipi</span> <span class='ocrx_word' id='word_1_244' title='bbox 2342 3036 2404 3098; x_wconf 87' lang='lat' dir='ltr'>et</span> <span class='ocrx_word' id='word_1_245' title='bbox 2429 3033 2763 3116; x_wconf 87' lang='lat' dir='ltr'>aliquando</span> 
     </span>
     <span class='ocr_line' id='line_1_28' title="bbox 291 3137 2540 3223; baseline -0.001 -19"><span class='ocrx_word' id='word_1_246' title='bbox 291 3139 484 3204; x_wconf 81' lang='lat' dir='ltr'>etiam</span> <span class='ocrx_word' id='word_1_247' title='bbox 517 3137 659 3222; x_wconf 87' lang='lat' dir='ltr'>peti</span> <span class='ocrx_word' id='word_1_248' title='bbox 694 3139 903 3220; x_wconf 89' lang='lat' dir='ltr'>potest</span> <span class='ocrx_word' id='word_1_249' title='bbox 931 3137 1009 3202; x_wconf 89' lang='lat' dir='ltr'>ab</span> <span class='ocrx_word' id='word_1_250' title='bbox 1038 3138 1407 3223; x_wconf 85' lang='lat' dir='ltr'>ingressuris</span> <span class='ocrx_word' id='word_1_251' title='bbox 1444 3138 1508 3202; x_wconf 92' lang='lat' dir='ltr'>in</span> <span class='ocrx_word' id='word_1_252' title='bbox 1547 3139 1935 3222; x_wconf 86' lang='lat' dir='ltr'>Religionem</span> <span class='ocrx_word' id='word_1_253' title='bbox 1969 3139 2067 3202; x_wconf 85' lang='lat' dir='ltr'>vel</span> <span class='ocrx_word' id='word_1_254' title='bbox 2099 3139 2177 3201; x_wconf 88' lang='lat' dir='ltr'>ab</span> <span class='ocrx_word' id='word_1_255' title='bbox 2211 3138 2540 3222; x_wconf 88' lang='lat' dir='ltr'>ingressis:</span> 
     </span>
    </p>

    <p class='ocr_par' dir='ltr' id='par_1_8' title="bbox 286 3252 2775 4247">
     <span class='ocr_line' id='line_1_29' title="bbox 476 3252 2768 3337; baseline -0.001 -18"><span class='ocrx_word' id='word_1_256' title='bbox 476 3256 550 3319; x_wconf 84' lang='lat'>1⁰</span> <span class='ocrx_word' id='word_1_257' title='bbox 587 3252 849 3333; x_wconf 81' lang='lat' dir='ltr'>Quando</span> <span class='ocrx_word' id='word_1_258' title='bbox 896 3253 974 3317; x_wconf 90' lang='lat' dir='ltr'>ab</span> <span class='ocrx_word' id='word_1_259' title='bbox 1003 3254 1143 3318; x_wconf 87' lang='lat' dir='ltr'>istis</span> <span class='ocrx_word' id='word_1_260' title='bbox 1176 3253 1409 3336; x_wconf 88' lang='lat' dir='ltr'>aliquid</span> <span class='ocrx_word' id='word_1_261' title='bbox 1456 3255 1674 3337; x_wconf 90' lang='lat' dir='ltr'>sponte</span> <span class='ocrx_word' id='word_1_262' title='bbox 1722 3254 1978 3318; x_wconf 89' lang='lat' dir='ltr'>offertur</span> <span class='ocrx_word' id='word_1_263' title='bbox 2022 3254 2420 3319; x_wconf 88' lang='lat' dir='ltr'>monasterio.</span> <span class='ocrx_word' id='word_1_264' title='bbox 2458 3252 2621 3317; x_wconf 89' lang='lat' dir='ltr'>Nam</span> <span class='ocrx_word' id='word_1_265' title='bbox 2659 3271 2768 3336; x_wconf 88' lang='lat' dir='ltr'>per</span> 
     </span>
     <span class='ocr_line' id='line_1_30' title="bbox 286 3356 2767 3440; baseline -0.002 -16"><span class='ocrx_word' id='word_1_266' title='bbox 286 3360 711 3424; x_wconf 81' lang='lat' dir='ltr'>conciliorum</span> <span class='ocrx_word' id='word_1_267' title='bbox 734 3376 806 3421; x_wconf 88' lang='lat' dir='ltr'>ac</span> <span class='ocrx_word' id='word_1_268' title='bbox 828 3356 1201 3421; x_wconf 85' lang='lat' dir='ltr'>Pontificum</span> <span class='ocrx_word' id='word_1_269' title='bbox 1225 3357 1467 3421; x_wconf 86' lang='lat' dir='ltr'>decreta</span> <span class='ocrx_word' id='word_1_270' title='bbox 1498 3357 1819 3440; x_wconf 89' lang='lat' dir='ltr'>quidpiam</span> <span class='ocrx_word' id='word_1_271' title='bbox 1852 3357 1966 3421; x_wconf 90' lang='lat' dir='ltr'>hac</span> <span class='ocrx_word' id='word_1_272' title='bbox 1989 3357 2231 3421; x_wconf 88' lang='lat' dir='ltr'>ratione</span> <span class='ocrx_word' id='word_1_273' title='bbox 2258 3357 2544 3421; x_wconf 89' lang='lat' dir='ltr'>oblatum</span> <span class='ocrx_word' id='word_1_274' title='bbox 2573 3357 2767 3438; x_wconf 87' lang='lat' dir='ltr'>accipi</span> 
     </span>
     <span class='ocr_line' id='line_1_31' title="bbox 286 3459 2764 3545; baseline -0.002 -19"><span class='ocrx_word' id='word_1_275' title='bbox 286 3461 458 3527; x_wconf 87' lang='lat' dir='ltr'>licite</span> <span class='ocrx_word' id='word_1_276' title='bbox 491 3461 736 3545; x_wconf 84' lang='lat' dir='ltr'>potest,</span> <span class='ocrx_word' id='word_1_277' title='bbox 765 3462 837 3524; x_wconf 87' lang='lat' dir='ltr'>ut</span> <span class='ocrx_word' id='word_1_278' title='bbox 859 3460 1270 3524; x_wconf 90' lang='lat' dir='ltr'>communiter</span> <span class='ocrx_word' id='word_1_279' title='bbox 1292 3459 1647 3523; x_wconf 88' lang='lat' dir='ltr'>canonistae</span> <span class='ocrx_word' id='word_1_280' title='bbox 1678 3459 1954 3523; x_wconf 89' lang='lat' dir='ltr'>tradunt.</span> <span class='ocrx_word' id='word_1_281' title='bbox 1984 3459 2191 3536; x_wconf 78' lang='lat' dir='ltr'>Ratio,</span> <span class='ocrx_word' id='word_1_282' title='bbox 2219 3459 2366 3539; x_wconf 89' lang='lat' dir='ltr'>quia</span> <span class='ocrx_word' id='word_1_283' title='bbox 2391 3461 2539 3522; x_wconf 88' lang='lat' dir='ltr'>tunc</span> <span class='ocrx_word' id='word_1_284' title='bbox 2563 3459 2764 3522; x_wconf 84' lang='lat' dir='ltr'>cessat</span> 
     </span>
     <span class='ocr_line' id='line_1_32' title="bbox 289 3561 2768 3648; baseline -0.002 -20"><span class='ocrx_word' id='word_1_285' title='bbox 289 3584 472 3629; x_wconf 91' lang='lat' dir='ltr'>omne</span> <span class='ocrx_word' id='word_1_286' title='bbox 521 3563 882 3648; x_wconf 83' lang='lat' dir='ltr'>periculum</span> <span class='ocrx_word' id='word_1_287' title='bbox 918 3564 981 3627; x_wconf 92' lang='lat' dir='ltr'>et</span> <span class='ocrx_word' id='word_1_288' title='bbox 1025 3562 1254 3645; x_wconf 88' lang='lat' dir='ltr'>species</span> <span class='ocrx_word' id='word_1_289' title='bbox 1301 3562 1633 3635; x_wconf 75' lang='lat' dir='ltr'>simoniae:</span> <span class='ocrx_word' id='word_1_290' title='bbox 1669 3580 1812 3625; x_wconf 89' lang='lat' dir='ltr'>cum</span> <span class='ocrx_word' id='word_1_291' title='bbox 1843 3562 2041 3646; x_wconf 87' lang='lat' dir='ltr'>gratis</span> <span class='ocrx_word' id='word_1_292' title='bbox 2092 3561 2374 3625; x_wconf 87' lang='lat' dir='ltr'>oblatum</span> <span class='ocrx_word' id='word_1_293' title='bbox 2413 3580 2534 3624; x_wconf 94' lang='lat' dir='ltr'>non</span> <span class='ocrx_word' id='word_1_294' title='bbox 2568 3561 2768 3641; x_wconf 86' lang='lat' dir='ltr'>possit</span> 
     </span>
     <span class='ocr_line' id='line_1_33' title="bbox 286 3661 2767 3748; baseline -0.003 -16"><span class='ocrx_word' id='word_1_295' title='bbox 286 3666 521 3731; x_wconf 87' lang='lat' dir='ltr'>habere</span> <span class='ocrx_word' id='word_1_296' title='bbox 570 3665 888 3730; x_wconf 84' lang='lat' dir='ltr'>rationem</span> <span class='ocrx_word' id='word_1_297' title='bbox 932 3665 1134 3748; x_wconf 86' lang='lat' dir='ltr'>pretii,</span> <span class='ocrx_word' id='word_1_298' title='bbox 1184 3665 1332 3729; x_wconf 90' lang='lat' dir='ltr'>licet</span> <span class='ocrx_word' id='word_1_299' title='bbox 1363 3663 1636 3745; x_wconf 89' lang='lat' dir='ltr'>alioquin</span> <span class='ocrx_word' id='word_1_300' title='bbox 1685 3662 1996 3745; x_wconf 86' lang='lat' dir='ltr'>prohiberi</span> <span class='ocrx_word' id='word_1_301' title='bbox 2030 3662 2264 3726; x_wconf 87' lang='lat' dir='ltr'>oblatio</span> <span class='ocrx_word' id='word_1_302' title='bbox 2312 3662 2590 3746; x_wconf 87' lang='lat' dir='ltr'>gratuita</span> <span class='ocrx_word' id='word_1_303' title='bbox 2626 3661 2767 3725; x_wconf 88' lang='lat' dir='ltr'>aliis</span> 
     </span>
     <span class='ocr_line' id='line_1_34' title="bbox 290 3764 2766 3852; baseline -0.002 -18"><span class='ocrx_word' id='word_1_304' title='bbox 290 3769 364 3834; x_wconf 86' lang='lat' dir='ltr'>de</span> <span class='ocrx_word' id='word_1_305' title='bbox 401 3770 630 3834; x_wconf 86' lang='lat' dir='ltr'>causis</span> <span class='ocrx_word' id='word_1_306' title='bbox 653 3768 871 3852; x_wconf 87' lang='lat' dir='ltr'>possit,</span> <span class='ocrx_word' id='word_1_307' title='bbox 904 3770 978 3831; x_wconf 86' lang='lat' dir='ltr'>ut</span> <span class='ocrx_word' id='word_1_308' title='bbox 1006 3767 1312 3852; x_wconf 86' lang='lat' dir='ltr'>contingit</span> <span class='ocrx_word' id='word_1_309' title='bbox 1344 3767 1408 3830; x_wconf 92' lang='lat' dir='ltr'>in</span> <span class='ocrx_word' id='word_1_310' title='bbox 1431 3766 1765 3831; x_wconf 87' lang='lat' dir='ltr'>donatione</span> <span class='ocrx_word' id='word_1_311' title='bbox 1798 3764 2323 3829; x_wconf 82' lang='lat' dir='ltr'>examinatoribus</span> <span class='ocrx_word' id='word_1_312' title='bbox 2356 3764 2766 3848; x_wconf 89' lang='lat' dir='ltr'>parochorum</span> 
     </span>
     <span class='ocr_line' id='line_1_35' title="bbox 292 3867 2775 3955; baseline -0.002 -17"><span class='ocrx_word' id='word_1_313' title='bbox 292 3874 485 3938; x_wconf 83' lang='lat' dir='ltr'>facta.</span> <span class='ocrx_word' id='word_1_314' title='bbox 521 3870 828 3937; x_wconf 86' lang='lat' dir='ltr'>Confirm.</span> <span class='ocrx_word' id='word_1_315' title='bbox 877 3871 1023 3953; x_wconf 89' lang='lat' dir='ltr'>quia</span> <span class='ocrx_word' id='word_1_316' title='bbox 1069 3870 1365 3954; x_wconf 89' lang='lat' dir='ltr'>praelatis</span> <span class='ocrx_word' id='word_1_317' title='bbox 1409 3869 1800 3955; x_wconf 87' lang='lat' dir='ltr'>regularibus</span> <span class='ocrx_word' id='word_1_318' title='bbox 1845 3869 1992 3933; x_wconf 86' lang='lat' dir='ltr'>lic-et</span> <span class='ocrx_word' id='word_1_319' title='bbox 2037 3867 2354 3934; x_wconf 90' lang='lat' dir='ltr'>meliorem</span> <span class='ocrx_word' id='word_1_320' title='bbox 2403 3869 2598 3933; x_wconf 84' lang='lat' dir='ltr'>facere</span> <span class='ocrx_word' id='word_1_321' title='bbox 2636 3888 2775 3934; x_wconf 92' lang='lat' dir='ltr'>con-</span> 
     </span>
     <span class='ocr_line' id='line_1_36' title="bbox 292 3972 2773 4056; baseline -0.002 -14"><span class='ocrx_word' id='word_1_322' title='bbox 292 3976 613 4041; x_wconf 86' lang='lat' dir='ltr'>ditionem</span> <span class='ocrx_word' id='word_1_323' title='bbox 641 3974 741 4039; x_wconf 90' lang='lat' dir='ltr'>sui</span> <span class='ocrx_word' id='word_1_324' title='bbox 775 3974 1135 4038; x_wconf 89' lang='lat' dir='ltr'>monasterii</span> <span class='ocrx_word' id='word_1_325' title='bbox 1168 3992 1273 4056; x_wconf 92' lang='lat' dir='ltr'>per</span> <span class='ocrx_word' id='word_1_326' title='bbox 1302 3972 1503 4037; x_wconf 89' lang='lat' dir='ltr'>media</span> <span class='ocrx_word' id='word_1_327' title='bbox 1545 3972 1698 4036; x_wconf 87' lang='lat' dir='ltr'>alias</span> <span class='ocrx_word' id='word_1_328' title='bbox 1745 3972 1947 4048; x_wconf 81' lang='lat' dir='ltr'>licita3</span> <span class='ocrx_word' id='word_1_329' title='bbox 1985 3973 2161 4055; x_wconf 89' lang='lat' dir='ltr'>atqui</span> <span class='ocrx_word' id='word_1_330' title='bbox 2193 3991 2314 4037; x_wconf 94' lang='lat' dir='ltr'>non</span> <span class='ocrx_word' id='word_1_331' title='bbox 2353 3975 2449 4038; x_wconf 89' lang='lat' dir='ltr'>est</span> <span class='ocrx_word' id='word_1_332' title='bbox 2478 3973 2773 4037; x_wconf 78' lang='lat' dir='ltr'>illicitum</span> 
     </span>
     <span class='ocr_line' id='line_1_37' title="bbox 295 4073 2767 4164; baseline -0.004 -19"><span class='ocrx_word' id='word_1_333' title='bbox 295 4082 582 4164; x_wconf 85' lang='lat' dir='ltr'>accipere</span> <span class='ocrx_word' id='word_1_334' title='bbox 638 4095 749 4159; x_wconf 92' lang='lat' dir='ltr'>pro</span> <span class='ocrx_word' id='word_1_335' title='bbox 809 4076 1120 4159; x_wconf 87' lang='lat' dir='ltr'>spirituali</span> <span class='ocrx_word' id='word_1_336' title='bbox 1182 4075 1415 4156; x_wconf 84' lang='lat' dir='ltr'>aliquid</span> <span class='ocrx_word' id='word_1_337' title='bbox 1471 4074 1752 4159; x_wconf 89' lang='lat' dir='ltr'>gratuito</span> <span class='ocrx_word' id='word_1_338' title='bbox 1802 4073 2102 4138; x_wconf 87' lang='lat' dir='ltr'>oblatum.</span> <span class='ocrx_word' id='word_1_339' title='bbox 2153 4075 2337 4159; x_wconf 79' lang='lat' dir='ltr'>Ergo,</span> <span class='ocrx_word' id='word_1_340' title='bbox 2388 4074 2767 4157; x_wconf 83' lang='lat' dir='ltr'>Schmalzgr.</span> 
     </span>
     <span class='ocr_line' id='line_1_38' title="bbox 294 4180 800 4247; baseline -0.012 0"><span class='ocrx_word' id='word_1_341' title='bbox 294 4182 356 4247; x_wconf 92' lang='lat' dir='ltr'>h.</span> <span class='ocrx_word' id='word_1_342' title='bbox 391 4184 498 4247; x_wconf 87' lang='lat' dir='ltr'>tit.</span> <span class='ocrx_word' id='word_1_343' title='bbox 538 4201 605 4245; x_wconf 91' lang='lat' dir='ltr'>n.</span> <span class='ocrx_word' id='word_1_344' title='bbox 653 4180 800 4242; x_wconf 83' lang='lat'>193.</span> 
     </span>
    </p>

    <p class='ocr_par' dir='ltr' id='par_1_9' title="bbox 298 4275 2784 4664">
     <span class='ocr_line' id='line_1_39' title="bbox 483 4275 2782 4362; baseline -0.004 -14"><span class='ocrx_word' id='word_1_345' title='bbox 483 4287 562 4348; x_wconf 81' lang='lat'>20</span> <span class='ocrx_word' id='word_1_346' title='bbox 598 4281 673 4346; x_wconf 87' lang='lat' dir='ltr'>Si</span> <span class='ocrx_word' id='word_1_347' title='bbox 699 4280 1146 4346; x_wconf 88' lang='lat' dir='ltr'>monasterium</span> <span class='ocrx_word' id='word_1_348' title='bbox 1192 4280 1276 4345; x_wconf 90' lang='lat' dir='ltr'>sit</span> <span class='ocrx_word' id='word_1_349' title='bbox 1319 4280 1497 4362; x_wconf 90' lang='lat' dir='ltr'>inops</span> <span class='ocrx_word' id='word_1_350' title='bbox 1544 4282 1606 4344; x_wconf 88' lang='lat' dir='ltr'>et</span> <span class='ocrx_word' id='word_1_351' title='bbox 1652 4298 1775 4344; x_wconf 92' lang='lat' dir='ltr'>non</span> <span class='ocrx_word' id='word_1_352' title='bbox 1823 4279 2196 4343; x_wconf 84' lang='lat' dir='ltr'>sufficienter</span> <span class='ocrx_word' id='word_1_353' title='bbox 2228 4277 2535 4354; x_wconf 84' lang='lat' dir='ltr'>dotatum,</span> <span class='ocrx_word' id='word_1_354' title='bbox 2573 4275 2782 4359; x_wconf 81' lang='lat' dir='ltr'>potest</span> 
     </span>
     <span class='ocr_line' id='line_1_40' title="bbox 299 4378 2782 4473; baseline -0.005 -20"><span class='ocrx_word' id='word_1_355' title='bbox 299 4390 376 4453; x_wconf 88' lang='lat' dir='ltr'>ab</span> <span class='ocrx_word' id='word_1_356' title='bbox 406 4385 802 4473; x_wconf 83' lang='lat' dir='ltr'>ingressuris</span> <span class='ocrx_word' id='word_1_357' title='bbox 825 4384 923 4447; x_wconf 81' lang='lat' dir='ltr'>vel</span> <span class='ocrx_word' id='word_1_358' title='bbox 948 4383 1239 4467; x_wconf 90' lang='lat' dir='ltr'>ingressis</span> <span class='ocrx_word' id='word_1_359' title='bbox 1273 4381 1505 4463; x_wconf 83' lang='lat' dir='ltr'>aliquid</span> <span class='ocrx_word' id='word_1_360' title='bbox 1539 4382 1701 4465; x_wconf 80' lang='lat' dir='ltr'>exigi</span> <span class='ocrx_word' id='word_1_361' title='bbox 1739 4380 1929 4444; x_wconf 86' lang='lat' dir='ltr'>titulo</span> <span class='ocrx_word' id='word_1_362' title='bbox 1962 4378 2455 4443; x_wconf 81' lang='lat' dir='ltr'>sustentationis.</span> <span class='ocrx_word' id='word_1_363' title='bbox 2489 4379 2583 4441; x_wconf 86' lang='lat' dir='ltr'>Ita</span> <span class='ocrx_word' id='word_1_364' title='bbox 2619 4397 2782 4441; x_wconf 80' lang='lat' dir='ltr'>com·</span> 
     </span>
     <span class='ocr_line' id='line_1_41' title="bbox 298 4480 2784 4566; baseline -0.006 -10"><span class='ocrx_word' id='word_1_365' title='bbox 298 4493 511 4556; x_wconf 90' lang='lat' dir='ltr'>munis</span> <span class='ocrx_word' id='word_1_366' title='bbox 547 4507 706 4554; x_wconf 89' lang='lat' dir='ltr'>cum</span> <span class='ocrx_word' id='word_1_367' title='bbox 729 4507 778 4551; x_wconf 85' lang='lat' dir='ltr'>s.</span> <span class='ocrx_word' id='word_1_368' title='bbox 804 4486 1024 4550; x_wconf 90' lang='lat' dir='ltr'>Thom.</span> <span class='ocrx_word' id='word_1_369' title='bbox 1053 4487 1113 4548; x_wconf 83' lang='lat'>2.</span> <span class='ocrx_word' id='word_1_370' title='bbox 1150 4487 1208 4548; x_wconf 88' lang='grc'>2.</span> <span class='ocrx_word' id='word_1_371' title='bbox 1235 4506 1293 4566; x_wconf 88' lang='lat' dir='ltr'>q.</span> <span class='ocrx_word' id='word_1_372' title='bbox 1327 4486 1471 4547; x_wconf 78' lang='lat'>100.</span> <span class='ocrx_word' id='word_1_373' title='bbox 1501 4485 1617 4546; x_wconf 88' lang='lat' dir='ltr'>art.</span> <span class='ocrx_word' id='word_1_374' title='bbox 1648 4484 1707 4543; x_wconf 79' lang='grc'>3.</span> <span class='ocrx_word' id='word_1_375' title='bbox 1743 4483 1821 4544; x_wconf 87' lang='lat' dir='ltr'>ad</span> <span class='ocrx_word' id='word_1_376' title='bbox 1845 4484 1935 4544; x_wconf 78' lang='lat'>4.:</span> <span class='ocrx_word' id='word_1_377' title='bbox 1962 4482 2146 4563; x_wconf 88' lang='lat' dir='ltr'>idque</span> <span class='ocrx_word' id='word_1_378' title='bbox 2172 4499 2448 4562; x_wconf 80' lang='lat' dir='ltr'>expresse</span> <span class='ocrx_word' id='word_1_379' title='bbox 2474 4480 2784 4544; x_wconf 74' lang='lat' dir='ltr'>consentit</span> 
     </span>
     <span class='ocr_line' id='line_1_42' title="bbox 299 4581 2784 4664; baseline -0.005 -7"><span class='ocrx_word' id='word_1_380' title='bbox 299 4590 540 4659; x_wconf 86' lang='lat' dir='ltr'>Concil.</span> <span class='ocrx_word' id='word_1_381' title='bbox 577 4589 1023 4654; x_wconf 85' lang='lat' dir='ltr'>Tridentinum</span> <span class='ocrx_word' id='word_1_382' title='bbox 1054 4606 1199 4651; x_wconf 83' lang='lat' dir='ltr'>sess.</span> <span class='ocrx_word' id='word_1_383' title='bbox 1235 4588 1339 4649; x_wconf 81' lang='grc'>25.</span> <span class='ocrx_word' id='word_1_384' title='bbox 1374 4584 1448 4647; x_wconf 81' lang='lat' dir='ltr'>de</span> <span class='ocrx_word' id='word_1_385' title='bbox 1473 4582 1780 4664; x_wconf 63' lang='lat' dir='ltr'>Reme-lar.</span> <span class='ocrx_word' id='word_1_386' title='bbox 1810 4582 2056 4661; x_wconf 81' lang='lat' dir='ltr'>reform.</span> <span class='ocrx_word' id='word_1_387' title='bbox 2086 4601 2216 4664; x_wconf 85' lang='lat' dir='ltr'>cap.</span> <span class='ocrx_word' id='word_1_388' title='bbox 2251 4581 2352 4644; x_wconf 83' lang='lat'>16.</span> <span class='ocrx_word' id='word_1_389' title='bbox 2388 4601 2497 4664; x_wconf 88' lang='lat' dir='ltr'>pro</span> <span class='ocrx_word' id='word_1_390' title='bbox 2525 4582 2694 4644; x_wconf 72' lang='lat' dir='ltr'>victu</span> <span class='ocrx_word' id='word_1_391' title='bbox 2720 4583 2784 4645; x_wconf 87' lang='lat' dir='ltr'>et</span> 
     </span>
    </p>
   </div>
  </div>
 </body>
</html>
