3497 5147
314 349 447 424 [319]
1382 363 1631 405 onA'rx
1654 364 1694 406 o
2663 351 2771 405 283

303 461 664 540 desiderare.
710 459 1103 542 Temporalia
1150 461 1364 525 autem
1408 460 1555 525 licet
1600 460 1963 537 desiderare,
2003 480 2128 526 non
2171 461 2418 543 quidem
2466 462 2772 544 principa-

312 566 465 636 liter,
515 564 590 627 ut
643 562 709 627 in
756 563 841 626 eis
892 561 1078 626 finem
1125 562 1600 640 constituamus,
1652 564 1757 628 sed
1805 564 1970 628 sicut
2014 564 2318 645 quaedam
2373 564 2766 639 adminicula,

310 667 529 749 quibus
566 664 940 730 adiuvamur
986 664 1066 727 ad
1112 664 1488 730 tendendum
1525 666 1588 730 in
1625 666 2096 743 beatitudinem,
2131 667 2503 749 inquantum
2541 667 2774 732 scilicet

312 787 407 850 per
450 786 520 831 ea
557 766 691 829 vita
730 766 1068 849 corporalis
1100 768 1491 831 sustentatur
1527 769 1590 831 et
1620 768 1994 850 inquantum
2041 769 2218 834 nobis
2251 770 2538 854 organice
2573 770 2769 835 deser-

311 875 479 939 viunt
528 873 606 937 ad
654 875 832 937 actus
865 873 1176 937 virtutum
1207 897 1269 937 ».
1304 873 1603 952 Quocirca
1634 877 1846 940 monet
1893 875 1970 938 ad
2012 876 2098 938 4¹¹³
2145 899 2180 933 «
2212 894 2284 939 ex
2330 894 2453 957 quo
2490 894 2614 941 non
2659 895 2762 958 pe-

312 978 488 1043 timus
540 976 930 1059 temporalia,
978 978 1280 1058 tanquam
1328 977 1748 1060 principaliter
1802 979 2105 1059 quaesita,
2155 978 2259 1043 sed
2304 979 2368 1042 in
2425 979 2635 1043 ordine
2681 979 2758 1044 ad

311 1080 485 1156 aliud,
520 1098 593 1144 eo
632 1081 844 1143 tenore
883 1098 920 1143 a
958 1080 1088 1143 Deo
1126 1080 1397 1161 petimus
1434 1080 1589 1162 ipsa,
1624 1082 1698 1144 ut
1733 1081 1910 1146 nobis
1947 1081 2379 1158 concedantur,
2420 1083 2756 1147 secundum

314 1185 463 1266 quod
496 1183 828 1266 expediunt
863 1183 942 1246 ad
973 1184 1242 1248 salutem
1273 1209 1334 1247 ».

392 1286 566 1365 Quod
615 1286 669 1351 si
701 1286 886 1351 utilia
931 1286 1058 1350 sint
1089 1286 1169 1349 ad
1213 1286 1377 1351 hunc
1407 1286 1591 1353 finem
1629 1289 1692 1352 et
1739 1289 1899 1353 aliae
1936 1288 2317 1354 conditiones
2357 1288 2582 1365 adsint,
2628 1308 2752 1355 non

311 1392 397 1453 est
424 1409 530 1453 cur
568 1388 925 1453 dubitemus
954 1387 1469 1454 infallibilitatem
1499 1390 1956 1472 impetrationis
1988 1391 2066 1454 ad
2113 1409 2326 1455 eorum
2356 1410 2602 1473 quoque
2648 1412 2753 1475 pe-

309 1490 578 1555 titionem
611 1490 867 1574 porrigi.

389 1590 541 1672 318,
577 1590 846 1657 Constat
883 1611 955 1656 ex
985 1592 1167 1657 dictis
1199 1594 1365 1674 quod
1404 1594 1605 1658 oratio
1639 1596 1777 1658 tum
1814 1613 1965 1676 pure
2002 1594 2312 1669 mentalis,
2346 1597 2484 1658 tum
2521 1596 2753 1659 vocalis

287 1715 540 1777 -quoque
573 1713 706 1760 esse
738 1695 963 1778 potest.
997 1695 1080 1759 Et
1110 1695 1379 1776 quidem,
1407 1697 1481 1760 ut
1504 1698 1714 1759 monet
1745 1716 1794 1759 S.
1829 1696 2101 1760 Thomas
2135 1714 2172 1758 a
2208 1697 2332 1767 12„
2367 1696 2567 1759 oratio
2593 1715 2754 1761 com·

303 1799 499 1862 munis
529 1799 592 1862 h.
618 1817 670 1862 e.
696 1816 769 1861 ea
799 1816 958 1879 quae
991 1817 1099 1880 per
1121 1797 1442 1861 ministros
1474 1797 1801 1873 Ecclesiae,
1828 1798 1893 1861 in
1916 1816 2176 1880 persona
2199 1797 2396 1861 totius
2427 1796 2625 1862 fidelis
2649 1818 2753 1881 po-

303 1900 451 1982 puli,
489 1902 618 1965 Deo
665 1901 937 1976 offertur,
972 1900 1153 1965 debet
1198 1918 1329 1963 esse
1375 1899 1628 1975 vocalis,
1668 1900 1743 1963 ut
1785 1900 2134 1964 innotescat
2179 1899 2301 1964 toti
2347 1901 2597 1982 populo,
2641 1920 2751 1983 pro

300 2022 420 2085 quo
468 2004 792 2086 profertur.
833 2003 1049 2067 Oratio
1088 2021 1234 2067 vero
1273 2002 1630 2085 singulariS,
1670 2021 1829 2083 quae
1867 2022 1903 2066 a
1941 2003 2220 2084 quolibet
2249 2004 2347 2068 vel
2384 2024 2494 2086 pro
2542 2024 2607 2069 se
2654 2005 2751 2069 vel

294 2123 399 2187 pro
447 2106 590 2170 aliis
630 2106 900 2182 offertur,
934 2123 1057 2169 non
1105 2123 1260 2187 opus
1307 2107 1402 2168 est
1449 2105 1522 2167 ut
1568 2104 1652 2168 sit
1688 2096 1955 2169 {focalisz
2006 2124 2124 2170 vox
2154 2109 2365 2171 tamen
2402 2106 2544 2170 addi
2588 2107 2750 2172 solet

292 2208 517 2290 triplici
546 2228 623 2273 ex
660 2227 867 2272 causa.
902 2208 1113 2271 Prima
1145 2209 1258 2283 est,
1292 2231 1328 2265 «
1355 2207 1432 2270 ad
1462 2208 1851 2272 excitandam
1881 2207 2237 2272 interiorem
2268 2208 2659 2274 devotionem
2683 2230 2746 2271 »ι

291 2312 568 2388 secunda,
607 2335 642 2369 «
667 2310 847 2392 quasi
878 2311 957 2374 ad
986 2309 1392 2374 redditionem
1424 2309 1635 2387 debiti,
1662 2311 1736 2373 ut
1760 2309 1995 2375 scilicet
2020 2311 2205 2374 homo
2231 2313 2461 2377 serviat
2487 2314 2636 2390 Dec,
2658 2330 2750 2377 se-

285 2414 547 2479 cundum
600 2413 758 2478 illud
807 2415 1032 2487 totum,
1066 2412 1233 2494 quod
1262 2432 1334 2476 ex
1372 2413 1501 2476 Deo
1539 2412 1746 2488 habet,
1779 2413 1941 2477 idest
1979 2432 2101 2478 non
2137 2414 2344 2478 solum
2373 2416 2597 2488 mente,
2637 2416 2743 2479 sed

285 2516 467 2582 etiam
496 2535 761 2600 corpore
791 2538 861 2581 »ε
895 2516 1102 2593 tertia,
1150 2539 1186 2575 «
1218 2534 1291 2581 ex
1320 2514 1590 2598 quadam
1635 2516 2045 2581 redundantia
2079 2516 2157 2580 ab
2189 2516 2395 2581 anima
2426 2516 2489 2581 in
2521 2536 2745 2601 corpus

270 2638 353 2683 ex
398 2619 751 2686 vehementi
795 2619 1115 2684 affectione
1146 2644 1209 2681 ».

368 2719 525 2793 319.
545 2721 909 2803 Quaeritur,
937 2740 1014 2784 an
1040 2721 1308 2785 attentio
1334 2722 1397 2785 et
1420 2740 1578 2802 quae
1602 2721 1666 2784 in
1692 2721 1971 2785 oratione
1993 2722 2367 2802 requiratur.
2391 2723 2746 2805 Respondet

284 2824 623 2889 clarissime
664 2843 715 2887 s.
742 2823 1016 2888 Thomas
1048 2842 1085 2887 a
1122 2823 1223 2886 13.
1260 2823 1583 2888 advertens
1608 2823 1807 2905 primo
1839 2848 1876 2882 ‹
1900 2822 2063 2904 quod
2098 2824 2380 2904 quaestio
2405 2825 2555 2889 haec
2579 2844 2750 2908 prae-

283 2926 453 3009 cipue
483 2928 685 2992 habet
715 2927 921 2991 locum
952 2926 1018 2989 in
1051 2925 1330 2990 oratione
1378 2925 1579 2989 vocali
1610 2949 1672 3001 »ς
1708 2925 1800 2988 ait
1846 2925 2202 3008 praecipue3
2244 2945 2389 2991 nam
2419 2930 2482 2991 et
2516 2927 2580 2990 in
2615 2946 2749 2993 ora-

275 3030 439 3094 tione
470 3031 532 3094 h.
568 3049 625 3095 9.
670 3029 969 3111 petitione
1002 3028 1281 3101 mentali,
1315 3047 1439 3109 qua
1470 3028 1676 3106 verba,
1710 3027 1892 3111 signa
1928 3031 2336 3111 conceptuum
2367 3030 2745 3095 revolvimus

277 3134 637 3216 cogitando,
689 3131 852 3197 idem
898 3151 969 3196 ex
1017 3131 1416 3213 consequenti
1463 3132 1670 3214 potest
1716 3131 1940 3195 habere
1985 3132 2191 3196 locum
2239 3151 2311 3196 ac
2354 3133 2418 3196 in
2468 3134 2748 3199 oratione

276 3237 493 3301 vocali.
534 3235 666 3302 Sed
713 3236 767 3300 si
814 3237 1041 3320 agatur
1086 3232 1160 3298 de
1206 3234 1609 3298 meditatione
1657 3236 1770 3298 aut
1815 3234 2354 3316 contemplatione,
2391 3235 2491 3298 vix
2538 3238 2746 3317 potest

272 3340 559 3419 quaestio
611 3337 843 3419 habere
886 3337 1114 3402 locum.
1164 3337 1384 3416 Itaque
1436 3335 1674 3419 pergit:
1721 3361 1758 3393 «
1789 3333 1968 3400 Circa
2023 3355 2213 3417 quam
2259 3336 2743 3422 (quaestionem)

273 3442 592 3507 sciendum
631 3441 752 3515 est,
786 3438 949 3519 quod
981 3438 1394 3503 necessarium
1430 3436 1657 3500 dicitur
1694 3437 1931 3518 aliquid
1969 3437 2316 3519 dupliciter.
2356 3438 2495 3502 Uno
2534 3440 2738 3516 mod0,

270 3563 372 3627 per
403 3544 578 3627 quod
611 3541 843 3608 melius
874 3541 1228 3623 pervenitur
1274 3539 1352 3603 ad
1384 3539 1567 3603 finem
1599 3542 1662 3603 et
1708 3539 1796 3603 sic
1842 3540 2108 3604 attentio
2140 3540 2425 3605 absolute
2473 3541 2741 3605 orationi

271 3646 620 3711 necessaria
655 3646 772 3708 est.
807 3644 948 3707 Alio
980 3643 1164 3709 modo
1197 3641 1434 3722 aliquid
1464 3640 1692 3706 dicitur
1722 3641 2154 3717 necessarium,
2181 3642 2311 3706 sine
2341 3660 2465 3723 quo
2490 3662 2585 3706 res
2616 3661 2739 3707 non

266 3752 469 3830 potest
503 3746 812 3828 consequi
856 3766 1041 3811 suum
1084 3746 1389 3810 effectum.
1431 3743 1545 3807 Est
1592 3745 1804 3807 autem
1850 3743 2075 3825 triplex
2120 3745 2370 3810 effectus
2417 3745 2735 3811 orationis.

268 3850 518 3918 Primus
558 3850 823 3933 quidem
852 3847 1197 3913 communis
1236 3846 1521 3913 omnibus
1570 3846 1812 3911 actibus
1858 3846 2121 3911 caritate
2166 3847 2536 3927 informatiS,
2577 3849 2742 3930 quod

268 3958 359 4018 est
381 3954 619 4020 mereri
645 3951 839 4033 (idem
863 3970 1007 4015 cum
1030 3950 1426 4033 proportione
1449 3948 1775 4013 dicendum
1797 3947 1871 4013 de
1896 3950 2175 4015 oratione
2198 3971 2269 4015 ex
2285 3953 2493 4036 gratia
2511 3953 2745 4018 actuali

265 4056 430 4123 facta
465 4058 551 4123 ab
586 4074 689 4132 eo,
724 4055 834 4136 qui
863 4054 1079 4118 adhuc'
1095 4055 1191 4117 est
1220 4053 1285 4116 in
1322 4053 1500 4117 statu
1530 4052 1794 4135 peccati)
1819 4053 1984 4118 etad
2009 4054 2172 4118 hunc
2196 4056 2481 4120 effectum
2504 4076 2626 4121 non
2658 4076 2746 4122 re·

262 4161 536 4240 quiritur
570 4179 651 4223 ex
689 4155 1072 4233 necessitate,
1106 4155 1272 4237 quod
1305 4155 1572 4220 attentio
1613 4154 1776 4220 adsit
1809 4157 2075 4222 orationi
2108 4177 2214 4240 per
2246 4161 2487 4236 totum3
2523 4161 2627 4224 sed
2654 4161 2747 4225 vis

265 4263 501 4343 primae
534 4258 933 4336 intentionis,
974 4276 1096 4340 qua
1129 4258 1356 4339 aliquis
1390 4257 1469 4321 ad
1501 4258 1802 4322 orandum
1841 4259 2093 4335 accedit,
2133 4260 2334 4324 reddit
2373 4263 2575 4327 totam
2613 4280 2746 4327 ora·

261 4365 491 4430 tionem
546 4361 965 4439 meritoriam,
1007 4361 1171 4425 sicut
1215 4361 1279 4424 in
1320 4360 1459 4424 aliis
1497 4360 1832 4426 meritoriis
1871 4362 2112 4427 actibus
2151 4363 2393 4432 accidit.
2427 4361 2742 4429 Secundus

258 4467 507 4533 effectus
543 4463 859 4531 orationis
897 4464 992 4527 est
1020 4463 1077 4526 ei
1108 4463 1413 4545 propriuS‚
1447 4461 1613 4543 quod
1643 4465 1737 4526 est
1769 4463 2099 4546 impetrare
2132 4467 2194 4527 et
2226 4464 2302 4528 ad
2335 4466 2499 4530 hunc
2543 4467 2735 4530 etiam

258 4570 545 4636 effectum
579 4565 827 4634 sufficit
862 4566 1062 4648 prima
1106 4565 1393 4640 intentio,
1429 4582 1619 4646 quam
1666 4565 1834 4628 Deus
1882 4565 2302 4648 principaliter
2349 4569 2636 4632 attendit.
2671 4565 2739 4628 Si
