3497 5147
769 346 879 401 500
921 359 1135 401 rnAc‘r.
1161 361 1241 401 vr.
1269 358 1431 400 sacr.
1456 359 1521 399 11.
1547 358 1632 398 DE
1658 357 1937 399 smcuxno
1960 357 2175 398 PRAEc.
2203 355 2532 397 DracALoor.
2557 356 2691 397 cAP.
2717 356 2810 397 111.
2829 357 2973 398 nun.
2994 357 3049 396 v.
3087 342 3218 410 [656]

1773 525 1837 591 U
1829 527 1949 590 nde
1989 522 2276 589 resolves,

878 678 1055 730 wa.
1085 680 1132 728 1.
1164 676 1268 730 Etsi
1296 685 1378 730 tua
1404 679 1547 743 culpa
1575 675 1774 729 materia
1804 680 1925 728 tacta
1958 675 2020 728 sit
2043 673 2378 741 impossibilis,
2405 673 2590 728 inutilis
2618 681 2710 729 etc.
2725 689 2743 743 3
2770 681 2949 740 tamen,
2978 683 3212 743 postquam

768 760 863 814 iam
903 761 1015 814 tatis
1055 764 1179 815 tacta
1216 770 1307 825 est,
1337 766 1497 814 cessat
1534 759 1770 824 obligatio
1809 767 1858 812 et
1896 759 2073 813 sufficit
2111 758 2364 826 poenitere
2405 760 2466 812 de
2496 762 2658 826 culpa.

862 874 1029 948 656.
1059 879 1158 943 Ita
1190 878 1299 959 qui
1321 879 1463 960 post
1508 878 1727 941 votum
1757 877 2095 959 religionis,
2129 876 2306 940 duxit
2350 895 2624 940 uxorem.
2674 876 2776 940 Ita
2825 878 2933 957 qui
2989 877 3211 962 frangit

767 980 1071 1045 ieiunium
1116 999 1257 1043 cum
1282 998 1353 1043 ex
1383 980 1531 1043 voto
1562 977 1811 1043 deberet
1855 978 2317 1043 Eucharistiam
2350 997 2421 1042 ea
2453 977 2550 1043 die
2597 997 2866 1042 sumere.

859 1083 1001 1146 Huc
1047 1082 1288 1164 spectat
1342 1080 1605 1155 axioma,
1668 1078 1739 1143 de
1789 1099 1910 1161 quo
1960 1099 2093 1162 sup.
2143 1100 2202 1144 n.
2256 1080 2426 1154 640„
2469 1083 2616 1144 vota
2662 1099 2789 1144 non
2829 1081 3109 1166 obligare
3151 1083 3210 1146 ad

770 1183 1350 1267 compensationem.
1388 1180 1630 1245 Sufficit
1665 1181 1938 1264 proinde,
1980 1184 2053 1246 ut
2097 1182 2285 1246 habet
2316 1183 2415 1255 A.‚
2448 1183 2764 1265 poenitere
2800 1182 2874 1247 de
2907 1185 3109 1267 culpa.
3135 1183 3217 1248 Sic

770 1287 834 1350 et
870 1285 1094 1350 Suarez
1131 1285 1174 1348 1.
1210 1284 1271 1346 4.
1311 1303 1362 1347 c.
1414 1284 1517 1347 19.
1558 1304 1616 1347 n.
1657 1285 1714 1347 7.
1771 1308 1807 1342 «
1851 1285 1924 1349 In
1970 1285 2087 1348 hac
2133 1284 2296 1349 enim
2344 1285 2605 1348 materia
2643 1285 2826 1369 culpa
2874 1287 3215 1369 praecedens

770 1404 893 1451 non
938 1386 1233 1467 relinquit
1278 1384 1723 1469 obligationem
1786 1384 2047 1449 faciendi
2101 1385 2756 1469 recompensationem,
2824 1387 2933 1451 sed
2990 1391 3214 1452 tantum

771 1488 1217 1571 poenitentiam
1262 1487 1328 1550 et
1370 1488 1585 1570 postea
1617 1505 1739 1550 non
1773 1489 2024 1552 excusat
2070 1488 2253 1571 culpa
2298 1487 2683 1570 praecedenS,
2712 1488 2820 1552 sed
2866 1490 3215 1573 impotentia

772 1608 1058 1673 praesens
1092 1615 1151 1652 ».

862 1691 1335 1756 *Nihilominus
1391 1691 1831 1756 advertendum
1867 1694 1979 1770 est,
2015 1691 2527 1776 impedimentum
2574 1693 2751 1772 illud,
2801 1714 2928 1776 quo
2978 1695 3214 1760 materia

773 1793 906 1857 voti
952 1793 1026 1857 fit
1069 1793 1488 1876 impossibilis
1529 1812 1707 1877 posse
1755 1813 1885 1858 esse
1922 1795 2021 1858 vel
2058 1795 2425 1878 perpetuum
2457 1796 2558 1860 vel
2587 1797 2956 1880 temporale.
3002 1798 3065 1863 Si
3108 1817 3214 1881 per-

771 1896 1032 1978 petuum
1086 1898 1199 1973 est,
1255 1896 1444 1960 habes
1491 1895 1838 1960 doctrinam
1892 1897 2002 1972 A.;
2055 1898 2108 1961 si
2154 1898 2495 1980 temporale
2541 1900 2655 1976 est,
2727 1902 2953 1964 votum
2999 1901 3212 1984 proprie

771 2016 897 2061 non
927 2001 1145 2074 cessat,
1179 1998 1283 2062 sed
1329 1999 1725 2081 suspenditur
1753 2018 1766 2058 ε
1799 2001 1875 2063 ut
1912 1999 2043 2063 eius
2078 1999 2379 2084 obligatio
2428 2000 2624 2065 denuo
2675 2003 2925 2086 urgeat,
2964 2022 3102 2068 cum
3133 2003 3211 2067 de-

775 2100 949 2163 sierit
978 2100 1507 2183 impedimentum.
1542 2101 1921 2183 Perpetuum
1970 2103 2181 2166 autem
2227 2101 2737 2185 impedimentum
2783 2104 3017 2170 dicitur
3061 2105 3205 2182 illud,

775 2201 940 2283 quod
986 2201 1172 2267 durat
1216 2205 1353 2266 toto
1386 2203 1495 2267 illo
1545 2204 1839 2284 tempore,
1897 2222 2007 2287 pro
2057 2222 2180 2286 quo
2227 2206 2444 2269 votum
2478 2206 2726 2287 poterat
2758 2206 3054 2291 obligare.
3103 2208 3202 2271 Vo-

774 2303 924 2368 visti
969 2305 1272 2388 templum
1319 2307 1382 2369 te
1437 2303 1927 2383 aedificaturum,
1985 2304 2090 2369 sed
2144 2307 2360 2388 postea
2406 2307 2470 2370 in
2518 2310 2954 2390 paupertatem
2999 2309 3202 2385 incidie,

775 2408 976 2470 cessat
1020 2425 1131 2490 pro
1179 2425 1250 2472 eo
1297 2409 1572 2490 tempore
1606 2406 1908 2491 obligatio
1955 2407 2123 2471 voti:
2153 2407 2206 2471 si
2244 2408 2456 2472 autem
2482 2408 2559 2473 ad
2581 2409 2902 2474 meliorem
2923 2410 3206 2475 fortunam

776 2509 1142 2591 perveneriS,
1182 2509 1330 2572 voto
1362 2509 1591 2572 iterum
1615 2509 1937 2587 teneberiS‚
1973 2510 2138 2592 quod
2163 2509 2355 2575 etiam
2385 2510 2448 2575 in
2473 2511 2759 2577 civilibus
2791 2511 3015 2578 debitis
3039 2515 3206 2579 obser-

778 2613 911 2675 vari
956 2613 1203 2676 constat
1226 2630 1298 2675 ex
1324 2611 1381 2694 g.
1416 2611 1527 2675 ult.
1563 2611 1777 2676 Instit.
1814 2611 1887 2675 dc
1923 2614 2148 2676 action.
2184 2613 2284 2677 Ita
2308 2613 2630 2698 Laymann
2654 2614 2695 2677 1.
2726 2635 2775 2679 c.
2812 2616 2890 2679 cf.
2919 2619 2983 2682 et
3011 2616 3204 2681 Suarez

776 2715 818 2778 l.
852 2736 903 2779 c.
937 2736 996 2779 n.
1034 2716 1093 2779 5.
1120 2717 1155 2753 *

883 2852 1078 2903 van.
1107 2854 1155 2903 2.
1182 2849 1234 2903 Si
1265 2858 1524 2904 concurrat
1549 2848 1785 2915 obligatio
1823 2852 2028 2903 duorum
2054 2858 2284 2904 votorum
2311 2850 2805 2917 incompossibilium,
2834 2852 3117 2921 implendum
3139 2858 3199 2905 est

776 2933 842 2999 id,
869 2936 998 3001 quod
1023 2942 1099 2989 est
1130 2935 1458 3002 praestantius
1482 2942 1531 2989 et
1557 2937 1662 2987 Deo
1689 2933 1877 2998 gratius
1905 2943 1953 2988 et
1980 2936 2186 2988 alterum
2224 2941 2399 2988 cessat.
2426 2936 2568 3002 Quod
2615 2934 2658 2988 si
2685 2950 2806 2989 vero
2835 2937 2898 2991 sit
2928 2942 3113 3004 aequate
3134 2942 3202 2988 aut

777 3019 984 3085 nescias,
1011 3027 1175 3074 utrum
1200 3019 1265 3075 sit
1288 3019 1479 3084 meliuS,
1504 3019 1805 3086 implendum
1832 3026 1907 3073 est
1932 3021 2063 3085 quod
2091 3018 2228 3086 prius
2255 3018 2457 3082 vovisti,
2485 3025 2534 3074 et
2557 3019 2656 3073 ruit
2681 3021 2962 3087 posterius:
2990 3022 3030 3076 si
3054 3030 3094 3075 et
3127 3026 3207 3075 boc

776 3105 953 3169 nescis,
979 3105 1134 3159 libera
1170 3113 1245 3160 est
1282 3105 1475 3160 electio.
1504 3106 1566 3158 V.
1593 3107 1751 3158 Trull.
1779 3108 1809 3157 t.
1837 3107 1885 3157 2.
1914 3120 1956 3157 c.
1984 3108 2034 3158 2.
2054 3106 2102 3157 d.
2129 3104 2202 3158 9.’

867 3209 1039 3284 657.
1075 3215 1109 3252 *
1141 3214 1310 3279 Vota
1331 3213 1858 3297 incompossibilia
1882 3214 2031 3277 sunt
2062 3213 2333 3295 primum
2350 3214 2592 3278 ratione
2617 3215 2938 3298 temporis,
2972 3234 3204 3298 quorum

777 3316 1126 3398 exemplum
1172 3317 1348 3400 ponit
1392 3316 1715 3400 Laymann
1763 3314 1837 3378 dc
1886 3314 2034 3379 Voto
2072 3334 2123 3379 c.
2160 3317 2219 3378 2.
2260 3336 2320 3379 n.
2370 3316 2432 3378 4.
2466 3315 2662 3381 Vovit
2707 3317 2917 3383 Titius
2965 3338 3028 3384 se
3069 3335 3209 3402 pere-

776 3419 1174 3504 grinaturum
1219 3418 1428 3484 triduo
1475 3419 1903 3503 Rogationum
1951 3416 2027 3481 ad
2063 3418 2339 3481 montem
2386 3419 2706 3483 sanctum:
2739 3423 2959 3502 postea
2987 3423 3214 3494 iterum,

779 3541 889 3587 seu
933 3541 1170 3586 memor
1200 3541 1310 3586 seu
1355 3521 1681 3585 immemor
1712 3521 1935 3603 prioris
1973 3521 2125 3597 voti,
2160 3519 2336 3584 vovit
2380 3538 2445 3584 se
2477 3520 2693 3585 eodem
2722 3522 2935 3588 triduo
2983 3522 3207 3588 servitu·

775 3645 916 3689 rum
951 3624 1241 3710 aegrotis.
1278 3622 1523 3688 Scilicet
1552 3624 1703 3688 haec
1736 3625 1883 3687 vota
1915 3618 2442 3705 incompossibilia
2489 3623 2665 3699 sunt;
2700 3620 2848 3706 quia
2879 3644 3085 3690 eorum
3113 3624 3207 3687 im·

776 3727 988 3808 pleti0,
1024 3726 1361 3791 secundum
1389 3726 1799 3791 intentionem
1847 3725 2147 3801 voventis,
2198 3723 2395 3789 eidem
2428 3725 2695 3808 tempori
2745 3726 3024 3812 affigitur
3051 3730 3108 3790 et
3147 3743 3204 3788 ea

779 3827 967 3890 simul
1012 3826 1257 3910 impleri
1300 3829 1630 3909 nequeunt.
1680 3827 1916 3892 Idcirco
1963 3827 2169 3891 minus
2200 3824 2543 3908 perfectum
2590 3828 2811 3892 cessat.
2857 3827 3037 3893 Secus
3058 3828 3107 3892 si
3136 3825 3205 3889 al-

780 3931 1090 3994 terutrum
1127 3948 1248 3994 non
1296 3929 1381 3993 sit
1424 3931 1590 3994 certo
1627 3929 1896 4012 tempori
1930 3928 2216 3993 affixum:
2252 3927 2341 3993 sic
2387 3927 2495 4010 qui
2527 3926 2717 3993 habet
2750 3931 2901 3994 vota
2956 3932 3080 3994 tum
3124 3944 3203 4009 pe-

778 4031 1152 4118 regrinandi,
1187 4032 1325 4095 tum
1370 4030 1747 4095 deserviendi
1793 4031 2085 4115 aegrotiS,
2134 4032 2493 4113 erumpente
2540 4031 2731 4113 peste,
2783 4032 3045 4097 servabit
3073 4029 3201 4093 alte·

773 4155 934 4211 rum,
992 4133 1338 4219 praeferens
1391 4151 1543 4215 opus
1582 4133 1885 4211 caritatis,
1940 4134 2302 4197 servaturus
2356 4132 2663 4215 deinceps,
2708 4133 2764 4197 si
2810 4133 2940 4198 fieri
2974 4130 3196 4216 poterit,

780 4239 951 4322 prius
998 4240 1238 4302 votum.

871 4342 1211 4407 Identidem
1258 4343 1407 4405 vota
1454 4340 1599 4404 sunt
1632 4339 2177 4423 incompossibilia,
2219 4338 2594 4422 praecisione
2640 4338 2808 4405 facta
2854 4359 2890 4404 a
2934 4341 3196 4419 tempore.

782 4444 880 4508 Sic
912 4444 1140 4508 vovisti
1173 4444 1399 4508 donare
1431 4443 1705 4506 casulam
1737 4442 2025 4507 ecclesiae
2057 4462 2104 4505 s,
2131 4441 2302 4506 Petri
2334 4441 2398 4505 et
2434 4440 2688 4507 calicem
2719 4441 2997 4507 ecclesiae
3023 4458 3066 4502 s.
3091 4437 3199 4498 An·

780 4546 978 4621 dreae‚
1013 4546 1116 4609 sed
1163 4545 1421 4627 pecunia
1468 4548 1743 4627 superest
1777 4544 1982 4608 solum
2028 4564 2137 4628 pro
2178 4544 2481 4609 alterutra
2515 4563 2600 4608 re.
2635 4544 2708 4608 In
2747 4545 2859 4610 hac
2903 4533 3196 4627 hypothesi

780 4647 1059 4711 doctrina
1092 4646 1391 4710 secundae
1424 4646 1617 4728 partis
1654 4647 2052 4711 resolutionis
2087 4647 2248 4730 apud
2280 4648 2355 4711 A.
2395 4647 2561 4711 clara
2595 4650 2710 4711 est.
2738 4650 2773 4687 *
