3497 5147
354 374 483 448 [399]
844 386 1085 428 nocam
1123 385 1554 429 saomnmruu.
1594 389 1896 431 Pontu'rro
1933 389 2269 431 ECCLESIAE
2699 377 2808 432 295

347 503 523 549 uxore
554 484 836 566 loquenS,
870 484 993 548 ait:
1035 507 1071 542 «
1102 483 1277 548 Licet
1307 483 1471 547 enim
1504 487 1712 566 peccet
1748 485 2017 567 exigens,
2051 505 2174 550 non
2223 488 2430 550 tamen
2463 491 2676 569 peccat
2713 488 2810 552 de-

353 590 541 653 bitum
591 586 847 651 reddens
879 608 955 650 »t
1004 586 1153 667 quia
1201 586 1436 649 scilicet
1480 586 1691 650 reddit
1734 589 1869 651 viro
1916 608 2070 667 opus
2115 587 2370 652 habenti
2414 589 2587 669 (nam
2635 608 2808 654 secus

350 690 551 773 inepta
599 690 762 753 esset
810 688 1255 770 ratiocinatio),
1292 690 1480 770 atque
1528 689 1678 753 adeo
1726 690 1802 753 fit
1847 709 1918 754 ex
1965 690 2333 755 necessitate
2370 693 2586 755 contra
2624 693 2813 776 hypo-

352 793 569 858 thesim
601 791 871 855 Sanchez
905 793 968 855 et
1015 789 1598 855 Salmanticensium
1636 793 1753 856 etc.
1788 792 1909 855 Hic
1956 796 2166 856 autem
2200 795 2296 856 est
2340 810 2542 870 casua,
2575 793 2648 857 de
2687 813 2809 875 quo

353 893 556 960 subdit
602 892 990 957 Hostiensis:
1031 918 1063 949 «
1104 890 1171 956 Si
1217 892 1531 956 occultum
1578 893 1681 971 sit,
1730 894 1886 958 satis
1933 894 2198 967 videtur,
2247 894 2412 975 quod
2460 913 2580 958 non
2629 898 2810 979 egeat

351 996 839 1063 reconciliatione
871 1020 905 1053 »
943 997 1008 1059 et
1053 996 1263 1059 tamen
1309 995 1539 1074 subdit,
1575 996 2019 1060 consulendum
2066 1016 2195 1061 esse
2241 997 2625 1061 Pontificem.

434 1102 593 1164 Item
627 1100 887 1163 Ioannes
919 1097 1195 1161 Andreas
1227 1096 1419 1179 (quod
1458 1100 1522 1161 et
1552 1098 1958 1163 Ancharanus
1996 1100 2129 1182 pari
2159 1099 2344 1163 modo
2376 1100 2592 1182 habet)
2626 1099 2803 1176 dicit3

351 1202 503 1285 quod
543 1226 580 1260 «
612 1203 674 1264 si
716 1220 880 1263 uxor
912 1201 1079 1279 petit
1121 1206 1181 1262 et
1223 1219 1376 1279 opus
1412 1198 1613 1273 habet,
1652 1219 1780 1263 non
1818 1205 1912 1264 est
1952 1200 2286 1280 fornicatio
2330 1222 2525 1282 neque
2570 1200 2807 1264 adulte-

347 1308 505 1369 rium
537 1330 599 1368 ».
636 1304 814 1370 Unde
847 1305 915 1367 1⁰
945 1306 1239 1388 supponit
1284 1307 1709 1369 necessitatem
1757 1307 1831 1370 ad
1879 1307 2390 1371 incontinentiam
2439 1307 2802 1371 vitandam:

349 1409 413 1472 2⁰
442 1412 761 1491 praeterea
805 1407 1058 1485 indicat,
1092 1407 1339 1471 nomine
1386 1408 1678 1472 adulterii
1725 1412 1838 1473 aut
1869 1409 2295 1474 fornicationis
2343 1410 2505 1492 apud
2538 1429 2642 1473 303
2677 1411 2804 1472 Do—

347 1514 538 1576 ctores
586 1511 685 1573 ius
732 1507 1113 1573 Canonicum
1159 1510 1531 1592 explicantes
1580 1511 1818 1574 venisse
1865 1512 2054 1574 etiam
2102 1510 2454 1575 maritalem
2514 1511 2802 1592 copulam

344 1613 403 1676 in
447 1612 703 1677 ecclesia
764 1611 1044 1676 habitam
1092 1612 1222 1676 sine
1278 1612 1677 1676 necessitate:
1728 1631 1852 1693 quo
1901 1613 2286 1676 subvertitur
2333 1631 2524 1693 prava
2571 1612 2803 1675 intelli-

344 1716 549 1799 gentia
581 1714 1010 1789 recentiorum,
1037 1715 1216 1794 quasi
1248 1715 1383 1778 sola
1414 1714 1637 1796 copula
1670 1714 1893 1777 illicita
1918 1732 1988 1777 ex
2021 1714 2260 1777 obiecto
2286 1714 2396 1794 (sc.
2425 1713 2804 1776 adulterium

342 1820 405 1881 et
441 1817 796 1899 fornicatio)
829 1817 1293 1882 damnarentur.

432 1918 608 1999 Quod
653 1939 795 1983 vero
833 1921 1023 2002 caput
1069 1922 1164 1983 est
1210 1922 1274 1984 et
1320 1920 1548 1983 summi
1596 1919 1918 1991 momenti,
1959 1919 2220 1982 Ioannes
2267 1918 2543 1982 Andreas
2591 1919 2804 1982 subdit

343 2026 502 2090 hunc
534 2026 781 2090 omnino
829 2045 959 2090 esse
1007 2045 1240 2105 casum,
1275 2025 1348 2091 de
1394 2046 1518 2109 quo
1557 2028 1621 2090 et
1656 2025 2141 2090 Archidiaconus
2189 2028 2253 2089 et
2283 2024 2696 2107 Gandulphus
2735 2027 2805 2087 m

346 2126 577 2191 Glossa
595 2128 918 2210 disputant
940 2131 1292 2212 negantque
1316 2130 1722 2193 necessariam
1747 2147 1880 2192 esse
1897 2128 2457 2193 reconciliationem
2473 2127 2800 2191 Ecclesiae.

422 2231 595 2314 Ergo
615 2232 1073 2313 argumentum,
1097 2232 1262 2313 quod
1286 2232 1633 2296 desumitur
1656 2250 1727 2295 ex
1753 2230 1978 2295 Glossa
2010 2232 2075 2295 et
2098 2230 2409 2293 veteribus
2427 2227 2799 2305 Canonistis,

334 2333 580 2397 nullum
613 2351 865 2415 prorsus
897 2334 993 2396 est
1028 2335 1092 2397 et
1122 2332 1413 2397 innititur
1444 2332 1884 2397 falsationibus
1922 2333 2237 2396 doctrinae
2267 2332 2540 2394 illorum.

416 2436 724 2519 Allegant
755 2434 969 2499 deinde
995 2433 1333 2510 Summam,
1360 2454 1519 2517 quae
1550 2434 1812 2499 Roseua
1844 2435 1964 2498 dici
1996 2435 2155 2498 solet
2188 2433 2265 2496 ad
2289 2433 2366 2495 V.
2403 2431 2802 2496 Consecratio

334 2540 389 2623 g.
420 2542 475 2606 1.
505 2561 568 2606 n.
603 2542 688 2614 9.;
720 2539 814 2604 ita
852 2540 1099 2622 quidem
1137 2538 1406 2606 Sanchez
1445 2541 1486 2604 l.
1514 2559 1565 2605 c.
1593 2539 2109 2605 Salmanticenses
2140 2538 2182 2602 l.
2211 2557 2261 2602 3.

416 2644 660 2709 Verum
684 2643 966 2707 doctrina
998 2644 1183 2708 huius
1222 2646 1317 2708 est
1347 2647 1758 2709 consentanea
1791 2662 2043 2727 prorsus
2075 2642 2308 2705 relatae
2332 2658 2404 2703 ex
2430 2639 2655 2704 Glossa
2679 2641 2796 2703 etc.

320 2765 538 2829 nempe
599 2747 952 2810 maritalem
997 2747 1284 2829 copulam
1331 2746 1395 2809 in
1443 2747 1676 2829 templo
1724 2765 1848 2809 non
1896 2764 2025 2808 3333
2072 2745 2413 2825 peccatum,
2449 2743 2503 2806 si
2548 2741 2800 2822 quando

322 2851 671 2914 necessitas
716 2851 942 2930 uryeat
984 2868 1093 2913 1133
1138 2850 1379 2932 possint
1424 2848 1716 2932 coniuges
1765 2847 1925 2911 exire
1973 2846 2051 2909 ab
2097 2845 2349 2909 ecclesia
2397 2847 2461 2908 31
2507 2846 2656 2909 111113
2701 2864 2800 2908 33-

322 2952 579 3018 313313111
628 2969 755 3015 11011
803 2950 1076 3034 indigere
1113 2951 1632 3015 reconciliatione.

409 3051 591 3125 399.
628 3052 888 3118 Addunt
920 3051 1437 3117 Salmanticenses
1462 3052 1880 3116 Alexandrum
1912 3050 2246 3114 Halensem
2275 3048 2506 3112 Smnm.
2535 3049 2704 3111 Part.
2734 3051 2795 3113 2.

318 3159 565 3239 quaest.
612 3156 762 3220 147.
795 3157 1052 3219 membr.
1082 3158 1142 3218 2.
1170 3156 1401 3239 Agitur
1432 3154 1517 3218 ibi
1551 3153 2161 3240 delcircumstantiiS,
2197 3151 2423 3233 quibus
2455 3150 2680 3213 illicita
2714 3151 2798 3214 sit

318 3260 547 3342 copula
581 3257 899 3322 maritalis
931 3259 996 3321 et
1026 3259 1114 3321 sic
1144 3257 1206 3320 in
1253 3276 1383 3321 rem
1416 3260 1693 3322 nostram
1742 3257 2003 3320 dicitur:
2045 3280 2080 3313 «
2112 3254 2208 3318 Ad
2239 3255 2397 3319 illud
2430 3273 2595 3330 vero,
2632 3253 2797 3335 quod

316 3360 401 3424 ibi
435 3360 747 3425 obiicitur
777 3357 849 3422 de
880 3359 1017 3423 loco
1050 3378 1244 3434 sacro,
1273 3359 1594 3423 dicendum
1627 3362 1741 3434 est,
1777 3358 1941 3439 quod
1973 3358 2027 3421 si
2058 3357 2231 3420 locus
2263 3357 2655 3420 consecratus
2682 3357 2794 3432 est,

316 3464 577 3547 propter
609 3462 1039 3543 contemptum
1072 3461 1441 3525 sacramenti
1475 3462 1687 3543 peccat
1723 3459 2100 3525 mortaliter:
2136 3477 2330 3536 neque
2367 3461 2545 3519 tanta
2575 3462 2668 3519 est
2700 3477 2799 3520 ne-

314 3568 604 3641 cessitas,
632 3564 786 3646 quin
818 3564 1017 3646 possit
1047 3583 1411 3649 cognoscere
1444 3563 1506 3627 in
1539 3562 1663 3626 alio
1695 3563 1832 3626 loco
1859 3587 1918 3624 ».
1957 3560 2078 3625 Ubi
2111 3579 2306 3640 neque
2338 3558 2796 3623 excusationem

312 3666 720 3734 necessitatis
767 3665 1095 3730 admittere
1141 3665 1406 3730 videtur.
1455 3665 1621 3748 Ergo
1671 3682 1793 3728 non
1839 3665 2004 3727 recte
2051 3661 2399 3725 adducitur.

403 3770 612 3836 Addit
646 3786 822 3832 vero:
856 3792 892 3827 «
916 3768 1011 3832 Ad
1059 3768 1215 3832 illud
1245 3786 1411 3844 vero,
1447 3767 1612 3848 quod
1649 3763 1942 3830 obiicitur
1972 3763 2047 3826 de
2085 3761 2390 3826 Ecclesiis
2420 3762 2797 3827 consecratis

308 3872 768 3956 (obiiciebatur
813 3873 1024 3934 autem
1086 3870 1400 3934 decretum
1461 3868 1518 3932 N
1522 3868 1717 3933 icaeni
1768 3895 1848 3923 =
1899 3865 2189 3931 Ecclesiis
2237 3866 2368 3930 Deo
2425 3866 2795 3930 consecrat-is

305 3997 427 4043 non
471 3993 618 4041 esse
666 3973 895 4036 iterum
941 3973 1465 4037 consecrationem
1528 3970 1958 4043 adhibendam,
2008 3969 2127 4034 nisi
2174 3968 2318 4052 igne
2364 3970 2617 4033 exustae
2679 3970 2793 4032 aut

305 4077 652 4165 sanguinis
696 4074 990 4139 effusione
1022 4077 1136 4139 aut
1181 4075 1505 4139 cuiusdam
1553 4074 1785 4139 somine
1831 4073 2110 4156 pollutae
2154 4072 2387 4136 fuerint
2421 4095 2533 4146 =;
2569 4089 2640 4134 ex
2673 4090 2795 4151 quo

305 4178 830 4254 concludebatur,
870 4179 1192 4260 peccatum
1239 4196 1370 4241 esse
1416 4177 1681 4242 mortale
1730 4175 2083 4239 maritalem
2129 4175 2193 4237 in
2242 4172 2512 4237 ecclesiis
2573 4190 2797 4235 concu-

304 4286 567 4366 bitum),
604 4281 674 4344 .ςί
715 4280 847 4343 sint
878 4278 1163 4358 pollutae
1209 4282 1346 4354 etc.,
1388 4279 1733 4354 dicendum,
1771 4278 1935 4359 quod
1985 4275 2228 4359 proprie
2262 4273 2491 4338 dicitur
2527 4274 2795 4356 pollutio

306 4388 415 4452 illo
449 4384 680 4459 mod0,
713 4400 835 4463 quo
868 4381 1173 4463 polluitur
1203 4400 1310 4463 per
1342 4381 1719 4445 adulterium
1758 4381 1856 4444 vel
1903 4377 2395 4452 fornicationem,
2429 4395 2551 4441 non
2584 4378 2797 4440 autem

307 4509 449 4554 cum
502 4483 827 4571 polluitur
870 4502 977 4565 per
1023 4483 1260 4547 coitum
1306 4503 1447 4547 cum
1495 4501 1704 4556 uxore,
1754 4482 2006 4564 propter
2053 4477 2219 4560 quod
2265 4477 2398 4542 fieri
2444 4477 2665 4541 debeat
2708 4495 2797 4540 re·

308 4591 734 4666 consecratio,
758 4590 922 4653 sicut
953 4589 1207 4670 quidam
1241 4590 1474 4654 dicunt.
1509 4588 1859 4652 Secundum
1892 4587 2050 4650 alios
2082 4587 2293 4648 autem
2325 4584 2387 4646 in
2422 4582 2794 4664 quibusdam
