3497 5147
344 316 528 391 [1131]
606 330 758 378 Qum
786 329 1187 377 ammanun
1214 328 1298 368 An
1326 328 1616 370 13111111οΜ
1639 326 2163 370 11033351181101111
2187 328 2357 369 conn.
2385 330 2553 371 vase.
2707 315 2818 371 847

441 427 658 508 Quoad
701 426 858 491 alios
891 443 1034 491 vero
1068 425 1260 498 cibos,
1293 426 1401 506 qui
1438 425 1501 489 in
1533 426 1792 490 coenula
1825 425 2291 508 permittuntur,
2326 427 2591 491 materia
2621 446 2815 511 parva

350 550 463 615 pro
496 529 797 594 fractione
829 526 1045 592 ieiunii
1075 527 1251 593 iuxta
1274 527 1349 591 A.
1376 546 1487 592 nec
1508 528 1643 592 heic
1667 547 1715 591 s.
1743 527 2034 612 Ligorius
2057 528 2444 607 contradicit,
2471 531 2566 593 est
2591 532 2816 611 quarta

350 652 494 719 pars
543 632 838 698 coenulae
886 633 1015 696 sive
1062 631 1221 696 duae
1270 631 1503 695 unciae.
1543 631 1643 694 Ita
1680 631 1744 694 et
1781 630 1956 715 Gury
1997 634 2148 696 tom.
2187 632 2245 695 1.
2283 632 2341 715 ξ.
2377 633 2527 697 494.
2562 652 2622 714 q.
2660 633 2718 697 7.
2754 635 2817 696 et

351 755 402 801 s,
435 734 796 818 Alphonsus
828 753 889 798 n.
925 734 1143 811 1025„
1176 733 1521 798 consentire
1553 733 1819 811 videtur,
1857 734 1964 797 ubi
1994 733 2068 797 de
2100 734 2358 798 coenula
2388 735 2666 817 loquenS‚
2694 734 2814 798 ait:

358 862 394 897 <
426 834 585 900 Cum
617 838 910 899 censeant
948 835 1251 899 Salmant.
1286 854 1430 899 cum
1468 834 1759 912 Sanchez,
1797 835 1975 909 Viva,
2010 836 2204 913 Elbel‚
2245 833 2468 919 Sporer
2505 836 2620 900 etc.
2662 836 2818 900 duas

353 939 567 1004 uncias
610 938 676 1003 in
726 937 1169 1002 refectiuncula
1217 956 1338 1002 non
1379 938 1655 1020 reputari
1702 958 2017 1003 excessum
2064 958 2338 1023 gravem,
2379 939 2820 1021 consequenter

352 1043 559 1106 tenere
606 1040 829 1106 debent
860 1065 897 1099 >
935 1041 1052 1104 etc.
1086 1058 1196 1103 nec
1243 1040 1372 1104 ullo
1419 1041 1604 1104 modo
1652 1040 1967 1125 significat
2012 1060 2078 1106 se
2128 1060 2265 1105 eam
2298 1042 2670 1106 sententiam
2701 1040 2820 1104 im-

355 1144 633 1228 probare,
682 1162 844 1225 quae
905 1144 1262 1224 ceteroquin
1309 1144 1405 1207 est
1464 1144 1813 1209 multorum
1879 1144 2225 1209 doctorum.
2275 1144 2362 1209 At
2407 1145 2461 1209 si
2514 1163 2820 1228 ponamus

356 1246 599 1311 duabus
631 1246 827 1310 unciis
873 1245 1074 1310 carnis
1122 1245 1352 1329 attingi
1401 1247 1652 1311 tandem
1696 1247 2029 1311 materiam
2059 1266 2345 1331 gravem:
2382 1246 2617 1329 aliquid
2656 1246 2818 1330 pluS,

357 1368 547 1431 quam
581 1349 738 1413 duae
771 1349 987 1414 unciae
1011 1348 1289 1415 ciborum
1317 1349 1971 1433 quadragesimalium,
1999 1369 2109 1433 pro
2148 1351 2328 1435 gravi
2366 1350 2630 1415 materia
2661 1349 2822 1414 forte

360 1450 784 1532 requiruntur.

449 1552 625 1632 Quod
673 1552 971 1617 materiae
1019 1552 1278 1616 seorsim
1325 1572 1550 1636 parvae
1604 1554 1818 1619 eodem
1865 1555 1961 1620 die
2018 1558 2305 1639 sumptae
2351 1558 2711 1643 *coalescant
2756 1556 2821 1620 in

361 1675 557 1719 unum
588 1656 651 1719 et
687 1655 934 1739 perinde
967 1654 1093 1719 sint
1125 1674 1196 1719 ac
1227 1674 1351 1718 una
1389 1675 1461 1719 ex
1498 1656 1574 1720 iis
1605 1658 1923 1735 comestio,
1957 1660 2166 1740 patet3
2201 1660 2348 1740 quia
2373 1678 2583 1723 omnes
2607 1677 2821 1741 reapse

358 1758 682 1824 conferunt
729 1758 807 1822 ad
852 1757 1138 1822 effectum
1185 1758 1545 1823 nutritionis
1595 1778 1717 1823 non
1766 1778 1939 1824 secus
1979 1779 2050 1824 ac
2081 1760 2134 1824 si
2181 1760 2369 1825 simul
2408 1762 2821 1837 sumerentur,

361 1860 888 1942 quemadmodum
934 1860 1197 1943 parvula
1243 1860 1413 1924 furta
1460 1860 1800 1925 coalescere
1846 1863 2107 1945 possunt
2143 1863 2208 1926 in
2254 1862 2571 1940 damnum,
2606 1864 2823 1927 contra

357 1964 524 2045 quod
573 1964 850 2049 graviter
899 1963 1188 2028 dominus
1236 1964 1320 2028 sit
1366 1964 1622 2029 invitus.
1674 1965 1840 2029 Fieri
1886 1984 2032 2050 ergo
2091 1967 2316 2049 potest,
2368 1968 2440 2030 ut
2487 1967 2594 2048 qui
2642 1985 2823 2050 saepe

359 2066 425 2131 in
472 2066 568 2131 die
616 2067 929 2131 modicum
984 2066 1134 2149 quid
1195 2066 1482 2144 comedit,
1533 2066 1784 2131 tandem
1839 2069 2117 2152 graviter
2174 2070 2400 2153 peccet.
2451 2067 2715 2135 Constat
2760 2068 2824 2132 id

360 2171 677 2251 praeterea
722 2189 793 2233 ex
839 2169 1135 2233 damnata
1184 2169 1261 2233 ab
1308 2169 1479 2233 Alex.
1530 2170 1672 2234 VII.
1722 2189 1896 2253 prop.
1933 2174 2076 2236 29.:
2116 2196 2151 2229 «
2185 2172 2257 2236 In
2304 2172 2401 2236 die
2455 2172 2672 2237 ieiunii
2717 2171 2825 2253 qui

360 2272 607 2354 saepius
653 2272 962 2337 modicum
1010 2271 1159 2354 quid
1224 2272 1510 2349 comedit,
1559 2274 1680 2337 etsi
1728 2274 2068 2338 notabilem
2112 2275 2545 2361 {quantitatem
2593 2276 2657 2339 in
2705 2274 2826 2339 fine

360 2375 713 2452 comederit,
763 2394 885 2440 non
932 2374 1169 2460 frangit
1213 2375 1516 2439 ieiunium
1550 2401 1609 2439 ».
1651 2377 1790 2440 Hoc
1836 2379 2018 2460 pacto
2067 2378 2342 2460 profecto
2390 2378 2626 2443 frustra
2663 2378 2827 2443 esset

363 2478 460 2543 lex
498 2479 732 2543 ieiunii.

458 2579 624 2652 1131.
665 2581 1047 2647 Sententiam
1072 2581 1147 2646 A.
1174 2583 1335 2646 circa
1367 2602 1542 2646 esum
1574 2602 1835 2647 ovorum
1868 2584 1932 2647 et
1967 2582 2443 2660 lacticiniorum,
2478 2583 2638 2665 quod
2692 2602 2829 2667 pro·

366 2683 568 2748 babile
614 2683 700 2747 sit
743 2684 899 2747 hanc
947 2682 1151 2767 legem
1200 2684 1474 2768 obligare
1512 2686 1764 2750 tantum
1801 2685 1917 2749 sub
1955 2685 2203 2763 veniali,
2243 2705 2292 2750 s,
2327 2685 2512 2769 Alph.
2546 2685 2681 2750 heic
2710 2686 2828 2750 im-

369 2786 752 2870 probabilem
797 2785 966 2863 dicit,
1020 2788 1270 2869 propter
1316 2805 1489 2870 prop.
1530 2788 1635 2851 32.
1686 2788 2050 2853 damnatam
2097 2788 2176 2853 ab
2221 2788 2393 2853 Alex.
2431 2788 2571 2852 VII.
2620 2813 2654 2847 <‹
2686 2787 2827 2854 Non

366 2889 464 2952 est
509 2888 776 2966 evidens,
816 2887 981 2970 quod
1030 2888 1409 2953 consuetudo
1442 2908 1565 2953 non
1596 2888 1953 2954 comedendi
1985 2909 2102 2955 ova
2135 2892 2199 2954 et
2234 2891 2548 2956 lacticinia
2578 2891 2640 2955 in
2676 2911 2830 2974 qua-

370 2990 720 3076 dragesima
758 2989 992 3075 obliget
1028 3015 1090 3054 ».

459 3092 721 3158 Videtur
768 3112 816 3158 s.
870 3093 1101 3158 Doctor
1147 3094 1407 3177 probare
1470 3097 1840 3180 argumenta
1880 3096 2040 3162 Viva
2089 3096 2386 3178 (quocum
2441 3095 2829 3160 sentiendum

367 3198 518 3263 dicit
563 3218 623 3262 n.
678 3197 899 3280 1007.)
945 3197 1008 3261 in
1067 3197 1226 3261 hanc
1272 3217 1468 3280 prop.,
1519 3199 1743 3280 quibus
1803 3199 2075 3264 ostendit
2121 3198 2626 3262 consuetudinem
2673 3199 2831 3262 hanc

368 3301 865 3384 antiquissimam
891 3318 1040 3374 esse,
1071 3299 1265 3363 allato
1292 3297 1441 3362 Can.
1472 3301 1575 3362 56.
1604 3299 1788 3365 Cone.
1816 3299 2119 3372 Trullani,
2155 3299 2454 3380 quidquid
2478 3300 2563 3363 sit
2594 3300 2666 3363 de
2699 3300 2832 3363 eius

368 3404 764 3481 auctoritate,
799 3403 863 3465 et
910 3420 1052 3463 eam
1096 3401 1603 3465 consuetudinem
1650 3422 1802 3477 esse,
1843 3422 2001 3483 quae
2033 3403 2148 3466 sub
2180 3402 2360 3487 gravi
2395 3402 2657 3485 obliget3
2694 3403 2833 3464 tum

370 3506 519 3586 (11113
566 3504 829 3569 materia
876 3502 971 3566 est
1015 3502 1227 3585 gravis
1276 3503 1339 3565 et
1384 3503 1449 3566 in
1499 3524 1561 3567 re
1609 3505 1810 3586 gravi,
1851 3504 1969 3567 nisi
2018 3504 2188 3567 aliud
2226 3504 2388 3569 clare
2436 3505 2699 3581 constet,
2736 3503 2835 3568 lex

372 3606 679 3670 Ecclesiae
718 3606 957 3690 obligat
997 3605 1294 3690 graviter,
1328 3606 1467 3668 tum
1506 3629 1541 3662 «
1573 3605 1720 3686 quia
1753 3604 1889 3669 ideo
1923 3604 2305 3670 consuetudo
2344 3606 2556 3688 aliqua
2587 3608 2682 3669 est
2715 3605 2836 3669 evi-

373 3708 589 3773 denter
637 3708 1031 3792 obligatoria,
1065 3708 1214 3790 (11113
1260 3708 1357 3772 est
1401 3707 1747 3771 communis
1799 3708 2113 3790 persuasio
2161 3707 2439 3772 fidelium
2469 3710 2532 3772 et
2563 3726 2835 3772 commu-

375 3809 672 3874 nissimus
704 3809 1165 3894 Theologorum
1202 3828 1438 3886 sensuS,
1472 3809 1637 3891 quod
1678 3809 1933 3893 obliget,
1968 3813 2099 3874 esto
2140 3828 2260 3873 non
2294 3810 2536 3874 constet
2566 3808 2834 3888 aliunde,

375 3911 544 3995 quod
582 3911 870 3975 habuerit
902 3913 1054 3977 olim
1085 3913 1313 3990 omnia,
1348 3912 1940 3993 quae'requiruntur
1972 3910 2050 3975 ad
2081 3911 2199 3976 hoc
2235 3913 2308 3977 ut
2343 3912 2553 3995 aliqua
2589 3932 2841 3977 consue-

378 4015 530 4080 tudo
558 4013 793 4098 obliget
818 4014 1004 4096 (quae
1032 4016 1238 4080 tamen
1262 4015 1507 4092 merito,
1528 4014 1732 4098 posita
1759 4033 1828 4079 ea
1856 4015 2272 4099 persuasione,
2296 4016 2840 4099 praesumuntur):

379 4116 559 4198 atqui
584 4118 679 4181 est
703 4115 1043 4181 consimilis
1076 4116 1384 4182 Fidelium
1424 4117 1741 4201 persuasio
1768 4117 1833 4181 et
1862 4117 2324 4203 Theologorum
2361 4117 2673 4183 unanimis
2708 4137 2847 4182 con-

374 4239 613 4294 sensuS,
646 4218 813 4301 quod
844 4219 995 4283 haec
1033 4219 1267 4303 obliget
1303 4220 1613 4304 graviter:
1648 4239 1797 4304 ergo
1831 4245 1890 4284 ».
1927 4218 2216 4286 Ceterum
2248 4241 2358 4286 nec
2391 4239 2643 4306 prorsus
2675 4220 2848 4286 deest

375 4325 474 4388 ius
508 4323 834 4405 scriptum.
869 4321 1032 4386 Nam
1070 4322 1135 4386 in
1171 4341 1222 4385 c.
1256 4321 1547 4404 Denique
1578 4322 1724 4387 dist.
1768 4325 1827 4387 2.
1867 4324 1996 4389 iam
2041 4324 2326 4408 superius
2358 4325 2574 4402 citato,
2608 4343 2658 4388 S.
2694 4321 2846 4388 Gre-

377 4427 593 4510 gorius
641 4426 715 4490 de
766 4425 1291 4510 quadragesimali
1337 4426 1567 4491 ieiunio
1614 4426 1894 4509 loquens,
1937 4428 2054 4493 ait:
2103 4454 2137 4485 «
2170 4429 2293 4492 Ρ31·
2322 4429 2437 4505 est,
2480 4428 2698 4511 utqui
2751 4428 2848 4492 his

379 4528 595 4594 diebus
642 4549 678 4593 a
724 4529 1012 4595 carnibus
1063 4528 1428 4593 animalium
1479 4530 1881 4610 abstinemus,
1919 4532 1995 4596 ab
2045 4532 2328 4596 omnibus
2376 4550 2640 4614 quoque,
2685 4549 2849 4612 quae
