3497 5147
678 355 786 410 288
892 369 1100 409 macr.
1133 371 1210 410 v1.
1237 369 1398 410 ποτ.
1426 370 1465 412 1.
1493 371 1577 411 nn
1602 369 1794 411 ramo
1821 370 2038 411 anano.
2066 370 2393 411 omanem.
2423 370 2556 411 car.
2591 372 2655 412 11.
2684 372 2824 414 nun.
2854 373 2919 412 11.
2989 361 3132 429 [390]

678 468 919 533 ordines
951 468 1239 551 suscepit,
1275 468 1403 532 sive
1439 470 1501 533 in
1538 488 1631 545 eo,
1659 469 1767 550 qui
1798 466 2241 549 professionem
2270 466 2631 551 religiosam
2655 468 2883 545 emisit,
2910 469 3134 535 habere

676 571 985 637 malitiam
1017 571 1343 654 sacrilegii,
1380 570 1845 655 superadditam
1877 570 2161 634 malitiae
2185 568 2595 649 infidelitatis,
2630 590 2788 652 quae
2820 572 2956 636 sola
2973 573 3136 638 inest

679 673 1008 739 violationi
1044 673 1177 738 voti
1208 673 1527 756 simplicis.

766 775 980 857 Neque
1040 777 1251 840 tamen
1306 795 1546 840 necesse
1601 778 1697 840 est
1745 776 1808 839 in
1856 773 2234 839 confessione
2282 774 2498 839 ambas
2530 775 2811 841 malitias
2859 796 3140 859 expresse

676 896 1061 943 enumerare:
1096 878 1252 942 satis
1285 878 1447 942 enim
1495 880 1610 954 est,
1645 878 1698 942 si
1745 878 1885 959 quis
1932 877 2117 951 dicat,
2159 896 2222 940 se
2253 877 2319 941 in
2356 877 2547 941 sacris
2581 896 2711 941 esse
2744 880 2857 942 aut
2887 880 3141 963 religio-

676 1000 843 1045 sum:
895 999 1036 1045 cum
1082 979 1294 1044 eadem
1325 980 1572 1045 malitia
1619 979 1900 1062 specifica
1949 980 2033 1043 sit
2080 978 2389 1063 sacrilegii
2438 979 2502 1042 et
2532 978 2851 1044 fractionis
2901 983 3035 1047 voti
3075 982 3137 1045 in

678 1085 959 1165 utroque.
1001 1082 1142 1146 Vid.
1175 1082 1316 1146 infr.
1368 1103 1425 1147 n.
1467 1084 1613 1146 145.

765 1182 943 1256 390.
978 1185 1210 1251 Contra
1243 1187 1352 1267 qui
1374 1187 1631 1269 simplex
1656 1189 1875 1250 votum
1899 1187 2103 1250 solum
2134 1185 2361 1260 emisit,
2385 1185 2449 1248 id
2474 1185 2808 1268 exprimere
2832 1187 3033 1252 debet.
3059 1188 3143 1253 Et

676 1291 739 1354 in
772 1289 887 1353 hac
917 1309 981 1354 re
1011 1308 1134 1354 non
1173 1290 1574 1354 admittemus
1620 1289 1969 1354 doctrinam
2015 1289 2331 1365 AuctoriS,
2358 1307 2519 1369 quae
2551 1289 2816 1354 babetur
2849 1291 2911 1353 in
2947 1294 3026 1354 tr.
3078 1294 3141 1355 4.

673 1412 805 1475 cap.
841 1396 899 1456 2.
935 1392 1097 1474 (heic
1129 1392 1201 1456 de
1251 1393 1319 1455 6⁰
1358 1394 1598 1475 Praec.)
1630 1391 1774 1455 dub.
1812 1393 1872 1455 2.
1923 1413 1983 1456 n.
2019 1392 2102 1469 6.,
2137 1391 2246 1455 ubi
2276 1391 2429 1456 dicit
2464 1392 2782 1474 probabile
2828 1412 2980 1469 esse,
3019 1414 3140 1460 non

676 1514 828 1578 opus
877 1514 1006 1559 esse
1052 1495 1407 1577 exprimere,
1457 1513 1606 1558 num
1653 1496 1872 1559 votum
1921 1494 2005 1557 sit
2051 1494 2330 1576 simplex,
2381 1513 2458 1557 an
2505 1494 2830 1571 sollemne;
2882 1515 3028 1559 nam
3077 1497 3139 1559 in

672 1597 939 1679 simplici
984 1615 1106 1661 non
1155 1596 1546 1660 admittimus
1591 1597 1906 1661 malitiam
1954 1596 2264 1681 sacrilegii
2312 1599 2376 1660 et
2411 1596 2547 1660 ideo
2580 1596 2969 1662 sollemnitas
3004 1599 3138 1663 voti

675 1701 769 1764 est
798 1698 1191 1782 exprimenda
1224 1699 1331 1763 ubi
1364 1698 1598 1763 accedit
1632 1699 1795 1762 ratio
1837 1698 2165 1783 sacrilegii.

765 1802 974 1865 Minus
1019 1802 1416 1866 coaherenter
1461 1801 1826 1864 Tamburini
1875 1799 2074 1864 Meth.
2116 1799 2283 1880 Eaep.
2334 1799 2612 1879 Confcsa
2647 1801 2756 1864 lib.
2794 1804 2854 1865 2.
2889 1822 3025 1885 cap.
3079 1805 3138 1868 7.

678 1908 736 1989 ἓ.
789 1909 847 1970 5.
895 1927 955 1970 11.
1006 1908 1155 1969 30...
1206 1904 1282 1968 ad
1331 1905 1777 1986 quaestionem,
1828 1923 1906 1968 an
1953 1905 2170 1968 votum
2210 1903 2469 1986 simplex
2515 1906 2579 1967 et
2615 1902 2912 1967 sollemne
2945 1905 3141 1987 (quod

674 2008 907 2072 habent
931 2012 1067 2072 tum
1089 2007 1358 2071 Professi
1375 2009 1511 2071 tum
1538 2007 1925 2089 Sacerdotes)
1949 2006 2236 2070 differant
2257 2006 2474 2089 specie,
2501 2006 2864 2088 respondet:
2898 2032 2934 2066 ‹
2960 2009 3138 2085 Dico,

672 2129 803 2175 esse
834 2110 1403 2192 probabilissimum
1428 2112 1760 2191 tutumque
1789 2109 1852 2172 in
1887 2108 2080 2191 praxi,
2116 2127 2237 2172 non
2260 2107 2502 2172 differre
2527 2108 2728 2192 specie
2764 2110 2949 2191 atque
2980 2110 3138 2176 adeo

674 2212 1157 2276 sollemnitatem
1190 2212 1322 2276 voti
1356 2231 1475 2276 non
1513 2231 1645 2275 esse
1678 2211 2019 2274 necessario
2053 2210 2486 2274 declarandam
2519 2236 2581 2273 ».

762 2315 1000 2379 Debilis
1049 2319 1257 2379 autem
1304 2318 1399 2378 est
1446 2314 1606 2378 ratio
1639 2313 2023 2390 Tamburini,
2058 2314 2206 2395 quia
2239 2315 2572 2395 utrumque
2617 2315 2838 2378 votum
2883 2315 3142 2398 respicit

673 2418 971 2483 virtutem
1007 2418 1359 2502 religionis;
1396 2436 1539 2480 nam
1578 2434 1701 2479 non
1726 2416 1933 2480 omnia
1965 2418 2217 2499 peccata
2240 2417 2457 2480 contra
2488 2416 2783 2480 virtutem
2815 2416 3142 2500 religionis

672 2524 821 2587 sunt
866 2520 1138 2586 eiusdem
1178 2519 1419 2602 speciei.

759 2625 889 2690 Nec
926 2625 1096 2688 valet
1118 2624 1280 2687 ratio
1322 2623 1517 2686 allata
1555 2641 1591 2685 a
1624 2622 1893 2687 Sanchez
1926 2621 2001 2685 de
2025 2621 2323 2685 Macrim.
2357 2623 2465 2686 lib.
2510 2622 2567 2686 7.
2603 2621 2760 2704 disp.
2796 2623 2903 2687 27.
2939 2644 3000 2686 n.
3031 2624 3136 2688 27.

672 2728 736 2792 et
771 2729 838 2792 ll.
872 2728 960 2792 ibi
991 2726 1221 2800 citatis,
1255 2725 1549 2789 sollemne
1596 2727 1817 2788 votum
1855 2744 1891 2788 a
1923 2724 2190 2807 simplici
2221 2724 2464 2788 differre
2488 2723 2691 2789 solum
2724 2743 2796 2788 ex
2826 2724 3142 2790 Ecclesiae

669 2831 1099 2895 institutione:
1133 2828 1195 2892 id
1242 2828 1480 2892 evincet
1511 2846 1633 2892 non
1666 2827 1906 2892 differre
1954 2827 2153 2910 specie
2184 2828 2507 2910 peccatum
2539 2825 2942 2906 infidelitatis
2987 2849 3142 2910 crya

671 2930 879 2995 Deum
910 2931 970 2994 in
1007 2931 1329 3011 utriusque
1376 2929 1509 2993 voti
1555 2929 1921 3004 violatione3
1973 2931 2040 2992 at
2071 2949 2193 2994 non
2226 2928 2471 3011 probat,
2520 2947 2643 2992 non
2690 2929 2974 2994 accedere
3009 2949 3142 3013 spe-

671 3034 825 3098 ciem
856 3033 1197 3115 sacrilcyii,
1231 3033 1377 3095 dum
1411 3031 1705 3095 sollemne
1742 3033 1961 3095 votum
1992 3031 2325 3115 frangitur.

758 3133 913 3207 391.
949 3137 1038 3201 Ut
1081 3136 1309 3199 iniuria
1355 3135 1610 3198 inducat
1639 3134 1949 3198 rationem
1980 3134 2309 3218 sacrilegii,
2362 3152 2516 3217 opus
2547 3135 2646 3199 est
2681 3136 2756 3198 ut
2803 3154 3132 3218 personam

671 3239 906 3303 afficiat
927 3239 1232 3319 quatenus
1264 3256 1437 3300 sacra
1471 3240 1583 3300 est.
1623 3236 1786 3299 Hinc
1819 3236 1927 3317 qui
1957 3236 2172 3300 fraude
2204 3238 2530 3319 extorquet
2560 3238 2625 3301 in
2655 3236 2803 3301 ludo
2843 3239 3137 3320 pecunias

667 3341 1045 3425 presbytero,
1093 3342 1305 3423 peccat
1336 3343 1585 3422 peccato
1624 3339 1992 3414 iniustitiae,
2042 3339 2147 3402 sed
2193 3357 2316 3404 non
2347 3340 2693 3425 sacrilegii:
2726 3357 2908 3405 secus
2941 3341 2995 3404 si
3040 3360 3137 3405 ca-

666 3445 950 3510 stitatem
981 3444 1190 3519 violet,
1233 3443 1345 3524 qui
1393 3462 1576 3505 sacra
1624 3460 1883 3524 persona
1930 3442 2004 3505 fit
2051 3443 2180 3506 Deo
2230 3462 2342 3525 per
2388 3443 2701 3508 castitatis
2731 3445 2993 3512 votum:
3041 3444 3134 3508 ita

663 3548 771 3631 qui
801 3548 1093 3612 irascitur
1125 3550 1237 3611 aut
1272 3545 1411 3610 odio
1439 3545 1628 3609 habet
1660 3563 1988 3627 personam
2019 3563 2279 3622 sacram,
2306 3564 2429 3609 non
2463 3547 2557 3611 est
2587 3564 2729 3609 reus
2763 3547 3096 3631 sacrilegii.

759 3653 897 3715 Duo
946 3651 1238 3734 coniuges
1278 3648 1331 3711 si
1364 3650 1628 3712 voveant
1660 3648 2018 3711 castitatem
2055 3648 2278 3712 mutuo
2310 3667 2612 3712 consensu
2647 3650 2711 3711 et
2758 3647 2978 3713 deinde
3010 3668 3136 3713 ma-

669 3753 961 3817 trimonio
996 3755 1277 3829 utantur,
1312 3770 1432 3815 non
1464 3750 1720 3833 peccant
1755 3751 1974 3814 contra
2004 3749 2395 3828 castitatem3
2430 3751 2578 3832 quia
2623 3750 2801 3814 nulla
2839 3750 2962 3814 alia
3000 3751 3134 3836 lege

668 3877 818 3922 usus
846 3857 1223 3921 matrimonii
1249 3857 1400 3938 ipsis
1422 3857 1841 3921 interdicitur:
1870 3857 2125 3939 peccant
2142 3857 2349 3919 tamen
2369 3858 2619 3939 peccato
2644 3857 2864 3920 contra
2887 3861 3129 3932 votum,

667 3961 832 4042 quod
857 3961 1175 4042 peccatum
1194 3958 1501 4038 perfidiae
1527 3959 1808 4034 dicimuS,
1838 3977 1960 4022 non
1987 3959 2198 4022 autem
2220 3957 2550 4041 sacrilegii.
2577 3957 2888 4023 Videlicet
2913 3961 3134 4024 votum

666 4063 870 4144 quoad
903 4062 1070 4145 ipsos
1096 4062 1449 4143 aequivalet
1474 4065 1619 4126 voto
1645 4060 2164 4125 mortificationis.
2192 4059 2355 4125 Hinc
2385 4060 2598 4124 eodem
2629 4060 2766 4125 loco
2805 4079 2871 4124 se
2903 4061 3135 4126 habent

671 4185 741 4228 ac
772 4166 825 4229 si
864 4165 1002 4246 quis
1048 4165 1274 4228 voveat
1310 4163 1610 4227 ieiunium
1659 4162 1756 4224 die
1804 4161 1880 4224 ad
1925 4160 2326 4227 ieiunandum
2364 4161 2442 4225 ab
2488 4161 2764 4226 Ecclesia
2811 4180 2936 4227 non
2984 4163 3137 4228 desi-

664 4274 878 4353 gnato.
919 4271 1004 4334 Hi
1052 4270 1214 4334 enim
1248 4271 1568 4352 peccarent
1604 4267 1809 4331 solum
1856 4269 2070 4330 contra
2109 4267 2353 4344 votum,
2403 4285 2524 4332 non
2562 4267 2778 4332 contra
2815 4267 3023 4352 legem
3053 4269 3136 4332 ie·

664 4371 839 4435 iunii.
876 4372 1018 4436 Vid.
1054 4372 1265 4457 Ligor.
1299 4371 1406 4434 lib.
1452 4371 1511 4433 3.
1546 4391 1605 4433 n.
1645 4370 1796 4432 236.

756 4472 819 4538 Si
866 4475 1148 4539 sacerdos
1196 4491 1454 4557 graecus
1489 4473 1600 4535 aut
1637 4472 1952 4551 diaconus,
1988 4474 2308 4550 uxoratus,
2360 4472 2738 4538 adulterium
2770 4473 3136 4538 committat

660 4581 773 4641 aut
820 4576 1291 4658 quomodolibet
1341 4576 1557 4637 contra
1604 4575 1960 4639 castitatem
2009 4577 2234 4659 peccet,
2291 4577 2535 4658 praeter
2588 4573 2972 4640 adulterium
3022 4578 3134 4641 aut
