3497 5147
413 306 561 383 [932]
1464 327 1550 368 mn
1586 326 1834 368 nunno
2775 316 2881 371 691

511 419 690 487 Alter
735 440 917 485 casus
950 424 1064 499 est,
1099 423 1154 487 si
1194 425 1462 506 utraque
1509 443 1652 507 pars
1683 422 2050 489 bellantium
2090 424 2153 489 in
2185 443 2257 489 eo
2304 426 2669 504 consentiat,
2700 426 2776 490 ut
2806 427 2884 491 ad

416 525 675 591 vitanda
707 525 949 589 maiora
979 525 1306 608 utriusque
1340 525 1534 609 partis
1560 525 1786 590 damna
1819 528 1882 591 et
1912 526 2144 604 caedeS,
2170 529 2353 611 pauci
2383 531 2661 612 pugnent
2688 528 2779 592 ita
2810 533 2885 594 ut

420 648 493 694 ex
525 645 768 712 pugnae
802 625 971 691 exitu
1003 626 1204 691 exitus
1238 627 1428 693 etiam
1460 627 1607 692 belli
1640 627 2031 693 diiudicetur.
2057 628 2139 693 Et
2170 629 2387 712 utique
2416 629 2718 715 Theologi
2749 649 2882 696 mo-

420 730 581 795 rales
630 731 951 812 apponunt
1000 729 1304 811 quasdam
1350 730 1732 795 conditiones
1771 730 1922 813 (vid.
1973 729 2241 796 Sanchez
2287 733 2357 796 in
2403 731 2700 814 Decaloy.
2741 733 2782 796 l.
2819 734 2878 798 2.

420 853 472 898 c.
507 834 611 897 39.
653 853 711 897 n.
753 832 905 915 16.),
938 852 1014 897 ne
1065 833 1317 915 prodere
1365 833 1697 916 quisquam
1744 852 1998 899 causam
2034 835 2405 919 reipublicae
2452 834 2755 901 videatur.
2795 837 2883 901 At

422 937 596 1000 nulla
627 935 940 1019 profertur
976 935 1137 1000 ratio
1185 936 1249 1000 in
1286 936 1686 1013 contrarium,
1722 937 1903 1019 quasi
1946 938 2097 1002 haec
2131 957 2340 1022 pugna
2372 938 2599 1003 habeat
2646 939 2882 1022 aliquid

426 1057 749 1104 commune
788 1058 931 1103 cum
966 1037 1077 1103 illo
1110 1038 1337 1116 duello,
1370 1037 1536 1121 quod
1566 1038 1861 1104 illicitum
1893 1042 2006 1103 est.

524 1182 629 1235 XL.
656 1181 707 1235 5.
734 1184 1004 1247 Acceptare
1027 1180 1145 1234 item
1172 1180 1301 1243 licet,
1327 1179 1371 1233 si
1406 1179 1515 1246 quis
1551 1179 1674 1234 alias
1710 1187 1761 1234 te
1790 1180 2046 1235 occisurus
2082 1182 2318 1235 concedat
2354 1188 2515 1236 tamen
2545 1197 2696 1248 arma,
2722 1190 2776 1236 ut
2802 1183 2872 1239 sic

415 1270 654 1320 ronanam
697 1263 963 1332 experiaris
973 1280 991 1332 3
1017 1263 1127 1331 quia
1165 1273 1240 1318 est
1278 1271 1463 1319 tantum
1500 1264 1736 1329 defensio,
1765 1264 1927 1332 posito
1966 1267 2093 1332 quod
2135 1265 2275 1320 aliter
2305 1280 2403 1321 non
2446 1267 2606 1334 possis
2643 1270 2872 1322 evadere.

414 1348 662 1411 Similiter,
690 1348 731 1401 si
756 1348 904 1403 iudex
929 1350 1054 1402 duos
1078 1350 1138 1402 ad
1166 1354 1371 1403 mortem
1412 1350 1666 1403 damnatos
1693 1353 1843 1403 vellet
1868 1351 2034 1404 duello
2061 1350 2295 1415 congredi
2310 1367 2326 1420 ;
2352 1351 2464 1419 quia
2493 1351 2636 1406 aliter
2666 1351 2872 1407 alterius

413 1442 545 1488 esset
581 1432 878 1487 constitutus
914 1432 1135 1487 minister
1172 1432 1404 1488 iustitiae.
1436 1434 1595 1487 Trull.
1624 1436 1655 1487 Ι.
1681 1448 1723 1488 c.

504 1536 681 1610 932.
722 1540 813 1603 De
860 1539 1061 1623 priore
1094 1540 1269 1623 parte
1308 1538 1514 1604 Resol.
1549 1539 1723 1604 nulla
1757 1541 1854 1604 est
1898 1541 2209 1622 quaestio:
2244 1540 2406 1605 ratio
2454 1541 2617 1606 enim
2649 1541 2722 1605 A.
2759 1541 2880 1605 evi·

416 1641 564 1707 dens
597 1642 710 1706 est.
739 1639 831 1707 cf.
860 1641 1040 1726 Lugo
1074 1641 1229 1725 disp.
1261 1642 1363 1706 10.
1391 1661 1450 1706 n.
1482 1641 1628 1705 173.
1655 1639 1873 1722 Quoad
1906 1641 2096 1707 aliam
2127 1644 2366 1725 partem
2398 1643 2720 1727 Laymann
2743 1643 2785 1707 1.
2815 1643 2874 1706 3.

416 1747 494 1809 tr.
530 1745 589 1808 3.
617 1765 676 1828 p.
718 1744 778 1807 3.
815 1763 865 1809 c.
903 1746 961 1807 5.
996 1764 1056 1808 n.
1087 1745 1146 1807 2.
1180 1742 1487 1826 duplicem
1525 1743 1702 1825 ponit
1730 1745 2177 1827 quaestionem,
2217 1745 2451 1809 scilicet
2487 1746 2553 1808 1⁰
2585 1764 2664 1809 an
2695 1745 2876 1809 iudex

423 1866 528 1912 seu
577 1846 856 1931 princeps
903 1845 1100 1929 possit
1145 1845 1387 1910 duobus
1435 1845 1553 1910 reis
1598 1844 1820 1911 mortis
1867 1845 2129 1911 indicere
2176 1846 2486 1911 duellum:
2529 1848 2598 1910 2⁰
2637 1866 2715 1911 an
2753 1847 2873 1911 reis

411 1950 655 2015 licitum
688 1949 771 2013 sit
806 1949 1141 2032 acceptare.

501 2052 580 2117 Et
613 2051 818 2135 quoad
866 2051 1137 2133 primum
1183 2051 1389 2133 inquit
1420 2049 1605 2133 (alios
1654 2051 1989 2136 allegans):
2031 2076 2066 2110 ‹<
2098 2050 2272 2116 Licet
2318 2051 2653 2117 secundum
2700 2070 2764 2116 se
2811 2053 2875 2116 et

410 2154 793 2238 speculative
825 2174 953 2218 rem
988 2153 1372 2219 aestimando
1418 2172 1541 2218 non
1589 2153 1876 2220 videatur
1920 2154 1981 2218 id
2016 2153 2289 2218 alienum
2322 2174 2357 2219 a
2394 2155 2526 2219 iure
2574 2153 2867 2231 naturali,

414 2257 579 2340 quod
609 2257 672 2322 id
703 2257 872 2322 aliud
904 2276 1026 2321 non
1058 2258 1161 2334 sit,
1201 2276 1389 2339 quam
1428 2258 1766 2339 utrumque
1795 2275 1971 2321 reum
2001 2255 2066 2320 in
2100 2256 2474 2321 alterutrum
2512 2256 2869 2321 ministrum

402 2359 684 2426 iustitiae
721 2360 1056 2436 decernere,
1090 2359 1165 2424 ut
1210 2358 1443 2424 iustam
1473 2359 1695 2423 mortis
1743 2358 2116 2423 sententiam
2147 2358 2212 2421 in
2259 2357 2439 2422 illum
2472 2359 2863 2439 exsequatur,

409 2464 464 2529 ei
498 2466 729 2542 autem,
763 2464 871 2546 qui
904 2463 1307 2547 praevenerit,
1342 2463 1475 2526 vita
1522 2462 1937 2527 condonetur:
1972 2463 2249 2526 attamen
2284 2461 2360 2527 ob
2408 2460 2731 2525 adiunctas
2763 2462 2874 2525 cir-

411 2566 822 2633 cumstantias
868 2586 992 2630 non
1040 2566 1222 2630 vacat
1268 2565 1541 2649 periculo
1589 2564 1898 2643 scandali3
1940 2584 2131 2647 quare
2176 2584 2285 2629 nec
2331 2563 2626 2650 expediet,
2676 2583 2872 2646 neque

408 2670 653 2735 licitum
687 2671 782 2735 est
812 2695 873 2732 ».
908 2666 1088 2734 Certe
1120 2667 1432 2733 rarissime
1464 2667 1786 2752 continget
1821 2668 1949 2732 vim
1982 2668 2045 2732 et
2077 2667 2510 2733 dexteritatem
2546 2667 2871 2749 utriusque

412 2791 541 2838 esse
574 2791 779 2856 pares:
809 2771 959 2836 haec
984 2789 1130 2855 ergo
1164 2769 1469 2834 sententia
1501 2769 1722 2834 iudicis
1755 2772 1998 2853 saperet
2023 2771 2440 2853 acceptionem
2471 2788 2872 2854 personarum

412 2895 521 2941 nec
545 2876 683 2940 aliis
715 2875 954 2959 placere
986 2873 1212 2958 potest,
1239 2872 1404 2955 quod
1436 2872 1745 2937 exsecutio
1779 2872 2141 2950 sententiae,
2166 2892 2356 2956 quam
2380 2872 2625 2938 iustitia
2658 2872 2870 2957 exigit,

408 2976 524 3041 fiat
569 2977 909 3061 dependens
958 2995 993 3041 a
1041 2975 1206 3040 sorte
1253 2974 1352 3040 vel
1396 2974 1607 3039 valore
1654 2973 2038 3039 alterutrius
2094 2999 2130 3034 ‹
2176 2974 2274 3040 Ad
2322 2975 2583 3040 alteram
2631 2976 2873 3058 partem

410 3079 766 3164 respondeo,
792 3078 999 3162 inquit
1024 3077 1366 3162 Laymann,
1394 3097 1537 3141 cum
1561 3076 1786 3141 Azorio
1813 3078 1964 3141 tom.
1993 3077 2053 3141 3.
2081 3076 2188 3141 lib.
2219 3079 2278 3140 2.
2301 3097 2434 3161 cap.
2459 3079 2518 3141 5.
2540 3079 2780 3159 quaest.
2811 3077 2868 3140 7.

408 3184 743 3266 postquam
791 3181 1069 3265 princeps
1115 3179 1473 3244 huiusmodi
1519 3179 1886 3244 facultatem
1919 3179 2124 3243 duello
2173 3179 2521 3243 decertandi
2567 3179 2686 3242 reis
2735 3196 2873 3242 con-

406 3284 609 3362 cessit,
658 3284 904 3348 licitum
962 3281 1158 3346 videri
1215 3281 1280 3345 id
1335 3283 1671 3364 acceptare,
1720 3300 1844 3345 non
1901 3300 1971 3345 ex
2019 3280 2180 3358 odio,
2229 3280 2330 3345 sed
2389 3282 2527 3344 tum
2590 3280 2870 3363 publicae

408 3386 690 3452 iustitiae
723 3387 873 3464 ze10,
909 3387 1046 3450 tum
1080 3383 1362 3467 propriae
1394 3382 1561 3448 vitae
1594 3382 1929 3448 salvandae
1961 3401 2148 3447 eausa
2179 3406 2241 3446 ».
2277 3380 2368 3446 Cf.
2413 3383 2616 3447 Resol.
2651 3402 2776 3464 seq.

496 3488 584 3553 At
624 3488 803 3553 aliter
841 3486 1267 3571 quaestionem
1299 3484 1476 3568 ponit
1511 3484 1746 3550 Azorl.
1783 3504 1833 3548 c.
1873 3484 1990 3549 hoc
2022 3484 2234 3549 modo:
2276 3508 2310 3541 ⁴<
2343 3481 2601 3562 Quando
2643 3483 2868 3564 aliquis

410 3590 490 3654 ab
522 3590 644 3657 alio
677 3611 785 3675 per
817 3589 1196 3656 calumniam
1228 3588 1558 3652 accusatur
1594 3588 1658 3652 et
1695 3606 1760 3651 se
1798 3589 1964 3651 certo
2012 3585 2182 3651 videt
2228 3586 2305 3649 ad
2351 3587 2616 3650 mortem
2655 3585 2869 3649 conde-

408 3693 811 3758 mnandum...
846 3694 911 3757 et
944 3711 1066 3757 non
1100 3690 1308 3775 potest
1345 3689 1528 3754 aliter
1558 3689 1816 3754 evadere
1854 3687 1932 3752 ab
1963 3688 2196 3752 iniusto
2245 3686 2714 3764 calumniatore,
2747 3686 2868 3752 nisi

409 3796 692 3861 oblatum
740 3796 1018 3860 duellum
1066 3792 1359 3878 acceptet,
1410 3766 1558 3856 tunc
1603 3792 1849 3857 licitum
1896 3793 1991 3857 est
2045 3791 2360 3876 acceptare
2416 3789 2693 3855 duellum
2748 3789 2868 3854 sibi

405 3903 687 3968 oblatum
714 3922 750 3968 a
775 3899 1223 3966 calumniatore
1256 3918 1368 3964 suo
1403 3898 1776 3976 adversario,
1810 3897 2223 3962 intercedente
2259 3895 2497 3974 iudice,·
2522 3896 2672 3960 tunc
2701 3893 2866 3959 enim

408 4006 658 4070 solum
645 4023 932 4070 innocens
980 4022 1044 4070 se
1076 4001 1348 4067 defendit
1379 4001 1455 4065 ab
1500 4001 1728 4065 iniuria
1763 4003 1826 4065 et
1857 4000 2055 4065 vitam
2102 4018 2281 4065 suam
2327 4001 2542 4064 tuetur
2575 4017 2610 4061 a
2649 3997 2711 4059 vi
2757 4016 2864 4061 seu

404 4108 631 4174 iniuria
662 4135 725 4173 ».
765 4108 866 4173 Ita
913 4106 977 4172 et
1027 4105 1306 4189 Pirhing‚
1340 4104 1383 4168 1.
1420 4105 1478 4168 5.
1515 4105 1561 4167 t.
1603 4106 1702 4168 14.
1737 4123 1797 4168 n.
1835 4104 1895 4167 2.
1929 4102 2392 4175 interveniente,
2444 4099 2535 4164 ait
2564 4117 2866 4162 consensu

402 4210 645 4276 iudaeis.
686 4209 857 4291 Quae
895 4207 1178 4292 quaestio
1212 4205 1478 4290 pertinet
1510 4206 1586 4271 ad
1618 4207 1800 4272 resol.
1836 4225 1961 4289 seq.
