3497 5147
751 347 854 401 142
926 359 1136 400 macr.
1167 361 1220 401 v.
1250 359 1414 401 sssc'r.
1444 361 1532 399 111.
1561 361 1646 399 Da
1670 359 1994 400 cama-Aris
2017 359 2407 401 PRARGEPTIS.
2434 359 2633 404 CAPUT
2657 362 2723 400 11.
2750 362 2893 402 nun.
2921 362 2986 403 11.
3065 347 3208 422 [190]

749 458 900 522 ximi
945 458 1425 522 conservandam
1478 460 1760 522 tenemur
1807 457 2008 521 adhuc
2052 456 2350 521 damnum
2393 458 2547 540 pati,
2596 457 2907 543 erogando
2954 459 3207 542 pauperi

747 579 821 623 ea
866 579 1134 642 quoque,
1173 580 1330 641 quae
1378 563 1528 624 sunt
1573 560 1772 624 statui
1803 559 2164 635 necessaria,
2190 560 2475 641 quamvis
2505 579 2629 625 non
2667 581 2809 625 cum
2844 580 3074 645 magno
3107 561 3207 624 de-

751 661 1064 726 trimento.
1098 662 1265 746 Ergo
1306 683 1341 726 a
1387 662 1631 727 fortiori
1679 681 1801 727 non
1834 680 2164 744 possumus
2201 661 2334 726 eius
2368 664 2638 727 mortem
2667 664 2954 746 appetere
2988 663 3066 727 ad
3110 664 3205 729 lu-

745 784 920 828 crum
967 765 1309 848 temporale
1341 765 1801 847 reportandum.
1840 764 1939 828 Ita.
1972 765 2134 827 Viva
2172 765 2215 826 l.
2249 784 2299 828 c.
2336 785 2394 827 n.
2434 766 2535 829 12.

836 863 992 938 mu.
1021 868 1184 932 Hinc
1206 868 1506 950 sequitur,
1542 887 1662 931 non
1680 867 2131 931 admittendam
2163 867 2511 932 doctrinam
2540 886 2775 945 eorum,
2814 887 2875 931 v,
2908 888 3002 951 gr.
3030 868 3202 933 Palai

751 969 824 1032 de
871 969 1138 1034 Caritat.
1179 972 1362 1035 tract.
1400 971 1460 1034 6.
1496 970 1650 1052 disp.
1702 971 1763 1032 4.
1806 972 2015 1052 punct.
2061 971 2200 1033 Ln.
2241 970 2365 1042 11.,
2400 970 2507 1051 qui
2555 969 2634 1033 ad
2679 970 3200 1035 cohonestandum

748 1071 1119 1137 desiderium
1166 1072 1265 1136 vel
1311 1072 1612 1156 gaudium
1659 1073 1812 1136 mali
1844 1073 2121 1149 alterius,
2158 1073 2361 1136 solum
2394 1071 2669 1155 exigunt,
2695 1073 2770 1136 ut
2799 1090 2922 1137 non
2956 1075 3204 1154 optetur

748 1176 1055 1256 quatenus
1081 1177 1176 1239 est
1206 1176 1376 1239 illius
1414 1176 1652 1239 malum
1685 1176 1782 1239 vel
1815 1195 1886 1238 ex
1924 1175 2311 1257 displicentia
2335 1192 2649 1256 personae.
2674 1173 2840 1238 Nam
2869 1174 3204 1255 requiritur

747 1281 1084 1358 praeterea,
1119 1280 1193 1341 ut
1216 1278 1727 1352 emolumentum,
1762 1277 1928 1358 quod
1959 1296 2033 1340 ex
2062 1276 2170 1340 illo
2205 1276 2421 1358 optato
2470 1276 2636 1340 malo
2675 1278 2980 1360 speratur,
3020 1277 3205 1341 ratio-

750 1379 1039 1443 nabiliter
1076 1379 1411 1444 secundum
1444 1380 1719 1444 ordinem
1752 1380 2037 1444 caritatis
2066 1378 2531 1462 praeferendum
2562 1379 2667 1443 sit.

829 1482 1020 1545 Aliud
1046 1483 1140 1545 est
1173 1484 1380 1546 tamen
1407 1482 1751 1557 dicendum,
1780 1481 1831 1546 si
1856 1481 2015 1563 quiS‚
2043 1481 2368 1564 supposita
2399 1481 2655 1545 alterius
2687 1484 2908 1554 morte,
2935 1483 3207 1566 gaudeat

745 1583 819 1647 de
867 1585 1196 1667 temporali
1244 1585 1684 1662 emolumento,
1735 1584 1901 1664 quod
1946 1584 2065 1666 ipsi
2133 1582 2436 1666 provenit.
2484 1583 2556 1647 Id
2604 1584 2767 1647 enim
2818 1603 2944 1649 non
2992 1588 3090 1649 est
3132 1586 3203 1649 de

745 1689 946 1751 morte
993 1688 1196 1752 aliena
1241 1687 1529 1770 gaudere,
1582 1687 1686 1751 sed
1747 1686 2081 1752 dumtaxat
2126 1686 2199 1750 de
2247 1685 2525 1749 utilitate
2571 1686 2710 1750 inde
2756 1688 2990 1765 exorta,
3042 1688 3201 1769 quod

745 1790 988 1853 nullum
1036 1792 1130 1853 est
1177 1792 1517 1871 peccatum.
1554 1791 1853 1872 Roncagl.
1892 1790 1935 1852 1.
1970 1809 2021 1853 c.

830 1890 966 1968 Qua
997 1891 1070 1952 de
1108 1911 1172 1954 re
1207 1892 1364 1954 Viva
1397 1892 1438 1953 l.
1466 1912 1517 1955 c.
1552 1911 1609 1954 n.
1647 1893 1744 1954 4.:
1796 1891 1860 1954 Si
1893 1892 2031 1972 quis
2061 1890 2336 1974 gaudeat
2371 1891 2641 1974 praecise
2677 1892 2751 1956 de
2781 1894 3199 1959 emolumento

740 1993 1091 2072 temporali,
1141 1992 1306 2072 quod
1354 2013 1424 2055 ex
1470 1997 1670 2057 morte
1718 1993 1982 2057 alicuius
2014 1993 2317 2075 provenit,
2356 1994 2713 2058 nullatenus
2752 2013 2896 2059 vero
2930 1996 3202 2079 gaudeat

742 2092 814 2155 de
847 2093 1018 2156 illius
1057 2095 1287 2167 morte;
1321 2094 1482 2157 unde
1513 2095 1963 2175 complacentia
2012 2097 2075 2158 et
2121 2095 2493 2159 desiderium
2522 2096 2807 2161 inefficax
2835 2098 3201 2163 terminetur

744 2196 993 2258 tantum
1016 2194 1092 2258 ad
1134 2196 1372 2259 bonum
1403 2198 1742 2279 proprium,
1771 2196 2143 2262 nullatenus
2161 2199 2239 2261 ad
2270 2200 2509 2263 malum
2534 2198 2826 2276 alienum,
2860 2199 2967 2263 sed
2999 2201 3201 2265 solum
3331 2202 3349 2226 ⁶

742 2320 815 2364 ex
840 2301 1264 2383 suppositione
1295 2304 1518 2367 mortis
1557 2304 1795 2367 alienae
1826 2304 2089 2368 velimus
2123 2306 2613 2372 emolumentum
2652 2307 3015 2389 temporale,
3040 2308 3204 2390 quod

738 2404 1136 2484 consequitur
1182 2406 1245 2468 et
1291 2405 1365 2469 de
1429 2406 1536 2470 illo
1585 2407 1929 2489 gaudemus
1976 2408 2073 2471 vel
2135 2408 2210 2471 ad
2286 2427 2603 2474 summum
2664 2409 2739 2473 de
2808 2411 3198 2489 connexione,

735 2526 924 2589 quam
973 2527 1139 2572 mors
1178 2509 1442 2591 proximi
1489 2510 1716 2575 habeat
1764 2531 1905 2575 cum
1952 2514 2164 2576 nostro
2215 2512 2322 2577 illo
2371 2512 2818 2579 emolumento:
2857 2513 2915 2578 si
2967 2514 3062 2579 ita
3104 2535 3198 2581 res

735 2611 1146 2694 intelligatur,
1198 2612 1397 2675 aberit
1444 2616 1784 2695 peccatum.
1822 2614 1904 2676 Et
1948 2613 2011 2676 in
2058 2615 2175 2678 hoe
2221 2633 2405 2678 sensu
2451 2615 2657 2696 (iuxta
2701 2616 2962 2681 eundem
3011 2618 3196 2701 Viva)

735 2714 1180 2795 interpretandi
1227 2716 1375 2779 sunt
1419 2715 1777 2794 CaietanuS,
1824 2717 2074 2794 Palam,
2108 2716 2359 2794 Oviedo,
2392 2717 2618 2782 Mendo
2651 2721 2789 2794 etc„
2823 2719 2897 2783 ut
2928 2719 3195 2785 advertit

736 2814 928 2879 etiam
973 2817 1212 2881 Puente
1258 2818 1618 2893 Hurtadus;
1669 2820 1815 2883 licet
1860 2819 2067 2882 minus
2114 2822 2294 2884 caute
2331 2821 2580 2901 loquuti
2626 2821 2997 2886 desiderium
3028 2826 3193 2888 recta

733 2917 878 2980 ferri
927 2918 1166 3002 fingant
1203 2920 1264 2981 in
1315 2921 1580 3002 proximi
1611 2921 1868 2985 malum.
1905 2920 1996 2985 Cf.
2037 2921 2204 2984 dicta
2236 2922 2297 2984 in
2338 2924 2414 2986 tr.
2455 2922 2530 2985 de
2562 2922 2855 2988 Peccatis
2900 2943 2999 2988 an.
3051 2927 3191 2989 109.

734 3020 1036 3102 deinceps.

818 3122 1009 3185 Addit
1044 3143 1093 3186 s,
1127 3124 1313 3207 Alph.
1343 3125 1452 3187 lib.
1491 3127 1549 3187 5.
1586 3146 1644 3187 n.
1681 3127 1785 3189 21.
1822 3126 1885 3189 in
1925 3127 2179 3191 eandem
2204 3147 2363 3191 rem:
2406 3152 2441 3184 «
2472 3126 2611 3190 Non
2646 3126 3055 3206 damnandus,
3086 3129 3188 3211 qui

730 3225 964 3307 gaudet-
1011 3226 1083 3289 de
1132 3229 1350 3292 effectu
1399 3231 1665 3309 sequuto
1701 3230 1832 3292 scil.
1880 3230 2221 3296 hereditate
2270 3232 2524 3295 obtenta
2557 3251 2629 3295 ex
2658 3233 2857 3297 morte
2905 3234 3225 3308 alterius;'

730 3325 876 3389 licet
918 3330 1186 3415 materia
1230 3332 1319 3392 sit
1348 3332 1708 3409 periculosa
1740 3357 1800 3395 ».

821 3431 905 3493 At
930 3431 1074 3495 lieet
1107 3432 1192 3495 sit
1224 3434 1592 3515 periculosa,
1627 3454 1769 3498 cum
1802 3438 2010 3500 tamen
2042 3437 2192 3500 haec
2230 3437 2354 3501 fere
2386 3437 2671 3501 eveniant
2695 3437 2758 3500 et
2788 3435 3000 3502 fideles
3037 3439 3189 3503 forte

729 3551 793 3596 se
841 3538 1148 3612 accusent,
1199 3535 1365 3616 quod
1432 3536 1734 3619 gaudium
1806 3538 2136 3603 habuerint
2181 3540 2254 3603 de
2298 3541 2499 3604 morte
2546 3538 2814 3603 aliorum
2865 3542 3006 3617 etc„
3054 3560 3191 3605 cum

728 3637 936 3700 tamen
986 3639 1241 3701 affectus
1292 3639 1508 3722 gaudii
1556 3659 1677 3703 non
1725 3642 2015 3723 respiciat
2060 3643 2297 3706 malum
2345 3642 2449 3706 sed
2496 3642 2779 3705 effectum
2826 3647 3186 3723 sequutum:

727 3738 869 3799 hinc
902 3741 1313 3805 confessarius
1349 3744 1686 3824 antequam
1720 3744 1989 3821 damnet,
2030 3744 2211 3810 debet
2241 3746 2591 3811 examinare
2613 3747 2676 3810 et
2712 3745 2831 3808 rite
2860 3745 3184 3812 instruere.

733 3837 892 3901 Nam
927 3841 1204 3920 alioquin
1238 3844 1528 3907 affectum
1564 3846 2046 3926 complacentiae
2092 3847 2165 3911 de
2214 3848 2371 3911 bono
2419 3848 2638 3913 effectu
2686 3849 2952 3929 sequuto
2992 3852 3193 3933 prohi-

729 3939 868 4002 bere
916 3942 1012 4003 est
1043 3962 1388 4024 repugnare
1421 3949 1701 4008 naturae.

817 4044 1136 4120 Quaenam
1171 4062 1312 4107 vero
1348 4047 1770 4110 emolumenta
1794 4068 1863 4109 ex
1898 4048 2157 4113 rationis
2194 4053 2397 4115 rectae
2429 4052 2760 4117 dictamine
2797 4057 3191 4137 praeferenda

729 4142 1077 4221 videantur,
1104 4164 1226 4209 non
1260 4148 1355 4209 est
1385 4147 1557 4211 locus
1591 4148 1723 4211 heic
1771 4150 2072 4231 persequi.

812 4244 988 4323 Quod
1037 4266 1182 4329 ergo
1239 4247 1466 4312 dicitur
1493 4270 1548 4313 v.
1583 4270 1678 4333 gr.
1713 4251 1787 4314 de
1823 4254 2022 4316 matre
2070 4256 2324 4335 optante
2370 4258 2637 4322 mortem
2682 4258 2977 4339 filiarum,
3031 4262 3189 4327 unde

723 4350 873 4410 nata
906 4350 1000 4410 est
1033 4352 1470 4431 controversia,
1508 4372 1630 4418 non
1679 4354 1923 4419 videtur
1954 4355 2392 4437 damnandum,
2440 4360 2493 4424 si
2540 4360 2914 4427 desiderium
2951 4366 3189 4429 oriatur

720 4466 794 4511 ex
833 4448 1056 4514 timore
1091 4453 1428 4533 malorum,
1463 4475 1620 4537 quae
1652 4476 1948 4539 passurae
1995 4459 2138 4537 sint,
2180 4462 2233 4524 si
2278 4462 2513 4537 vivant,
2560 4481 2685 4527 non
2730 4464 2937 4529 solum
2982 4466 3183 4549 quoad

721 4551 1090 4633 temporalia
1122 4556 1226 4619 sed
1258 4556 1418 4622 forte
1457 4559 1619 4640 quod
1659 4564 1927 4627 aeterna.
