3497 5147
768 344 879 399 396
1071 359 1283 401 TRACT.
1314 362 1392 402 v1.
1420 361 1580 402 sacr.
1606 361 1671 401 11.
1696 361 1783 400 nn
1813 358 2094 400 anonimo
2119 356 2335 398 manc.
2361 354 2684 397 pacamur.
2711 355 2834 396 cae.
2859 356 2896 397 1.
3050 345 3166 413 [515]

771 455 1057 520 verbum.
1092 454 1268 521 Circa
1319 458 1588 540 priorem
1621 457 1938 523 advertere
1972 457 2237 539 oportet,
2270 454 2449 518 illam
2479 472 2601 518 non
2632 473 2756 518 asse
2789 453 2851 518 in
2878 455 3169 532 voluntate,

766 557 875 621 sed
909 556 971 621 in
1005 559 1364 637 intellectu3
1400 579 1546 625 nam
1569 561 1806 625 locutio
1830 559 2122 624 mentalis
2147 558 2243 622 est
2274 558 2450 622 actus
2483 557 2841 621 intellectus.
2862 555 2938 620 Et
2962 557 3077 622 ideo
3104 558 3175 621 di-

766 659 1095 744 stinguere
1128 683 1369 728 necesse
1407 666 1503 729 est
1533 665 1696 728 inter
1719 664 2010 729 affectum
2033 660 2452 744 blasphemiae
2483 662 2546 724 et
2568 660 2991 744 blasphemiam
3008 661 3174 743 ipsam

766 761 1102 827 internam.
1164 765 1442 831 Affectus
1482 766 1646 830 enim
1676 765 2097 848 blasphemiae
2152 763 2394 846 proprie
2439 782 2562 828 non
2607 764 2700 827 est
2744 763 3086 846 blasphemia
3121 761 3174 826 in

768 883 920 942 re...,
956 866 1061 929 sed
1112 867 1179 930 in
1228 869 1374 933 voto
1423 870 1487 932 et
1531 869 1835 953 appetitu,
1870 871 1933 932 et
1967 868 2104 932 ideo
2151 866 2298 931 licet
2328 865 2467 930 tota
2509 865 2754 929 malitia
2797 865 3047 930 formalis
3073 864 3175 927 bla-

767 968 1083 1049 sphemiae
1130 970 1217 1034 sit
1247 970 1310 1034 in
1343 971 1455 1036 illo
1495 971 1742 1048 affectU‚
1777 970 2036 1053 ideoque
2082 969 2229 1034 talis
2271 969 2532 1033 affectus
2564 969 2760 1052 possit
2797 968 2911 1032 dici
2936 967 3176 1050 blasphe-

771 1070 899 1134 mia
930 1073 1241 1148 mentalis,
1276 1073 1440 1138 sicut
1471 1074 1842 1139 desiderium
1867 1072 2176 1139 occidendi
2199 1072 2510 1137 hominem
2544 1074 2801 1136 vocatur
2830 1070 3174 1135 homicidium

770 1174 1074 1251 mentale;
1110 1175 1514 1241 nihilominus
1551 1196 1675 1241 non
1708 1179 1803 1242 est
1836 1194 1974 1240 vere
2014 1178 2075 1240 et
2106 1175 2356 1239 realiter
2386 1173 2789 1257 blasphemia,
2813 1174 2965 1237 sicut
2985 1171 3174 1236 deside-

769 1274 935 1338 rium
984 1277 1297 1342 occidendi
1344 1297 1468 1343 non
1517 1282 1611 1342 est
1641 1279 1892 1343 realiter
1937 1276 2361 1353 homicidium,
2397 1276 2502 1341 sed
2537 1276 2764 1341 morali
2806 1275 3050 1358 quadam
3085 1275 3176 1337 im-

770 1377 1115 1458 putatione.
1150 1379 1547 1463 Blasphemia
1580 1383 1792 1445 autem
1822 1381 2080 1446 interior
2111 1381 2206 1445 est
2238 1380 2486 1463 propria
2516 1379 2897 1463 blasphemia
2925 1378 2983 1442 in
3003 1395 3101 1441 usu
3125 1377 3177 1439 et

766 1481 1188 1546 executione...
1229 1483 1292 1548 et
1327 1485 1726 1566 comparatur
1758 1484 1836 1548 ad
1867 1483 2158 1548 affectum
2204 1484 2278 1548 ut
2325 1484 2636 1548 obiectum
2666 1484 2798 1548 eius
2842 1484 2904 1546 et
2944 1481 3178 1563 respectu

770 1581 1113 1647 voluntatis
1152 1586 1360 1667 potest
1407 1586 1527 1650 dici
1564 1587 1740 1651 actus
1775 1586 2081 1661 exterma,
2120 1586 2268 1650 licet
2296 1587 2578 1669 respectu
2624 1585 2893 1668 corporis
2922 1585 3001 1649 sit
3032 1583 3180 1646 inter-

767 1703 884 1748 nus
918 1709 978 1747 ».
1023 1685 1255 1750 Exinde
1302 1687 1704 1753 iudicandum
1751 1688 1824 1753 de
1871 1688 1968 1768 iia,
2005 1707 2271 1770 quorum
2317 1688 2512 1751 menti
2557 1687 2968 1771 blasphemiae
3011 1685 3181 1749 obver-

767 1791 1009 1861 santur,
1036 1789 1141 1853 sed
1165 1789 1296 1855 sine
1325 1792 1673 1857 voluntatis
1700 1791 1952 1868 affectu3
1980 1791 2086 1875 qui
2112 1793 2319 1855 tamen
2344 1793 2655 1869 accusant,
2685 1811 2750 1857 se
2773 1789 3181 1875 blasphemasse

764 1891 830 1952 et
862 1889 975 1952 hoc
1008 1891 1257 1970 quidem
1287 1912 1409 1957 non
1441 1913 1582 1958 raro
1630 1894 1959 1978 contingit.

858 1991 1211 2074 Utcumque
1248 2014 1394 2060 vero
1432 1997 1822 2075 concedatur,
1856 2017 2022 2061 mere
2052 1998 2360 2062 internam
2406 2016 2651 2079 quoque
2683 2016 2896 2063 veram
2925 2015 3042 2061 esse
3082 1993 3182 2058 bla-

767 2093 1112 2175 sphemiam
1145 2098 1333 2177 atque
1372 2099 1445 2163 ut
1491 2097 1715 2162 Suarez
1746 2100 1790 2162 1.
1825 2119 1876 2163 c.
1905 2120 1962 2163 n.
2006 2101 2065 2163 2.
2107 2100 2198 2163 ait
2238 2100 2580 2182 competere
2619 2099 3058 2165 definitionem:
3086 2094 3185 2160 Est

763 2193 1017 2258 verbum
1065 2196 1539 2277 maledictionis,
1588 2201 1845 2265 convitii
1887 2222 1996 2264 seu
2040 2201 2444 2265 contumeliae
2476 2202 2546 2264 in
2568 2200 2800 2279 Deum,
2839 2202 3049 2285 quippe
3081 2216 3182 2261 ver-

762 2297 911 2361 bum
961 2300 1270 2366 abstracte
1303 2304 1643 2386 accipiatur
1692 2306 1829 2368 tum
1873 2323 1983 2388 pro
2030 2305 2309 2382 mentali,
2337 2309 2474 2370 tum
2504 2323 2615 2388 pro
2664 2304 2965 2382 sensibili,
3011 2304 3182 2366 tamen

761 2404 1099 2469 reservatio
1134 2404 1553 2488 blasphemiae
1588 2407 1655 2471 in
1699 2407 2009 2471 internam
2054 2427 2176 2472 non
2224 2407 2484 2485 caderet,
2534 2428 2657 2473 non
2713 2409 2899 2474 modo
2946 2406 3077 2489 quia
3113 2421 3182 2465 re·

758 2505 995 2567 servari
1045 2525 1166 2571 non
1202 2508 1404 2572 solent
1436 2512 1685 2592 peccata
1710 2529 1875 2573 mere
1911 2510 2174 2588 interna,
2214 2510 2319 2575 sed
2366 2509 2557 2576 etiam
2593 2510 2744 2593 quia
2794 2511 3007 2577 stricto
3036 2524 3184 2573 sensu

759 2610 1203 2691 communique
1228 2611 1648 2695 blasphemiae
1680 2614 1926 2678 nomine
1959 2615 2129 2679 venit
2156 2614 2510 2679 maledictio
2551 2633 2654 2680 ore
2687 2615 2954 2700 prolata.

866 2786 930 2837 V.
954 2787 1002 2837 3.
1028 2787 1338 2854 Blasphemat
1364 2788 1497 2853 item,
1519 2788 1601 2857 qui
1628 2790 1674 2843 in
1702 2793 1908 2845 Sanctos
1933 2795 2010 2846 vel
2039 2807 2177 2845 sacra
2201 2793 2581 2846 contumeliosus
2606 2800 2698 2860 est,
2731 2795 2964 2860 intellige,
2985 2801 3029 2847 ut
3055 2789 3179 2845 sancti

756 2873 888 2934 sunt,
915 2868 1022 2923 sive
1051 2886 1161 2924 cum
1189 2872 1473 2928 habitudine
1504 2878 1675 2930 saltem
1698 2875 1900 2930 virtuali
1926 2879 1984 2930 ad
2019 2879 2191 2940 Deum,
2221 2877 2286 2929 ita
2328 2884 2379 2931 ut
2419 2877 2671 2932 moraliter
2696 2880 2850 2934 huius
2874 2879 3015 2933 etiam
3054 2882 3185 2931 honor

753 2957 1019 3007 censeatur
1055 2956 1213 3022 tangi;
1240 2956 1353 3023 quia
1381 2959 1565 3025 alioqui
1593 2964 1778 3014 tantum
1817 2960 1914 3015 erit
1938 2967 2105 3015 contra
2131 2963 2330 3025 duliam,
2361 2962 2403 3016 si
2429 2963 2658 3017 nimirum
2696 2973 2873 3019 contra
2898 2965 3020 3027 ἰΙΙοε,
3050 2970 3096 3015 ut
3118 2964 3183 3013 ho-

769 3036 924 3091 mines
962 3039 1155 3104 quidem
1194 3040 1243 3094 in
1270 3042 1417 3096 terris
1443 3047 1655 3111 ruerunt,
1679 3045 1887 3100 dicatur.
1914 3049 2057 3113 Quod
2095 3047 2284 3101 veniale
2322 3054 2413 3113 est,
2444 3048 2486 3101 si
2510 3047 2621 3102 ioco
2661 3052 2766 3117 ssat,
2800 3050 2943 3104 verbi
2979 3043 3184 3114 gratias

752 3127 949 3176 sanctos
976 3122 1258 3191 Crispinum
1283 3134 1331 3181 et
1369 3127 1730 3194 crispinianum
1772 3144 1918 3183 voces
1944 3136 2155 3196 sutores,
2185 3135 2411 3185 loannem
2442 3138 2492 3186 et
2528 3134 2734 3188 Paulum
2762 3138 3038 3189 eunuchos:
3061 3143 3183 3197 grave

757 3221 877 3260 vero
903 3208 1013 3273 erit,
1037 3210 1078 3262 si
1105 3212 1421 3280 contemptim
1458 3216 1537 3268 vel
1576 3230 1636 3268 ex
1676 3214 1791 3268 odio
1817 3222 1899 3268 aut
1937 3214 2270 3279 indignatione
2306 3226 2475 3270 contra
2502 3220 2706 3272 Sanctos
2742 3223 2867 3273 haec
2903 3219 3049 3273 dicas.
3071 3214 3180 3270 Licet

752 3305 871 3344 vero
899 3294 1229 3359 blasphemiae
1254 3296 1302 3350 in
1334 3300 1488 3352 Deum
1518 3314 1610 3352 non
1640 3299 1893 3353 admittant
1919 3300 2150 3354 materiae
2177 3301 2498 3367 parvitatem:
2519 3302 2657 3356 multi
2685 3309 2850 3358 tamen
2878 3304 3116 3357 admittunt
3136 3299 3175 3350 in

747 3374 827 3438 iis,
853 3390 981 3442 quae
1009 3380 1128 3432 flunt
1154 3388 1319 3435 contra
1349 3385 1572 3438 sanctos.
1598 3388 1709 3438 Esc.
1734 3391 1797 3439 tr.
1832 3388 1875 3438 1.
1903 3400 1980 3438 ex.
2009 3387 2056 3439 3.
2083 3400 2125 3439 c.
2152 3389 2201 3439 6.

839 3514 993 3590 515.
1032 3521 1122 3585 De
1154 3522 1251 3587 his
1275 3543 1475 3588 sermo
1521 3524 1746 3589 redibit
1776 3526 1841 3589 in
1871 3526 2052 3590 resol.
2098 3528 2198 3591 12.
2249 3530 2313 3592 et
2344 3528 2430 3591 ibi
2470 3528 2904 3612 explicabitur,
2938 3525 3077 3612 quid
3115 3521 3182 3587 sit

743 3621 1113 3688 inhonorare
1160 3627 1365 3691 solum
1412 3625 1690 3704 SanctoS‚
1747 3629 1845 3692 vel
1877 3628 2244 3695 inhonorare
2291 3631 2484 3695 etiam
2529 3632 2750 3711 Deum,
2792 3633 3017 3698 saltem
3059 3623 3185 3693 indi·

749 3729 932 3790 recte.
968 3728 1254 3808 Quidam,
1282 3733 1352 3796 ut
1378 3730 1553 3815 Gury
1578 3735 1729 3797 tom.
1765 3735 1820 3797 1.
1851 3734 1908 3816 ξ).
1937 3735 2109 3813 299.,
2135 3735 2585 3819 blasphemiam
2605 3736 2670 3801 in
2693 3733 2959 3802 Sanctos
2991 3730 3182 3799 vocant

754 3828 1108 3905 mediatam,
1148 3831 1213 3895 in
1250 3833 1452 3898 Deum
1485 3854 1628 3900 vero
1661 3835 2101 3900 immediatam.

842 3926 1228 4013 Supponitur
1274 3933 1427 4012 heic,
1475 3936 1924 4020 blasphemiam
1972 3958 2101 4003 esse
2148 3959 2385 4023 semper
2431 3960 2621 4027 grave
2650 3944 3005 4025 peccatum:
3053 3953 3184 4020 quae

757 4033 852 4095 est
884 4031 1164 4096 doctrina
1214 4053 1357 4098 vera
1396 4036 1459 4099 et
1506 4040 1871 4104 communis.
1906 4040 2081 4120 Quod
2129 4042 2194 4106 in
2239 4041 2357 4106 fine
2390 4043 2637 4121 dicitur,
2667 4063 2849 4127 posse
2899 4062 3028 4109 esse
3063 4040 3186 4111 Iove,

748 4134 801 4198 si
834 4135 902 4197 2‘12-
936 4135 1198 4200 Sanetos
1245 4137 1506 4218 dicatur,
1541 4140 1823 4227 intellige
1855 4144 2039 4208 modo
2073 4145 2259 4228 paulo
2309 4148 2450 4209 ante
2485 4147 2808 4230 explicato,
2838 4146 2892 4211 si
2931 4142 3041 4211 fiat
3075 4138 3184 4207 scil.

744 4235 905 4299 iocO.
944 4238 1063 4302 Vix
1111 4240 1320 4304 tamen
1367 4241 1543 4307 video
1594 4245 1899 4310 rationem
1948 4246 2341 4330 allegationis
2392 4248 2670 4312 Excobar
2716 4268 2786 4312 ex
2819 4248 2981 4312 libro
3031 4239 3184 4310 theol.

742 4336 1017 4415 moral-is,
1055 4342 1132 4404 tr.
1181 4343 1236 4405 1.
1265 4362 1460 4407 exam.
1501 4345 1561 4408 3.
1603 4366 1653 4409 c.
1691 4347 1826 4426 61.;
1869 4369 2009 4413 cum
2035 4350 2192 4413 nihil
2223 4350 2294 4414 de
2326 4370 2390 4414 re
2422 4351 2667 4416 habeat.
