3497 5147
1564 629 2234 716 'FRACTA'PUS
2291 632 2482 715 VII.

1335 826 1457 888 DE
1514 824 2035 891 EOCLESIAE
2107 828 2723 898 PRAEOEPTIS

907 1262 941 1313 l.
980 1262 1128 1325 Resp.
1168 1258 1272 1312 Etsi
1310 1273 1364 1312 ea
1405 1258 1501 1312 sint
1539 1258 1765 1325 plurima,
1807 1255 2068 1324 praecipue
2109 1263 2267 1310 tamen
2308 1255 2395 1309 toti
2432 1255 2708 1310 Christiano
2757 1261 2942 1323 populo
2979 1261 3256 1315 communia

796 1344 1009 1412 quinque
1035 1351 1368 1399 numerantur.
1396 1348 1467 1397 Ex
1495 1344 1673 1410 quibus
1698 1343 1779 1397 bic
1805 1344 2044 1406 agendum
2072 1348 2224 1394 restat
2249 1343 2309 1394 de
2342 1341 2504 1406 tertio,
2532 1342 2644 1407 quia
2671 1344 2734 1396 de
2761 1344 2809 1394 1.
2838 1349 2889 1396 et
2915 1345 2964 1395 2.
2992 1352 3153 1397 actum
3181 1354 3255 1401 est

792 1430 843 1484 in
871 1446 1092 1497 praecep.
1122 1433 1171 1484 3.
1201 1433 1387 1495 necat„
1408 1433 1468 1484 de
1502 1431 1548 1484 4.
1570 1438 1620 1485 et
1639 1432 1689 1482 5.
1716 1428 1840 1483 infra
1868 1428 1950 1483 lib.
1975 1430 2036 1481 de
2060 1430 2278 1481 Sacram.
2298 1426 2328 1459 ¹⁸
2345 1428 2528 1482 Contra
2556 1443 2702 1495 porro
2729 1432 2823 1482 hoc
2851 1438 3160 1496 praeceptum
3190 1446 3251 1487 ex

795 1518 902 1569 solo
929 1522 1208 1584 contemptu
1236 1515 1447 1581 peccari,
1480 1529 1678 1582 propos.
1702 1522 1778 1568 est
1806 1512 2078 1580 proscripta
2106 1514 2167 1565 ab
2193 1515 2335 1565 Alex.
2364 1511 2471 1566 vll.
2501 1514 2706 1580 propos.
2735 1516 2819 1567 23.

888 1629 1125 1703 11113.ἰι
1156 1632 1217 1698 N
1221 1652 1299 1697 on
1331 1632 1497 1716 apud
1529 1651 1740 1697 omnes
1773 1631 2123 1715 Theologos
2155 1630 2368 1696 eadem
2405 1633 2500 1695 est
2530 1630 2848 1698 distinctio
2897 1635 2962 1698 et
3008 1654 3258 1700 enume-

794 1736 957 1801 ratio
1005 1738 1471 1819 praeceptorum
1518 1735 1943 1800 communium
1989 1733 2317 1797 Ecclesiae.
2366 1734 2623 1799 Summa
2655 1735 2777 1799 huc
2806 1735 3008 1802 redit:
3047 1739 3113 1801 1ο
3143 1738 3258 1803 Ob-

796 1840 1066 1905 servatio
1113 1838 1415 1903 festorum
1464 1838 1702 1903 dierum
1751 1856 1856 1919 per
1905 1836 2347 1901 abstinentiam
2395 1836 2473 1900 ab
2513 1837 2797 1919 operibus
2835 1839 3164 1903 servilibus
3196 1844 3257 1904 et

798 1941 1175 2006 auditionem
1225 1940 1483 2004 Missae:
1533 1941 1604 2003 20
1636 1939 2031 2004 Abstinentia
2079 1958 2114 2001 a
2161 1938 2470 2011 carnibus,
2504 1938 2719 2004 diebus
2749 1940 2963 2004 vetitis
2997 1944 3061 2006 et
3107 1943 3258 2006 ieiu-

795 2045 970 2108 nium
1018 2043 1204 2107 statis
1273 2042 1655 2124 temporibus
1725 2041 2125 2106 servandum:
2176 2041 2245 2103 3⁰
2276 2038 2591 2105 Confessio
2641 2043 2830 2107 semel
2876 2042 2940 2106 in
2989 2063 3150 2108 anno
3196 2046 3257 2109 et

796 2146 1149 2213 communio
1196 2146 1473 2229 tempore
1522 2145 1827 2228 paschali:
1862 2146 1932 2206 4⁰
1963 2143 2056 2206 Ne
2087 2142 2343 2226 nuptiae
2379 2143 2764 2208 celebrentur
2793 2145 2980 2210 certis
3025 2149 3259 2230 tempo-

794 2251 966 2315 ribus
1005 2250 1189 2314 anni:
1241 2249 1310 2313 5⁰
1362 2248 1452 2313 Ut
1505 2248 1776 2312 decimae
1821 2246 2127 2311 Ecclesiae
2174 2245 2517 2311 solvantur.
2580 2245 2656 2310 A.
2711 2246 2829 2311 hoe
2873 2251 3255 2329 postremum

793 2351 1227 2435 praetermisit.
1264 2350 1552 2415 Ceterum
1591 2350 1664 2413 de
1707 2351 1774 2413 1⁰
1805 2350 1932 2413 iam
1966 2351 2176 2413 actum
2207 2350 2303 2413 est
2334 2347 2450 2413 sub
2483 2350 2553 2410 3⁰
2578 2351 2902 2433 praecepto
2935 2351 3253 2437 Deealogi.

793 2456 886 2519 De
917 2456 987 2517 3⁰
1018 2456 1082 2518 et
1118 2456 1188 2516 4⁰
1221 2472 1477 2537 agemus
1510 2453 1573 2515 in
1620 2455 1700 2516 tr.
1740 2452 1816 2514 de
1865 2449 2330 2515 Sacramentis:
2379 2450 2452 2514 de
2486 2452 2555 2513 5⁰
2588 2450 2827 2534 aliquid
2870 2452 3141 2516 dicemus
3191 2454 3258 2518 in

794 2558 930 2622 fine.
967 2557 1108 2621 Huc
1139 2575 1383 2638 quoque
1428 2554 1763 2619 referemus
1819 2553 1989 2618 aliud
2037 2553 2432 2636 praeceptum
2485 2552 2647 2619 circa
2702 2575 2886 2620 usum
2927 2553 3257 2620 librorum.

793 2660 1055 2744 Oportet
1086 2677 1232 2742 ergo
1273 2660 1345 2722 ut
1376 2659 1575 2740 primo
1617 2675 1880 2741 agamus
1913 2676 2053 2719 cum
2086 2657 2160 2719 A.
2203 2656 2275 2719 de
2307 2655 2443 2739 lege
2475 2656 2710 2732 ieiunii,
2749 2657 2850 2721 cui
2883 2658 2947 2721 et
2976 2657 3119 2721 addi
3149 2677 3258 2741 po—

792 2763 942 2828 terit
968 2761 1201 2844 aliquid
1234 2761 1307 2825 de
1341 2761 1716 2826 abstinentia
1751 2779 1788 2823 a
1810 2760 2116 2824 carnibus.
2144 2759 2179 2796 *

1830 2967 2121 3028 SECTIO
2164 2966 2222 3027 I.

1693 3081 1823 3135 DE
1885 3080 2358 3137 IEIUNIO.

1907 3227 2069 3290 DUB.
2111 3229 2161 3291 I.

1048 3355 1218 3437 Quid
1257 3354 1621 3435 requiratur
1664 3354 1753 3417 ad
1795 3354 2102 3418 ieiunium
2146 3354 2622 3418 ecclesiasticum
2667 3360 2728 3418 et
2771 3359 3014 3437 quanta

1708 3462 1798 3525 sit
1842 3462 1977 3525 eius
2023 3461 2337 3543 obliyatiO.

905 3611 956 3664 ll.
985 3611 1135 3673 Resp.
1162 3604 1396 3659 ieiunium
1435 3620 1497 3659 ex
1538 3610 1802 3672 praecepto
1840 3604 2104 3668 Ecclesiae,
2134 3603 2381 3669 obligante
2420 3608 2512 3659 sub
2550 3605 2762 3670 mortali,
2790 3605 2994 3673 requirit
3025 3617 3126 3661 tres
3149 3622 3256 3660 eon·

796 3695 1022 3750 ditiones.
1049 3695 1216 3756 Laym.
1245 3694 1276 3744 Ι.
1305 3692 1352 3743 4.
1379 3697 1413 3744 l.
1442 3693 1491 3744 8.
1518 3705 1560 3744 c.
1593 3693 1637 3742 l.
1667 3705 1716 3742 n.
1753 3691 1830 3742 13.

1024 3775 1077 3829 1⁰
1098 3779 1186 3829 Est
1213 3775 1353 3830 unica
1377 3783 1563 3829 tantum
1590 3774 1827 3827 comestio
1849 3776 1908 3827 de
1935 3773 2012 3826 die
2034 3773 2080 3826 in
2102 3773 2274 3827 ordine
2296 3776 2355 3827 ad
2384 3774 2717 3828 nutritionem.
2739 3777 2877 3843 Quae
2897 3775 2964 3829 ita
2988 3776 3256 3831 necessaria

796 3872 868 3919 est
909 3861 1143 3926 conditio,
1174 3868 1224 3915 ut
1265 3862 1475 3914 secunda
1517 3858 1819 3913 comestione
1859 3873 2031 3924 pecces
2057 3858 2348 3925 mortaliter;
2371 3858 2572 3925 reliquis
2600 3867 2758 3913 autem
2794 3875 2940 3927 snpra
2975 3864 3253 3924 secundam,

795 3952 855 4004 ad
882 3963 1121 4003 summum
1149 3947 1409 4002 venialiter
1435 3952 1637 4000 tantum.
1667 3947 1836 4009 Laym.
1865 3961 1907 3998 c.
1941 3946 1986 3997 1.
2016 3960 2060 3997 n.
2092 3947 2174 3997 12.
2201 3952 2250 3997 et
2285 3946 2366 3998 13.

1010 4035 1066 4089 20
1092 4037 1180 4087 Est
1205 4031 1494 4086 abstinentia
1521 4034 1582 4083 ab
1609 4046 1694 4083 esu
1722 4028 1940 4083 carnium
1979 4029 2190 4094 itemque
2215 4043 2420 4083 ovorum
2455 4036 2502 4083 et
2529 4029 2909 4099 lacticiniorum3
2937 4046 2998 4085 eo
3023 4035 3158 4099 quod
3195 4047 3258 4087 ex

794 4136 943 4176 carne
979 4119 1217 4184 originem
1246 4121 1435 4171 trabant
1473 4119 1774 4181 multumque
1813 4113 2042 4168 nutriant.
2070 4116 2209 4169 Umle
2247 4113 2373 4167 intra
2405 4115 2836 4182 Quadragesimam
2861 4115 2971 4170 iure
3010 4116 3257 4172 communi

795 4204 1134 4274 probibentur,
1174 4210 1315 4255 extra
1352 4216 1458 4254 eam
1498 4200 1864 4267 permittuntur.
1893 4201 1992 4252 lmo
2019 4198 2141 4252 intra
2168 4212 2292 4263 eam,
2320 4197 2611 4265 quibusdam
2649 4198 2771 4254 locis
2808 4205 3116 4255 consuetudo
3148 4215 3262 4269 per·

794 4290 957 4353 mittit,
982 4303 1107 4355 quae
1134 4286 1313 4352 ubique
1339 4287 1549 4338 notanda
1576 4292 1667 4338 est.
1696 4285 1818 4336 Bon.
1845 4284 1892 4334 d.
1923 4287 2008 4336 ult.
2036 4299 2081 4349 q.
2113 4286 2158 4335 1.
2190 4298 2237 4349 p.
2265 4286 2313 4336 2.
2341 4298 2401 4336 ex
2429 4285 2567 4347 sylv.
2606 4285 2728 4337 NaV.
2755 4286 2890 4338 Less.
2913 4287 3062 4350 Azor,
3090 4287 3260 4350 Laym.

793 4378 825 4431 l.
854 4391 896 4428 c.
921 4374 1028 4428 Fill.
1057 4375 1171 4437 Fag.
1202 4387 1250 4438 p.
1279 4372 1325 4423 4.
1356 4372 1387 4422 l.
1418 4372 1465 4422 l.
1492 4384 1534 4422 c.
1563 4372 1611 4422 2.
1639 4369 1794 4428 Adde,
1823 4367 2154 4433 dispensatum
2179 4370 2341 4434 quoad
2382 4384 2553 4422 carnes
2593 4368 2738 4422 etiam
2778 4369 3036 4424 lacticiniis
3063 4379 3108 4424 el
3150 4370 3261 4424 ovis

792 4459 928 4513 vesci
967 4473 1128 4525 posse,
1158 4471 1252 4509 non
1293 4463 1452 4509 tamen
1492 4452 1600 4506 vice
1639 4466 1782 4504 versa
1811 4459 1874 4513 et,
1901 4452 1980 4505 cui
2020 4461 2093 4507 est
2134 4453 2401 4519 permissus
2439 4468 2555 4507 esus
2592 4452 2825 4520 carnium,
2855 4453 3002 4508 etiam
3043 4459 3258 4510 secunda

794 4542 996 4597 relectio
1037 4539 1272 4608 permissa
1313 4540 1525 4601 videtur,
1555 4545 1607 4591 nt
1644 4544 1814 4591 contra
1856 4541 1979 4603 Reg.
2002 4540 2136 4591 Less.
2167 4540 2286 4591 Nav.
2314 4546 2407 4591 etc.
2436 4536 2760 4604 probabiliter
2797 4540 2941 4593 docet
2981 4543 3109 4593 Azor
3149 4545 3181 4594 l.
3204 4541 3259 4593 7.

793 4644 835 4682 c.
864 4630 946 4681 10.
961 4643 1007 4693 q.
1026 4629 1075 4680 3.
1096 4626 1202 4680 Fill.
1226 4632 1259 4678 t.
1281 4624 1365 4679 27.
1387 4640 1429 4678 c.
1453 4626 1502 4677 3.
1521 4639 1569 4689 q.
1594 4623 1641 4676 4.
1658 4625 1821 4678 Tolet.
1840 4629 1933 4678 etc.
1953 4623 2319 4689 confirmatque
2342 4625 2462 4677 Bon.
2482 4624 2516 4677 l.
2541 4639 2584 4676 c.
2605 4621 2645 4676 si
2672 4637 2789 4676 esus
2808 4623 3031 4678 carnium
3052 4625 3116 4679 sit
3153 4640 3264 4692 per·
