3497 5147
280 360 408 431 [672]
988 375 1071 414 on:
1108 375 1247 418 voi-1
1286 376 1686 418 IRRITATIONE
1723 375 1993 418 munci-A
2614 363 2719 416 511

370 470 481 523 Lm.
506 471 554 521 2.
570 468 699 522 Vota
723 466 1062 532 religiosorum
1089 470 1211 537 (nou
1240 447 1411 526 tamen⁸
1426 471 1745 539 novitiorum)
1773 472 1916 526 etiam
1942 475 2032 525 sub
2061 470 2525 538 praedecessoribus
2542 469 2720 524 emissa

276 553 458 609 irritare
482 558 691 619 possunt
716 552 919 616 directe,
948 561 1144 619 praeter
1173 557 1365 622 Papam,
1394 557 1626 620 AbbateS,
1654 555 1942 622 Gustu-diam,
1973 555 2169 608 Priores
2195 562 2241 608 ct
2270 556 2508 607 Rectores
2534 568 2587 606 ac
2617 569 2721 619 pro-

273 639 488 695 babiliter
508 638 654 692 etiam
682 639 990 706 Abbatissae,
1015 648 1068 693 ut
1092 644 1240 696 babet
1264 645 1446 695 Suarez
1469 646 1498 695 1.
1526 644 1575 695 7.
1598 641 1664 696 de
1690 644 1821 697 Voto
1842 657 1886 695 c.
1907 646 1957 695 7.
1984 657 2032 695 n.
2056 645 2140 695 49.
2167 640 2336 706 Regin.
2364 642 2394 694 Ι.
2425 642 2509 692 81.
2532 654 2579 693 11.
2602 641 2724 693 342.

274 726 371 781 Fin.
396 740 444 790 q.
471 727 521 777 9.
555 728 678 779 Bon.
705 726 735 777 Ι.
764 740 806 777 c.
836 740 882 778 n.
909 726 996 778 76.
1026 725 1282 792 Excipitur
1308 733 1469 779 tamen
1497 735 1667 780 votum
1694 726 1981 781 transeundi
2007 729 2067 779 ad
2093 726 2375 790 religionem
2408 724 2720 778 strictiorem.

276 812 332 863 V.
358 808 585 863 Binsreld.
613 811 662 862 8.
691 824 738 876 p.
767 811 920 862 Encb.
951 824 993 862 c.
1020 812 1070 862 9.
1100 812 1235 864 Less.
1267 826 1313 864 n.
1341 811 1427 864 73.
1455 814 1631 864 Sancb.
1660 826 1701 864 c.
1734 813 1818 865 24.
1847 827 1893 865 n.
1921 813 1969 864 3.
1999 813 2117 864 Bon.
2147 814 2180 864 Ι.
2211 813 2261 864 5.

354 965 524 1039 672.
558 968 849 1053 Intellige
893 971 1118 1045 omnia,
1152 971 1299 1036 licet
1343 971 1583 1035 nullam
1618 972 2033 1036 mutationem
2078 991 2175 1037 res
2224 973 2445 1037 subeat
2481 975 2544 1037 et
2575 973 2725 1037 licet

273 1076 485 1137 votum
515 1072 600 1136 sit
623 1071 697 1136 de
723 1071 1004 1149 materia,
1030 1091 1189 1154 quae
1221 1073 1465 1138 nullum
1490 1074 1940 1156 praeiudicium
1964 1075 2114 1138 facit
2146 1075 2209 1139 et
2232 1094 2390 1157 quae
2415 1075 2728 1157 prohiberi

272 1195 384 1240 non
416 1175 659 1258 potest;
696 1175 883 1256 atque
930 1174 1082 1240 adeo
1119 1175 1266 1240 licet
1302 1179 1452 1241 vota
1488 1176 1554 1240 in
1597 1176 1709 1240 illa
1757 1177 2054 1260 religione
2100 1178 2346 1260 impleri
2377 1177 2629 1260 possent
2666 1179 2730 1241 et

271 1278 543 1360 alioquin
574 1277 883 1354 deberent,
915 1298 974 1342 v.
1008 1298 1102 1362 gr.
1136 1278 1210 1343 de
1248 1279 1534 1362 operibus
1573 1280 2129 1366 supererogatoriis
2176 1281 2427 1362 regulae
2474 1298 2729 1344 consen-

272 1380 486 1444 taneis.
534 1379 710 1444 Suar.
761 1378 835 1442 dc
884 1379 1015 1444 Vot.
1049 1380 1156 1444 lib.
1193 1381 1253 1444 6.
1290 1401 1421 1464 cap.
1459 1383 1517 1444 2.
1558 1402 1659 1446 nn.
1698 1383 1759 1445 3.
1797 1382 1856 1445 7.
1893 1383 1974 1459 8.,
2010 1383 2107 1445 vel
2154 1382 2227 1445 de
2274 1381 2515 1445 actibus
2563 1400 2728 1445 mere

273 1483 548 1558 interniS‚
582 1502 641 1545 v,
673 1501 767 1566 gr.
801 1483 903 1547 tot
926 1482 1170 1547 actibus
1201 1483 1317 1547 Dei
1356 1484 1585 1548 amoris
1623 1484 1902 1566 quotidie
1934 1487 2048 1548 etc.

352 1584 408 1649 N
413 1603 496 1649 on
529 1585 738 1648 tamen
776 1587 926 1648 vota
972 1585 1412 1650 constituentia
1456 1588 1717 1662 statum,
1751 1588 1881 1651 sive
1918 1586 2226 1669 simplicia
2272 1586 2398 1650 sint
2445 1586 2573 1649 sive
2604 1584 2729 1649 sol-

271 1686 517 1763 lemnia,
553 1687 666 1750 aut
710 1687 880 1763 vota,
914 1705 1073 1768 quae
1109 1687 1173 1751 in
1222 1688 1534 1769 aliquibus
1583 1689 2014 1773 Religionibus
2063 1691 2208 1753 sunt
2246 1688 2478 1752 adnexa
2527 1686 2729 1751 tribus

267 1787 808 1854 substantialibus,
842 1787 1007 1852 Nam
1052 1790 1227 1854 nulla
1272 1790 1371 1855 lex
1419 1792 1530 1855 aut
1560 1811 1657 1855 res
1695 1793 1950 1874 praebet
1994 1791 2360 1856 facultatem
2395 1790 2471 1854 ad
2503 1789 2602 1854 sui
2634 1788 2731 1853 de-

266 1893 674 1958 structionem
703 1911 815 1956 nec
846 1890 1143 1974 professio
1176 1893 1488 1976 religiosa,
1526 1914 1557 1958 e
1594 1913 1717 1976 qua
1753 1895 1958 1978 surgit
1989 1894 2301 1977 capacitas
2332 1892 2727 1968 irritationis»,

265 1996 403 2079 ipsa
432 1996 641 2078 potest
670 2013 801 2059 esse
835 1994 1100 2060 materia
1137 1996 1526 2062 irritationis.
1562 1995 1923 2062 Salmantic.
1964 1997 2039 2061 dc
2095 1997 2227 2062 Vct.
2261 2017 2393 2079 cap.
2429 1997 2490 2059 3.
2525 2016 2584 2059 n.
2621 1995 2725 2058 38.

354 2097 500 2163 Νο11
533 2099 739 2161 tamen
763 2097 1284 2180 possuntdirecte
1318 2099 1563 2163 irritare
1596 2101 1744 2164 vota
1776 2100 2178 2165 novitiorum.
2205 2098 2363 2163 Cum
2396 2098 2560 2162 enim
2592 2099 2728 2162 tota

258 2202 545 2285 potestas
576 2199 860 2264 irritandi
899 2199 1192 2265 fundetur
1221 2201 1287 2264 in
1311 2203 1494 2284 pacto
1532 2204 1593 2266 et
1633 2204 1782 2267 voto
1821 2202 2237 2285 professioniS‚
2274 2220 2485 2266 omnes
2518 2202 2580 2265 et
2612 2200 2728 2264 soli

255 2303 527 2388 professi
572 2303 723 2366 sunt
765 2321 1019 2385 capaces
1066 2303 1253 2368 huius
1300 2304 1691 2369 irritationis.
1742 2303 1921 2369 Suar.
1969 2305 2011 2368 l.
2062 2325 2112 2368 c.
2162 2325 2220 2368 n.
2276 2305 2378 2367 10.
2423 2302 2619 2384 Atqui
2664 2302 2728 2365 in

256 2405 518 2471 novitiis
551 2403 724 2469 deest
752 2404 878 2469 ista
910 2405 1210 2471 subiectio
1235 2425 1305 2470 ex
1331 2406 1429 2470 sui
1460 2407 1795 2472 traditione
1820 2410 1882 2472 et
1909 2408 2289 2492 obligatione
2322 2405 2726 2481 obedientiae,

255 2509 317 2573 in
351 2527 482 2592 qua
515 2505 818 2571 fundatur
847 2507 1000 2572 haec
1035 2508 1269 2573 directa
1299 2508 1592 2575 irritatio.
1627 2509 1816 2595 Ergo,
1850 2508 2029 2575 Suar.
2063 2511 2145 2576 ib.
2181 2530 2241 2575 n.
2280 2512 2382 2573 11.

338 2612 545 2677 Addit
576 2629 625 2675 s.
660 2609 845 2694 Alph.
879 2630 937 2675 n.
974 2612 1124 2675 233.
1159 2612 1541 2677 novitiorum
1573 2615 1720 2678 vota
1769 2614 2078 2697 suspendi.
2119 2613 2256 2693 Qua
2288 2615 2362 2678 de
2399 2633 2464 2679 re
2497 2611 2722 2678 Suarez

250 2716 357 2780 lib.
396 2714 461 2778 6.
500 2712 579 2777 ὠ
628 2712 761 2777 Vot.
795 2733 928 2797 cap.
975 2715 1076 2777 11.
1111 2735 1170 2779 u.
1208 2715 1269 2778 8.
1296 2715 1507 2780 docet:
1550 2741 1583 2773 «
1608 2716 1969 2781 Praelatum
1999 2716 2225 2781 habere
2257 2717 2635 2799 potestatem
2664 2714 2730 2779 in

247 2818 575 2883 novitium
610 2815 686 2879 ad
733 2817 1224 2900 suspendendam
1272 2819 1725 2884 exsecutionem
1774 2821 2051 2884 omnium
2091 2823 2401 2899 votorum,
2443 2839 2602 2902 quae
2633 2819 2733 2884 vel

246 2940 443 3005 opera
476 2919 829 3003 Religionis
862 2919 1228 3002 impediunt,
1257 2921 1353 2984 vel
1387 2939 1458 2985 ea
1490 2921 1673 2986 nimis
1700 2924 2078 3007 aggravant;
2102 2923 2250 3004 quia
2275 2926 2425 2988 tunc
2457 2923 2732 2988 novitius

246 3023 637 3091 commissus
673 3023 769 3085 est
798 3022 1085 3107 regimini
1116 3023 1399 3106 praelati,
1435 3025 1509 3086 ut
1540 3044 1682 3088 eum
1714 3025 2059 3109 gubernare
2091 3026 2307 3108 possit,
2340 3027 2528 3109 prout
2561 3043 2734 3106 opor·

244 3126 476 3203 tuerit,
515 3122 598 3189 ad
644 3124 827 3189 finem
876 3125 1176 3206 probandi
1208 3145 1349 3189 eum
1397 3127 1461 3191 et
1491 3128 1564 3191 ut
1596 3127 1725 3211 ipse
1774 3128 2032 3210 probare
2080 3128 2280 3211 possit
2323 3128 2729 3211 religionem3

244 3229 448 3293 habet
500 3245 653 3311 ergo
703 3246 948 3291 omnem
993 3226 1481 3293 iurisdictionem
1528 3229 1593 3293 in
1638 3230 1802 3294 hunc
1849 3229 2033 3294 finem
2090 3230 2517 3295 necessariam.
2566 3228 2731 3312 Ergo

241 3333 439 3397 debet
492 3330 723 3395 habere
769 3330 1145 3413 potestatem
1192 3330 1553 3395 moderandi
1612 3332 1735 3396 alia
1800 3351 1984 3414 opera
2031 3333 2130 3396 vel
2178 3352 2382 3406 onera,
2431 3351 2588 3414 quae
2635 3330 2735 3395 vel

242 3433 568 3518 impedire
599 3433 860 3515 possunt
897 3431 1186 3496 exercitia
1222 3432 1567 3516 Religionis
1604 3434 1702 3498 vel
1751 3452 2008 3499 onerosa
2056 3454 2126 3499 ea
2173 3434 2454 3509 reddere;
2495 3454 2568 3497 ne
2603 3434 2731 3497 scil.

238 3537 363 3601 hac
417 3534 753 3601 occasione
786 3533 884 3597 vel
920 3534 1231 3599 difficilior
1277 3534 1569 3599 reddatur
1616 3536 1862 3620 Religio
1910 3538 1975 3600 et
2019 3535 2475 3618 perseverantia
2505 3535 2572 3599 in
2603 3535 2732 3610 illa,

240 3640 343 3705 vel
373 3636 743 3704 omittenda
765 3637 893 3700 sint
916 3636 1205 3701 exercitia
1221 3636 1566 3721 Religionis
1591 3640 1845 3720 propter
1867 3637 2201 3720 peculiaria
2221 3656 2406 3701 onera
2422 3640 2734 3702 votorum.

235 3742 423 3822 Quae
476 3739 653 3804 ratio
700 3739 907 3803 locum
956 3739 1145 3803 habet
1190 3739 1319 3803 sive
1368 3739 1521 3802 talia
1570 3741 1717 3803 vota
1766 3738 1932 3802 facta
1979 3738 2105 3802 sint
2153 3741 2296 3804 ante
2344 3741 2737 3824 assumptum

232 3842 621 3930 Religionis
666 3841 974 3918 habitum,
1013 3841 1143 3906 sive
1189 3842 1349 3925 post.
1401 3842 1621 3924 Itaque
1669 3842 1798 3907 sive
1829 3842 1947 3907 hoc
1992 3842 2104 3908 fiat
2134 3863 2242 3927 per
2285 3844 2542 3909 modum
2579 3842 2741 3908 indi-

230 3952 458 4014 rectae
500 3945 896 4009 irritationes
927 3944 1029 4027 (de
1063 3964 1187 4027 qua
1217 3946 1282 4009 in
1315 3946 1433 4009 art.
1461 3948 1619 4029 seq.)
1651 3946 2029 4030 prohibendo
2067 3949 2398 4014 materiam
2429 3950 2581 4026 voti,
2611 3950 2738 4014 sive

225 4072 345 4136 per
368 4048 658 4116 modum
678 4048 1195 4126 commutationis,
1223 4049 1351 4114 sive
1384 4070 1490 4132 per
1512 4051 1769 4116 modum
1795 4051 2346 4131 interpretationis,
2374 4053 2738 4118 declarando

226 4174 348 4239 pro
386 4173 470 4218 eo
510 4153 798 4234 tempore
831 4151 897 4215 et
941 4150 1004 4215 111
1038 4170 1108 4216 eo
1144 4152 1318 4216 statu
1355 4172 1479 4218 non
1510 4174 1640 4219 esse
1687 4154 1912 4219 melius
1949 4157 2013 4221 et
2043 4154 2181 4221 Deo
2209 4157 2459 4239 gratius
2491 4155 2738 4236 exsequi

224 4260 400 4322 talia
436 4255 632 4329 vota,
667 4253 795 4317 sive
830 4273 935 4336 per
980 4254 1237 4320 modum
1282 4255 1484 4320 iustae
1516 4256 2026 4340 dispensationis;
2062 4264 2297 4322 certum
2327 4258 2586 4334 >videtum
2623 4258 2739 4322 hoc

225 4379 450 4447 genus
496 4356 928 4438 suspensionis
978 4375 1108 4422 esse
1146 4357 1391 4421 licitum
1438 4359 1594 4423 etin
1627 4364 1939 4443 potestate
1985 4362 2251 4446 praelati
2297 4361 2640 4446 Religionis
2675 4387 2734 4425 >›.

224 4465 337 4529 Ita
376 4463 593 4528 Suar.

322 4566 550 4631 Nota.
586 4558 743 4625 Cum
766 4562 993 4627 dicitur
1016 4584 1227 4629 omncs
1246 4564 1564 4643 professos
1589 4585 1717 4631 esse
1742 4588 1995 4650 capaces
2019 4569 2410 4645 irritationis,
2440 4568 2737 4653 intellige,
