3497 5147
272 354 414 424 [662]
995 370 1080 410 mr
1118 369 1257 411 vorr
1296 369 1695 411 ramarionm
1732 372 2000 412 numm-A
2623 358 2732 412 50ss

1342 573 1503 636 Dus.
1546 574 1655 637 VI.

1168 710 1269 775 De
1308 712 1433 775 voti
1462 713 1838 777 irritatione.

354 870 506 943 861.
558 873 724 938 Bene
772 871 998 937 Suarez
1029 871 1105 936 de
1156 873 1286 937 Vot.
1321 873 1428 937 lib.
1465 873 1525 936 6.
1560 874 1832 959 Prologo
1871 877 2102 952 monet,
2143 900 2179 936 ‹
2204 895 2326 941 non
2363 877 2556 943 fuisse
2591 897 2738 943 con-

266 980 537 1052 veniens,
576 978 1022 1063 obligationem
1065 979 1193 1044 voti
1228 979 1318 1043 ita
1351 997 1481 1043 esse
1514 980 1897 1062 perpetuam,
1933 981 2007 1043 ut
2054 981 2242 1045 semel
2288 981 2613 1046 inhaerens
2650 1002 2739 1047 re·

261 1082 503 1148 moveri
549 1100 672 1145 non
720 1082 947 1163 posset.
994 1081 1160 1146 Nam
1231 1081 1617 1146 considerata
1664 1082 1959 1147 mutabili
2016 1083 2368 1148 conditione
2427 1085 2738 1150 humanae

265 1187 551 1261 naturae,
600 1185 763 1249 esset
808 1184 987 1252 valde
1034 1184 1189 1249 dura
1238 1186 1301 1248 et
1346 1184 1686 1267 perniciosa
1735 1185 1883 1250 talis
1916 1186 2209 1251 conditio.
2243 1187 2559 1252 Pertinuit
2588 1207 2738 1272 ergo

265 1289 343 1353 ad
405 1287 871 1352 convenientem
917 1287 1431 1371 gubernationem
1480 1287 1544 1349 et
1588 1288 1768 1368 quasi
1825 1288 2234 1352 necessariam
2281 1289 2739 1370 providentiam

264 1410 415 1475 erga
463 1390 761 1466 homineS‚
802 1391 877 1453 ut
923 1390 1133 1471 aliqua
1165 1390 1268 1454 via
1301 1392 1364 1452 et
1409 1388 1592 1453 modo
1627 1389 1778 1452 haec
1813 1390 2115 1473 obligatio
2150 1391 2378 1454 auferri
2418 1395 2646 1473 posset,
2683 1393 2737 1456 si

265 1492 583 1575 expediret
606 1515 641 1550 ›
667 1513 682 1555 ε
709 1491 899 1574 prout
929 1490 1118 1554 etiam
1168 1489 1488 1573 expediens
1536 1489 1679 1567 fuit,
1714 1493 1788 1554 ut
1821 1489 2064 1555 adesset
2094 1493 2392 1573 potestaS‚
2429 1511 2552 1574 qua
2579 1494 2738 1557 solvi

266 1593 525 1676 possent
568 1592 825 1657 humani
871 1593 1249 1670 contractus,
1306 1612 1364 1656 v.
1408 1611 1502 1676 gr.
1557 1593 1892 1674 sponsalia.
1948 1592 2089 1656 vid.
2148 1611 2307 1674 quae
2358 1593 2627 1658 diximus
2675 1595 2739 1658 in

268 1695 484 1759 Tract.
519 1693 595 1757 de
641 1692 937 1774 Leffus,
985 1693 1094 1757 ubi
1140 1694 1213 1757 de
1260 1693 1735 1776 dispensatione.

360 1796 443 1860 Et
492 1797 641 1859 haec
687 1798 783 1859 est
827 1796 1110 1871 materia,
1162 1815 1351 1877 quam
1397 1795 1471 1860 A.
1520 1796 1821 1860 innuebat
1867 1797 1932 1861 in
1982 1799 2054 1860 2⁸
2085 1798 2262 1880 parte
2299 1797 2739 1880 Responsionis

270 1898 465 1962 Dubii
514 1917 734 1981 praec..
784 1898 925 1963 tolli
971 1898 1209 1962 scilicet
1254 1898 1701 1982 obligationem
1751 1900 1884 1963 voti
1937 1899 2296 1965 interventu
2341 1901 2744 1966 auctoritatis

272 2002 605 2074 humanae,
652 2001 838 2082 idque
905 2001 1256 2083 tripliciter,
1315 2001 1693 2078 irritatione,
1735 2005 2209 2066 commutatione
2273 2003 2369 2068 vel
2425 2001 2744 2082 ἀπ’,ςμηεα-

274 2105 470 2167 tione.
707 2117 761 2160 ι

362 2202 538 2276 662.
572 2205 731 2285 Quid
758 2205 1044 2270 differant
1088 2204 1361 2270 irritatio
1393 2208 1458 2270 et
1503 2204 1882 2289 dispensatio
1914 2208 2068 2284 voti,
2101 2207 2325 2272 melius
2369 2225 2439 2271 ex
2470 2207 2742 2271 dicendis

268 2309 542 2393 patebit.
578 2308 761 2372 Brevi
786 2308 906 2372 dici
936 2309 1163 2392 potest,
1197 2308 1363 2391 quod
1394 2310 1772 2373 conveniunt
1808 2310 1872 2372 111
1899 2310 2119 2374 effectu
2153 2310 2469 2374 auferendi
2499 2311 2739 2386 votum,

260 2413 331 2475 in
379 2428 507 2492 quo
552 2409 849 2474 differunt
891 2428 928 2473 a
973 2410 1484 2488 commutatione,
1517 2430 1676 2492 quae
1721 2431 1844 2476 non
1893 2431 2045 2494 pure
2091 2412 2265 2476 tollit
2295 2411 2742 2495 obligationem

263 2514 379 2580 sed
428 2532 619 2579 unam
664 2514 727 2578 in
776 2514 965 2579 aliam
1012 2513 1328 2579 transfert.
1364 2513 1585 2580 Differt
1618 2534 1762 2581 vero
1794 2515 2070 2581 irritatio
2096 2534 2133 2581 a
2165 2516 2620 2600 dispensatione
2651 2515 2746 2598 (et

262 2618 410 2701 pari
456 2616 642 2682 modo
690 2616 813 2681 fere
863 2636 899 2680 a
945 2618 1483 2701 commutatione),
1538 2620 1605 2681 1⁰
1656 2619 1721 2683 in
1768 2619 2132 2683 habitudine
2180 2619 2259 2683 ad
2305 2621 2544 2695 votum,
2595 2620 2744 2701 quia

260 2720 661 2799 dsspmzsatio
698 2718 866 2782 cadit
911 2719 975 2782 in
1037 2721 1276 2795 votum,
1312 2720 1502 2802 prout
1546 2720 1661 2784 hoc
1722 2721 1948 2804 pendet
2001 2741 2072 2785 31
2134 2722 2555 2805 acceptatione
2592 2722 2741 2795 Dei;

261 2825 369 2887 est
418 2821 581 2886 enim
630 2820 934 2903 quaedam
982 2821 1262 2885 remissio
1326 2840 1434 2885 seu
1503 2810 1889 2887 condonatio
1922 2825 2168 2888 nomine
2215 2825 2328 2888 Dei
2384 2825 2550 2888 facta
2596 2843 2746 2908 erga

259 2944 443 3000 311111,
477 2924 586 3007 (1111
632 2943 740 3006 per
786 2923 1255 3006 promissionem
1303 2941 1339 2987 a
1386 2924 1517 2989 Deo
1567 2928 1954 3007 acceptatam
1997 2928 2199 2992 factus
2253 2927 2459 2993 fuerat
2504 2926 2748 2992 debitor

260 3048 427 3113 erga
472 3028 681 3111 ipsum
719 3029 964 3093 Deum:
1004 3029 1281 3093 irritatio
1306 3046 1450 3093 vero
1488 3029 1741 3111 respicit
1779 3030 1984 3112 ipsum
2015 3032 2255 3108 votum,
2287 3033 2476 3115 prout
2500 3031 2748 3094 aliunde

258 3130 734 3213 quodammodo
780 3130 1276 3195 conditionatum
1324 3131 1422 3196 vel
1469 3150 1540 3196 31
1579 3134 1756 3214 parte
1805 3132 2149 3198 voluntatis
2196 3133 2392 3216 ipsius
2439 3132 2745 3211 voventis,

259 3254 438 3318 quae
476 3234 658 3299 alteri
704 3233 1020 3299 voluntati
1064 3234 1366 3317 superiori
1406 3235 1754 3312 subiicitur,
1795 3236 1893 3300 vel
1926 3255 1996 3299 ex
2027 3239 2205 3318 parte
2235 3236 2554 3312 materiae,
2589 3253 2748 3316 quae

258 3357 346 3404 ex
386 3336 650 3402 alterius
680 3337 993 3419 potestate
1022 3337 1248 3419 pendet
1277 3337 1489 3418 aliqua
1534 3337 1797 3402 ratione.
1835 3340 1904 3401 2⁰
1936 3339 2247 3403 Differunt
2269 3339 2460 3402 etiam
2484 3338 2547 3401 in
2579 3341 2750 3420 pote-

259 3441 445 3506 state
483 3458 521 3503 a
565 3458 691 3520 qua
726 3440 1017 3513 manant3
1051 3458 1197 3504 nam
1219 3438 1601 3518 dispensatio
1648 3458 1888 3521 semper
1925 3439 2149 3522 pendet
2185 3458 2222 3503 a
2253 3440 2565 3520 potestate
2610 3458 2749 3520 spe·

260 3546 422 3613 ciali
472 3565 508 3609 a
564 3546 694 3610 Deo
740 3564 1048 3623 concessa,
1083 3564 1208 3627 qua
1254 3545 1394 3626 quis
1433 3545 1593 3608 bona
1640 3545 1757 3608 Dei
1789 3547 1863 3609 ut
1901 3546 1992 3608 ita
2039 3545 2243 3608 dicam
2274 3544 2593 3625 dispensat
2640 3561 2750 3605 seu

263 3649 712 3722 administrat;
760 3648 1040 3712 irritatio
1086 3666 1230 3713 vero
1279 3665 1401 3711 non
1448 3646 1672 3728 pendet
1710 3665 1949 3727 semper
1986 3665 2023 3709 a
2069 3645 2382 3728 potestate
2427 3643 2678 3726 speciali
2712 3664 2748 3707 3

264 3755 410 3819 Deo
457 3769 765 3824 concessa,
822 3750 926 3815 sed
974 3750 1165 3815 etiam
1211 3749 1545 3832 potestate,
1579 3766 1740 3830 quae
1786 3747 2034 3831 exurgit
2080 3766 2152 3811 ex
2201 3765 2603 3829 personarum
2650 3746 2748 3810 vel

261 3874 489 3921 rerum
534 3854 904 3929 conditione,
940 3873 999 3917 v.
1033 3874 1128 3937 gr.
1163 3872 1233 3917 31
1266 3853 1578 3936 potestate
1623 3849 1840 3914 mariti
1867 3851 1933 3913 in
1972 3868 2224 3915 uxorem
2257 3850 2356 3914 vel
2400 3850 2464 3913 in
2511 3868 2609 3914 res
2647 3848 2751 3914 do·

264 3957 595 4030 mesticas,
623 3959 687 4021 et
723 3958 777 4021 si
808 3957 1055 4039 quando
1079 3956 1365 4039 provenit
1389 3956 1466 4020 ab
1496 3955 1608 4018 illa
1640 3955 1974 4036 potestate,
2005 3972 2130 4019 non
2170 3954 2248 4019 ab
2295 3972 2368 4018 ea
2398 3954 2623 4037 pendet
2652 3953 2751 4018 uti

262 4063 371 4127 est
408 4058 765 4125 condonans
814 4058 1111 4133 debitum,
1153 4058 1257 4122 sed
1303 4060 1491 4140 prout
1538 4058 1631 4121 est
1669 4056 2049 4139 praecipiens
2085 4074 2196 4121 seu
2243 4057 2591 4139 prohibens,
2642 4074 2751 4118 seu

264 4164 372 4229 uti
418 4161 613 4226 habet
655 4160 968 4243 quandam
1012 4161 1077 4225 in
1111 4160 1268 4224 alios
1304 4159 1813 4225 dominationem.
1849 4158 1921 4223 3⁰
1952 4157 2353 4242 Dispensatio
2387 4174 2629 4238 semper
2661 4174 2752 4218 re-

264 4266 476 4349 quirit
521 4264 757 4327 iustam
802 4281 1097 4329 causam:
1147 4281 1267 4327 non
1314 4262 1467 4326 item
1514 4262 1809 4325 irritatio.
1857 4261 1930 4324 4⁰
1976 4260 2258 4341 Denique
2306 4256 2579 4322 irritatio
2617 4255 2760 4324 fieri

267 4370 488 4453 potest
533 4366 733 4430 invito
758 4368 1039 4443 vovente,
1073 4364 1324 4429 minime
1373 4366 1582 4427 autem
1615 4363 2024 4445 dispensatim
2067 4362 2214 4442 quia
2240 4362 2335 4424 est
2358 4359 2748 4435 beneficium,

271 4471 446 4553 quod
492 4488 619 4534 non
663 4467 739 4532 fit
790 4468 989 4532 invito
1045 4468 1108 4531 et
1153 4466 1227 4531 fit
1272 4466 1336 4530 in
1383 4466 1664 4529 levamen
1712 4463 2055 4548 dispensati
2113 4464 2174 4526 et
2222 4462 2358 4527 ideo
2405 4481 2527 4527 non
2575 4461 2755 4526 debet

273 4573 410 4638 fieri
443 4573 510 4636 in
544 4571 679 4635 eius
725 4589 1090 4655 gravamen;
1140 4568 1407 4633 maxime
1455 4567 1601 4647 quia
1636 4567 1687 4629 si
1721 4566 2114 4649 dispensatus
2146 4583 2270 4629 non
2303 4566 2585 4648 acceptat
2630 4564 2756 4627 dis-
