<?xml version="1.0" encoding="UTF-8"?>
<!DOCTYPE html PUBLIC "-//W3C//DTD XHTML 1.0 Transitional//EN"
    "http://www.w3.org/TR/xhtml1/DTD/xhtml1-transitional.dtd">
<html xmlns="http://www.w3.org/1999/xhtml" xml:lang="en" lang="en">
 <head>
  <title>
</title>
<meta http-equiv="Content-Type" content="text/html;charset=utf-8" />
  <meta name='ocr-system' content='tesseract 3.04.00' />
  <meta name='ocr-capabilities' content='ocr_page ocr_carea ocr_par ocr_line ocrx_word'/>
</head>
<body>
  <div class='ocr_page' id='page_1' title='image "./opustheologicum00ballgoog/opustheologicum00ballgoog_0446.png"; bbox 0 0 3497 5147; ppageno 0'>
   <div class='ocr_carea' id='block_1_1' title="bbox 282 384 2728 457">
    <p class='ocr_par' dir='ltr' id='par_1_1' title="bbox 282 384 2728 457">
     <span class='ocr_line' id='line_1_1' title="bbox 282 384 2728 457; baseline 0.002 -19"><span class='ocrx_word' id='word_1_1' title='bbox 282 384 410 457; x_wconf 74' lang='lat'>[571]</span> <span class='ocrx_word' id='word_1_2' title='bbox 550 397 717 445; x_wconf 68' lang='lat' dir='ltr'>Qum</span> <span class='ocrx_word' id='word_1_3' title='bbox 755 398 832 437; x_wconf 76' lang='lat' dir='ltr'>m·</span> <span class='ocrx_word' id='word_1_4' title='bbox 871 397 1119 446; x_wconf 63' lang='lat' dir='ltr'>Quam-A</span> <span class='ocrx_word' id='word_1_5' title='bbox 1158 400 1251 440; x_wconf 80' lang='lat' dir='ltr'>sn·</span> <span class='ocrx_word' id='word_1_6' title='bbox 1287 399 1624 441; x_wconf 61' lang='lat' dir='ltr'>onmexmo</span> <span class='ocrx_word' id='word_1_7' title='bbox 1661 401 2010 442; x_wconf 70' lang='lat' dir='ltr'>mmnssm&#39;rr</span> <span class='ocrx_word' id='word_1_8' title='bbox 2046 399 2436 442; x_wconf 75' lang='lat' dir='ltr'>Pnomssonn</span> <span class='ocrx_word' id='word_1_9' title='bbox 2620 389 2728 443; x_wconf 80' lang='lat'>439</span> 
     </span>
    </p>
   </div>
   <div class='ocr_carea' id='block_1_2' title="bbox 200 485 2752 4569">
    <p class='ocr_par' dir='ltr' id='par_1_2' title="bbox 277 485 2738 1277">
     <span class='ocr_line' id='line_1_2' title="bbox 284 485 2734 581; baseline 0.002 -22"><span class='ocrx_word' id='word_1_10' title='bbox 284 515 380 559; x_wconf 87' lang='lat' dir='ltr'>nec</span> <span class='ocrx_word' id='word_1_11' title='bbox 421 485 604 578; x_wconf 81' lang='lat' dir='ltr'>negat</span> <span class='ocrx_word' id='word_1_12' title='bbox 651 513 699 558; x_wconf 91' lang='lat' dir='ltr'>s.</span> <span class='ocrx_word' id='word_1_13' title='bbox 737 495 1027 572; x_wconf 76' lang='lat' dir='ltr'>ThomaS,</span> <span class='ocrx_word' id='word_1_14' title='bbox 1064 496 1172 578; x_wconf 91' lang='lat' dir='ltr'>qui</span> <span class='ocrx_word' id='word_1_15' title='bbox 1203 496 1407 560; x_wconf 91' lang='lat' dir='ltr'>solum</span> <span class='ocrx_word' id='word_1_16' title='bbox 1435 496 1508 560; x_wconf 90' lang='lat' dir='ltr'>de</span> <span class='ocrx_word' id='word_1_17' title='bbox 1540 498 1790 579; x_wconf 89' lang='lat' dir='ltr'>propria</span> <span class='ocrx_word' id='word_1_18' title='bbox 1823 495 2168 561; x_wconf 85' lang='lat' dir='ltr'>differentia</span> <span class='ocrx_word' id='word_1_19' title='bbox 2201 498 2591 581; x_wconf 88' lang='lat' dir='ltr'>singulorum</span> <span class='ocrx_word' id='word_1_20' title='bbox 2639 501 2734 565; x_wconf 91' lang='lat' dir='ltr'>lo-</span> 
     </span>
     <span class='ocr_line' id='line_1_3' title="bbox 281 595 2733 682; baseline 0.003 -22"><span class='ocrx_word' id='word_1_21' title='bbox 281 598 493 681; x_wconf 87' lang='lat' dir='ltr'>quitur.</span> <span class='ocrx_word' id='word_1_22' title='bbox 551 595 710 661; x_wconf 88' lang='lat' dir='ltr'>Sane</span> <span class='ocrx_word' id='word_1_23' title='bbox 756 597 967 661; x_wconf 89' lang='lat' dir='ltr'>iurans</span> <span class='ocrx_word' id='word_1_24' title='bbox 1006 597 1428 662; x_wconf 87' lang='lat' dir='ltr'>iuramentum</span> <span class='ocrx_word' id='word_1_25' title='bbox 1474 598 1946 681; x_wconf 87' lang='lat' dir='ltr'>promissorium</span> <span class='ocrx_word' id='word_1_26' title='bbox 1993 600 2193 682; x_wconf 91' lang='lat' dir='ltr'>primo</span> <span class='ocrx_word' id='word_1_27' title='bbox 2243 601 2443 665; x_wconf 85' lang='lat' dir='ltr'>Deum</span> <span class='ocrx_word' id='word_1_28' title='bbox 2507 604 2733 667; x_wconf 85' lang='lat' dir='ltr'>testem</span> 
     </span>
     <span class='ocr_line' id='line_1_4' title="bbox 281 699 2737 785; baseline 0.002 -22"><span class='ocrx_word' id='word_1_29' title='bbox 281 701 466 777; x_wconf 79' lang='lat' dir='ltr'>vocat,</span> <span class='ocrx_word' id='word_1_30' title='bbox 499 700 665 781; x_wconf 90' lang='lat' dir='ltr'>quod</span> <span class='ocrx_word' id='word_1_31' title='bbox 710 718 874 763; x_wconf 90' lang='lat' dir='ltr'>nunc</span> <span class='ocrx_word' id='word_1_32' title='bbox 921 700 1149 763; x_wconf 88' lang='lat' dir='ltr'>habeat</span> <span class='ocrx_word' id='word_1_33' title='bbox 1195 699 1585 764; x_wconf 89' lang='lat' dir='ltr'>voluntatem</span> <span class='ocrx_word' id='word_1_34' title='bbox 1631 700 1895 764; x_wconf 89' lang='lat' dir='ltr'>faciendi</span> <span class='ocrx_word' id='word_1_35' title='bbox 1930 700 2095 783; x_wconf 92' lang='lat' dir='ltr'>quod</span> <span class='ocrx_word' id='word_1_36' title='bbox 2128 703 2444 785; x_wconf 86' lang='lat' dir='ltr'>promittit</span> <span class='ocrx_word' id='word_1_37' title='bbox 2475 704 2573 768; x_wconf 86' lang='lat' dir='ltr'>vel</span> <span class='ocrx_word' id='word_1_38' title='bbox 2612 708 2737 769; x_wconf 87' lang='lat' dir='ltr'>sta-</span> 
     </span>
     <span class='ocr_line' id='line_1_5' title="bbox 281 801 2736 890; baseline 0.002 -23"><span class='ocrx_word' id='word_1_39' title='bbox 281 804 394 867; x_wconf 88' lang='lat' dir='ltr'>tuit</span> <span class='ocrx_word' id='word_1_40' title='bbox 436 821 499 866; x_wconf 91' lang='lat' dir='ltr'>se</span> <span class='ocrx_word' id='word_1_41' title='bbox 546 801 893 879; x_wconf 63' lang='lat' dir='ltr'>facturum</span> <span class='ocrx_word' id='word_1_42' title='bbox 935 802 1073 866; x_wconf 91' lang='lat' dir='ltr'>dein</span> <span class='ocrx_word' id='word_1_43' title='bbox 1105 801 1547 880; x_wconf 87' lang='lat' dir='ltr'>fideiussorem,</span> <span class='ocrx_word' id='word_1_44' title='bbox 1584 804 1658 867; x_wconf 92' lang='lat' dir='ltr'>ut</span> <span class='ocrx_word' id='word_1_45' title='bbox 1689 803 1890 868; x_wconf 89' lang='lat' dir='ltr'>aiunt.</span> <span class='ocrx_word' id='word_1_46' title='bbox 1925 804 2203 868; x_wconf 86' lang='lat' dir='ltr'>Eundem</span> <span class='ocrx_word' id='word_1_47' title='bbox 2238 805 2490 869; x_wconf 76' lang='lat' dir='ltr'>adducit</span> <span class='ocrx_word' id='word_1_48' title='bbox 2537 808 2736 890; x_wconf 87' lang='lat' dir='ltr'>operis</span> 
     </span>
     <span class='ocr_line' id='line_1_6' title="bbox 282 904 2736 993; baseline 0.002 -24"><span class='ocrx_word' id='word_1_49' title='bbox 282 905 477 988; x_wconf 88' lang='lat' dir='ltr'>postea</span> <span class='ocrx_word' id='word_1_50' title='bbox 508 904 824 987; x_wconf 88' lang='lat' dir='ltr'>implendi.</span> <span class='ocrx_word' id='word_1_51' title='bbox 874 904 1063 969; x_wconf 86' lang='lat' dir='ltr'>Forte</span> <span class='ocrx_word' id='word_1_52' title='bbox 1111 904 1233 968; x_wconf 88' lang='lat' dir='ltr'>dici</span> <span class='ocrx_word' id='word_1_53' title='bbox 1277 907 1507 988; x_wconf 89' lang='lat' dir='ltr'>posset,</span> <span class='ocrx_word' id='word_1_54' title='bbox 1543 905 1708 986; x_wconf 92' lang='lat' dir='ltr'>quod</span> <span class='ocrx_word' id='word_1_55' title='bbox 1740 925 2028 988; x_wconf 89' lang='lat' dir='ltr'>praesens</span> <span class='ocrx_word' id='word_1_56' title='bbox 2086 908 2478 990; x_wconf 90' lang='lat' dir='ltr'>propositum</span> <span class='ocrx_word' id='word_1_57' title='bbox 2524 910 2736 993; x_wconf 85' lang='lat' dir='ltr'>potius</span> 
     </span>
     <span class='ocr_line' id='line_1_7' title="bbox 278 1007 2735 1094; baseline 0.002 -23"><span class='ocrx_word' id='word_1_58' title='bbox 278 1009 399 1071; x_wconf 86' lang='lat' dir='ltr'>heic</span> <span class='ocrx_word' id='word_1_59' title='bbox 442 1007 814 1090; x_wconf 78' lang='lat' dir='ltr'>supponitur</span> <span class='ocrx_word' id='word_1_60' title='bbox 861 1027 1048 1090; x_wconf 90' lang='lat' dir='ltr'>quam</span> <span class='ocrx_word' id='word_1_61' title='bbox 1100 1009 1433 1084; x_wconf 75' lang='lat' dir='ltr'>asseratur,</span> <span class='ocrx_word' id='word_1_62' title='bbox 1498 1009 1571 1071; x_wconf 93' lang='lat' dir='ltr'>ut</span> <span class='ocrx_word' id='word_1_63' title='bbox 1631 1007 2073 1088; x_wconf 87' lang='lat' dir='ltr'>iuramentum,</span> <span class='ocrx_word' id='word_1_64' title='bbox 2142 1010 2365 1075; x_wconf 87' lang='lat' dir='ltr'>saltem</span> <span class='ocrx_word' id='word_1_65' title='bbox 2427 1012 2735 1094; x_wconf 78' lang='lat' dir='ltr'>explicite,</span> 
     </span>
     <span class='ocr_line' id='line_1_8' title="bbox 279 1109 2738 1193; baseline 0.002 -19"><span class='ocrx_word' id='word_1_66' title='bbox 279 1110 446 1175; x_wconf 88' lang='lat' dir='ltr'>cadat</span> <span class='ocrx_word' id='word_1_67' title='bbox 474 1109 678 1174; x_wconf 89' lang='lat' dir='ltr'>solum</span> <span class='ocrx_word' id='word_1_68' title='bbox 713 1110 778 1173; x_wconf 91' lang='lat' dir='ltr'>in</span> <span class='ocrx_word' id='word_1_69' title='bbox 811 1128 939 1173; x_wconf 92' lang='lat' dir='ltr'>rem</span> <span class='ocrx_word' id='word_1_70' title='bbox 975 1109 1184 1174; x_wconf 81' lang='lat' dir='ltr'>futuro</span> <span class='ocrx_word' id='word_1_71' title='bbox 1235 1110 1508 1192; x_wconf 89' lang='lat' dir='ltr'>tempore</span> <span class='ocrx_word' id='word_1_72' title='bbox 1556 1109 1952 1192; x_wconf 81' lang='lat' dir='ltr'>implendam,</span> <span class='ocrx_word' id='word_1_73' title='bbox 1986 1111 2152 1193; x_wconf 88' lang='lat' dir='ltr'>quod</span> <span class='ocrx_word' id='word_1_74' title='bbox 2200 1113 2447 1177; x_wconf 85' lang='lat' dir='ltr'>videtur</span> <span class='ocrx_word' id='word_1_75' title='bbox 2494 1133 2738 1179; x_wconf 88' lang='lat' dir='ltr'>censere</span> 
     </span>
     <span class='ocr_line' id='line_1_9' title="bbox 277 1212 642 1277; baseline -0.003 -2"><span class='ocrx_word' id='word_1_76' title='bbox 277 1232 319 1275; x_wconf 88' lang='lat' dir='ltr'>s.</span> <span class='ocrx_word' id='word_1_77' title='bbox 352 1212 642 1277; x_wconf 80' lang='lat' dir='ltr'>ThomaS.</span> 
     </span>
    </p>

    <p class='ocr_par' dir='ltr' id='par_1_3' title="bbox 272 1313 2738 1602">
     <span class='ocr_line' id='line_1_10' title="bbox 356 1313 2738 1400; baseline 0.003 -23"><span class='ocrx_word' id='word_1_78' title='bbox 356 1313 599 1396; x_wconf 86' lang='lat' dir='ltr'>Aliquis</span> <span class='ocrx_word' id='word_1_79' title='bbox 630 1317 840 1379; x_wconf 90' lang='lat' dir='ltr'>tamen</span> <span class='ocrx_word' id='word_1_80' title='bbox 886 1315 1092 1378; x_wconf 85' lang='lat' dir='ltr'>iurare</span> <span class='ocrx_word' id='word_1_81' title='bbox 1140 1316 1347 1398; x_wconf 85' lang='lat' dir='ltr'>posset</span> <span class='ocrx_word' id='word_1_82' title='bbox 1381 1316 1631 1379; x_wconf 89' lang='lat' dir='ltr'>tantum</span> <span class='ocrx_word' id='word_1_83' title='bbox 1687 1314 1760 1378; x_wconf 86' lang='lat' dir='ltr'>de</span> <span class='ocrx_word' id='word_1_84' title='bbox 1816 1317 2134 1400; x_wconf 89' lang='lat' dir='ltr'>proposito</span> <span class='ocrx_word' id='word_1_85' title='bbox 2192 1319 2497 1400; x_wconf 76' lang='lat' dir='ltr'>praesenti</span> <span class='ocrx_word' id='word_1_86' title='bbox 2539 1321 2602 1384; x_wconf 90' lang='lat' dir='ltr'>et</span> <span class='ocrx_word' id='word_1_87' title='bbox 2649 1321 2738 1385; x_wconf 88' lang='lat' dir='ltr'>sic</span> 
     </span>
     <span class='ocr_line' id='line_1_11' title="bbox 274 1416 2738 1506; baseline 0.002 -25"><span class='ocrx_word' id='word_1_88' title='bbox 274 1419 424 1482; x_wconf 88' lang='lat' dir='ltr'>esset</span> <span class='ocrx_word' id='word_1_89' title='bbox 452 1416 878 1481; x_wconf 82' lang='lat' dir='ltr'>iuramentum</span> <span class='ocrx_word' id='word_1_90' title='bbox 914 1436 1079 1479; x_wconf 92' lang='lat' dir='ltr'>mere</span> <span class='ocrx_word' id='word_1_91' title='bbox 1117 1417 1551 1494; x_wconf 79' lang='lat' dir='ltr'>assertorium3</span> <span class='ocrx_word' id='word_1_92' title='bbox 1587 1417 1754 1499; x_wconf 88' lang='lat' dir='ltr'>quod</span> <span class='ocrx_word' id='word_1_93' title='bbox 1788 1419 2178 1501; x_wconf 88' lang='lat' dir='ltr'>propositum</span> <span class='ocrx_word' id='word_1_94' title='bbox 2211 1420 2426 1485; x_wconf 91' lang='lat' dir='ltr'>deinde</span> <span class='ocrx_word' id='word_1_95' title='bbox 2453 1422 2582 1486; x_wconf 90' lang='lat' dir='ltr'>sine</span> <span class='ocrx_word' id='word_1_96' title='bbox 2607 1444 2738 1506; x_wconf 88' lang='lat' dir='ltr'>per-</span> 
     </span>
     <span class='ocr_line' id='line_1_12' title="bbox 272 1517 1925 1602; baseline 0.001 -20"><span class='ocrx_word' id='word_1_97' title='bbox 272 1519 422 1584; x_wconf 91' lang='lat' dir='ltr'>iurio</span> <span class='ocrx_word' id='word_1_98' title='bbox 458 1518 794 1602; x_wconf 83' lang='lat' dir='ltr'>frangeret.</span> <span class='ocrx_word' id='word_1_99' title='bbox 828 1517 1151 1602; x_wconf 83' lang='lat' dir='ltr'>Laymann</span> <span class='ocrx_word' id='word_1_100' title='bbox 1188 1519 1261 1582; x_wconf 83' lang='lat' dir='ltr'>de</span> <span class='ocrx_word' id='word_1_101' title='bbox 1308 1518 1550 1583; x_wconf 80' lang='lat' dir='ltr'>Iuram.</span> <span class='ocrx_word' id='word_1_102' title='bbox 1586 1539 1637 1582; x_wconf 91' lang='lat' dir='ltr'>c.</span> <span class='ocrx_word' id='word_1_103' title='bbox 1673 1521 1734 1582; x_wconf 87' lang='grc'>4.</span> <span class='ocrx_word' id='word_1_104' title='bbox 1772 1539 1826 1583; x_wconf 88' lang='lat' dir='ltr'>a.</span> <span class='ocrx_word' id='word_1_105' title='bbox 1864 1522 1925 1583; x_wconf 85' lang='lat'>4.</span> 
     </span>
    </p>

    <p class='ocr_par' dir='ltr' id='par_1_4' title="bbox 265 1616 2741 1909">
     <span class='ocr_line' id='line_1_13' title="bbox 355 1616 2738 1703; baseline 0 -12"><span class='ocrx_word' id='word_1_106' title='bbox 355 1616 504 1690; x_wconf 81' lang='lat'><strong>571.</strong></span> <span class='ocrx_word' id='word_1_107' title='bbox 541 1620 798 1696; x_wconf 89' lang='lat' dir='ltr'>Verum,</span> <span class='ocrx_word' id='word_1_108' title='bbox 833 1620 886 1683; x_wconf 90' lang='lat' dir='ltr'>si</span> <span class='ocrx_word' id='word_1_109' title='bbox 918 1620 1163 1703; x_wconf 87' lang='lat' dir='ltr'>proprie</span> <span class='ocrx_word' id='word_1_110' title='bbox 1198 1620 1372 1701; x_wconf 91' lang='lat' dir='ltr'>loqui</span> <span class='ocrx_word' id='word_1_111' title='bbox 1405 1620 1686 1697; x_wconf 86' lang='lat' dir='ltr'>velimus,</span> <span class='ocrx_word' id='word_1_112' title='bbox 1722 1640 1845 1685; x_wconf 92' lang='lat' dir='ltr'>non</span> <span class='ocrx_word' id='word_1_113' title='bbox 1879 1640 2056 1686; x_wconf 91' lang='lat' dir='ltr'>omne</span> <span class='ocrx_word' id='word_1_114' title='bbox 2087 1624 2511 1688; x_wconf 83' lang='lat' dir='ltr'>iuramentum</span> <span class='ocrx_word' id='word_1_115' title='bbox 2552 1626 2625 1690; x_wconf 89' lang='lat' dir='ltr'>de</span> <span class='ocrx_word' id='word_1_116' title='bbox 2673 1647 2738 1691; x_wconf 90' lang='lat' dir='ltr'>re</span> 
     </span>
     <span class='ocr_line' id='line_1_14' title="bbox 265 1722 2738 1805; baseline 0.002 -17"><span class='ocrx_word' id='word_1_117' title='bbox 265 1722 537 1788; x_wconf 85' lang='lat' dir='ltr'>facienda</span> <span class='ocrx_word' id='word_1_118' title='bbox 588 1742 625 1786; x_wconf 88' lang='lat' dir='ltr'>a</span> <span class='ocrx_word' id='word_1_119' title='bbox 672 1722 868 1798; x_wconf 76' lang='lat' dir='ltr'>nobiS,</span> <span class='ocrx_word' id='word_1_120' title='bbox 934 1724 1028 1786; x_wconf 90' lang='lat' dir='ltr'>est</span> <span class='ocrx_word' id='word_1_121' title='bbox 1074 1722 1569 1805; x_wconf 89' lang='lat' dir='ltr'>promissorium,</span> <span class='ocrx_word' id='word_1_122' title='bbox 1637 1724 2165 1804; x_wconf 87' lang='lat' dir='ltr'>quemadmodum</span> <span class='ocrx_word' id='word_1_123' title='bbox 2237 1726 2362 1790; x_wconf 90' lang='lat' dir='ltr'>iam</span> <span class='ocrx_word' id='word_1_124' title='bbox 2419 1727 2738 1793; x_wconf 87' lang='lat' dir='ltr'>innuimus</span> 
     </span>
     <span class='ocr_line' id='line_1_15' title="bbox 267 1825 2741 1909; baseline 0.002 -20"><span class='ocrx_word' id='word_1_125' title='bbox 267 1847 325 1889; x_wconf 89' lang='lat' dir='ltr'>n.</span> <span class='ocrx_word' id='word_1_126' title='bbox 361 1827 545 1890; x_wconf 80' lang='lat'>546.:</span> <span class='ocrx_word' id='word_1_127' title='bbox 596 1826 689 1889; x_wconf 88' lang='lat' dir='ltr'>ita</span> <span class='ocrx_word' id='word_1_128' title='bbox 736 1845 795 1889; x_wconf 87' lang='lat' dir='ltr'>v.</span> <span class='ocrx_word' id='word_1_129' title='bbox 846 1846 938 1909; x_wconf 89' lang='lat' dir='ltr'>gr.</span> <span class='ocrx_word' id='word_1_130' title='bbox 989 1844 1132 1889; x_wconf 91' lang='lat' dir='ltr'>cum</span> <span class='ocrx_word' id='word_1_131' title='bbox 1179 1825 1317 1906; x_wconf 86' lang='lat' dir='ltr'>quis</span> <span class='ocrx_word' id='word_1_132' title='bbox 1364 1825 1535 1890; x_wconf 89' lang='lat' dir='ltr'>iurat</span> <span class='ocrx_word' id='word_1_133' title='bbox 1581 1846 1645 1890; x_wconf 93' lang='lat' dir='ltr'>se</span> <span class='ocrx_word' id='word_1_134' title='bbox 1679 1845 1800 1890; x_wconf 92' lang='lat' dir='ltr'>non</span> <span class='ocrx_word' id='word_1_135' title='bbox 1848 1826 2142 1891; x_wconf 89' lang='lat' dir='ltr'>daturum</span> <span class='ocrx_word' id='word_1_136' title='bbox 2189 1831 2433 1905; x_wconf 91' lang='lat' dir='ltr'>mutuo,</span> <span class='ocrx_word' id='word_1_137' title='bbox 2481 1849 2602 1895; x_wconf 89' lang='lat' dir='ltr'>non</span> <span class='ocrx_word' id='word_1_138' title='bbox 2652 1832 2741 1895; x_wconf 88' lang='lat' dir='ltr'>in-</span> 
     </span>
    </p>

    <p class='ocr_par' dir='ltr' id='par_1_5' title="bbox 200 1927 2744 3039">
     <span class='ocr_line' id='line_1_16' title="bbox 200 1927 2741 2012; baseline 0.002 -21"><span class='ocrx_word' id='word_1_139' title='bbox 200 1974 204 1977; x_wconf 48' lang='lat'>&lt;</span> <span class='ocrx_word' id='word_1_140' title='bbox 266 1946 625 2012; x_wconf 85' lang='lat' dir='ltr'>gressurum</span> <span class='ocrx_word' id='word_1_141' title='bbox 662 1928 939 2010; x_wconf 84' lang='lat' dir='ltr'>aliquam</span> <span class='ocrx_word' id='word_1_142' title='bbox 986 1927 1261 2003; x_wconf 90' lang='lat' dir='ltr'>domum,</span> <span class='ocrx_word' id='word_1_143' title='bbox 1310 1946 1433 1991; x_wconf 89' lang='lat' dir='ltr'>non</span> <span class='ocrx_word' id='word_1_144' title='bbox 1465 1928 1752 1992; x_wconf 85' lang='lat' dir='ltr'>lusurum</span> <span class='ocrx_word' id='word_1_145' title='bbox 1792 1931 1906 1994; x_wconf 90' lang='lat' dir='ltr'>etc.</span> <span class='ocrx_word' id='word_1_146' title='bbox 1941 1930 2014 1993; x_wconf 91' lang='lat' dir='ltr'>In</span> <span class='ocrx_word' id='word_1_147' title='bbox 2047 1931 2143 1995; x_wconf 89' lang='lat' dir='ltr'>his</span> <span class='ocrx_word' id='word_1_148' title='bbox 2177 1932 2340 1995; x_wconf 90' lang='lat' dir='ltr'>enim</span> <span class='ocrx_word' id='word_1_149' title='bbox 2372 1932 2741 1997; x_wconf 88' lang='lat' dir='ltr'>iuramentis</span> 
     </span>
     <span class='ocr_line' id='line_1_17' title="bbox 268 2028 2740 2119; baseline 0.003 -26"><span class='ocrx_word' id='word_1_150' title='bbox 268 2049 390 2095; x_wconf 91' lang='lat' dir='ltr'>non</span> <span class='ocrx_word' id='word_1_151' title='bbox 430 2030 605 2094; x_wconf 86' lang='lat' dir='ltr'>adest</span> <span class='ocrx_word' id='word_1_152' title='bbox 640 2030 771 2094; x_wconf 85' lang='lat' dir='ltr'>ulla</span> <span class='ocrx_word' id='word_1_153' title='bbox 807 2029 1137 2113; x_wconf 88' lang='lat' dir='ltr'>promissio</span> <span class='ocrx_word' id='word_1_154' title='bbox 1169 2028 1338 2094; x_wconf 87' lang='lat' dir='ltr'>facta</span> <span class='ocrx_word' id='word_1_155' title='bbox 1371 2030 1557 2094; x_wconf 90' lang='lat' dir='ltr'>alicui</span> <span class='ocrx_word' id='word_1_156' title='bbox 1591 2033 1778 2112; x_wconf 88' lang='lat' dir='ltr'>atque</span> <span class='ocrx_word' id='word_1_157' title='bbox 1813 2032 1962 2098; x_wconf 88' lang='lat' dir='ltr'>adeo</span> <span class='ocrx_word' id='word_1_158' title='bbox 1996 2034 2170 2096; x_wconf 84' lang='lat' dir='ltr'>nulla</span> <span class='ocrx_word' id='word_1_159' title='bbox 2203 2035 2403 2099; x_wconf 91' lang='lat' dir='ltr'>oritur</span> <span class='ocrx_word' id='word_1_160' title='bbox 2437 2035 2740 2119; x_wconf 79' lang='lat' dir='ltr'>obligatio</span> 
     </span>
     <span class='ocr_line' id='line_1_18' title="bbox 263 2132 2742 2220; baseline 0.002 -24"><span class='ocrx_word' id='word_1_161' title='bbox 263 2134 377 2196; x_wconf 84' lang='lat' dir='ltr'>aut</span> <span class='ocrx_word' id='word_1_162' title='bbox 423 2152 495 2197; x_wconf 85' lang='lat' dir='ltr'>ex</span> <span class='ocrx_word' id='word_1_163' title='bbox 527 2132 832 2197; x_wconf 86' lang='lat' dir='ltr'>fidelitate</span> <span class='ocrx_word' id='word_1_164' title='bbox 866 2135 979 2197; x_wconf 90' lang='lat' dir='ltr'>aut</span> <span class='ocrx_word' id='word_1_165' title='bbox 1024 2151 1097 2196; x_wconf 88' lang='lat' dir='ltr'>ex</span> <span class='ocrx_word' id='word_1_166' title='bbox 1141 2132 1408 2210; x_wconf 87' lang='lat' dir='ltr'>iustitia,</span> <span class='ocrx_word' id='word_1_167' title='bbox 1437 2132 1542 2197; x_wconf 89' lang='lat' dir='ltr'>sed</span> <span class='ocrx_word' id='word_1_168' title='bbox 1591 2133 1795 2197; x_wconf 91' lang='lat' dir='ltr'>solum</span> <span class='ocrx_word' id='word_1_169' title='bbox 1828 2153 1898 2197; x_wconf 92' lang='lat' dir='ltr'>ex</span> <span class='ocrx_word' id='word_1_170' title='bbox 1945 2136 2180 2199; x_wconf 81' lang='lat' dir='ltr'>virtute</span> <span class='ocrx_word' id='word_1_171' title='bbox 2227 2136 2566 2220; x_wconf 87' lang='lat' dir='ltr'>religionis,</span> <span class='ocrx_word' id='word_1_172' title='bbox 2617 2157 2742 2218; x_wconf 85' lang='lat' dir='ltr'>qua</span> 
     </span>
     <span class='ocr_line' id='line_1_19' title="bbox 261 2234 2741 2314; baseline 0.001 -15"><span class='ocrx_word' id='word_1_173' title='bbox 261 2234 472 2299; x_wconf 88' lang='lat' dir='ltr'>iurans</span> <span class='ocrx_word' id='word_1_174' title='bbox 505 2236 759 2300; x_wconf 86' lang='lat' dir='ltr'>tenetur</span> <span class='ocrx_word' id='word_1_175' title='bbox 790 2235 1046 2314; x_wconf 90' lang='lat' dir='ltr'>efficere,</span> <span class='ocrx_word' id='word_1_176' title='bbox 1082 2236 1157 2299; x_wconf 92' lang='lat' dir='ltr'>ut</span> <span class='ocrx_word' id='word_1_177' title='bbox 1188 2235 1448 2298; x_wconf 82' lang='lat' dir='ltr'>assertio</span> <span class='ocrx_word' id='word_1_178' title='bbox 1500 2254 1611 2298; x_wconf 83' lang='lat' dir='ltr'>sua</span> <span class='ocrx_word' id='word_1_179' title='bbox 1643 2234 1716 2298; x_wconf 89' lang='lat' dir='ltr'>de</span> <span class='ocrx_word' id='word_1_180' title='bbox 1743 2234 1952 2300; x_wconf 91' lang='lat' dir='ltr'>futuro</span> <span class='ocrx_word' id='word_1_181' title='bbox 1978 2236 2207 2300; x_wconf 87' lang='lat' dir='ltr'>habeat</span> <span class='ocrx_word' id='word_1_182' title='bbox 2239 2239 2568 2302; x_wconf 87' lang='lat' dir='ltr'>veritatem</span> <span class='ocrx_word' id='word_1_183' title='bbox 2603 2240 2741 2303; x_wconf 90' lang='lat' dir='ltr'>tum</span> 
     </span>
     <span class='ocr_line' id='line_1_20' title="bbox 257 2335 2741 2421; baseline 0.002 -19"><span class='ocrx_word' id='word_1_184' title='bbox 257 2340 654 2420; x_wconf 78' lang='lat' dir='ltr'>praesentem</span> <span class='ocrx_word' id='word_1_185' title='bbox 686 2338 748 2400; x_wconf 91' lang='lat' dir='ltr'>in</span> <span class='ocrx_word' id='word_1_186' title='bbox 780 2338 1098 2421; x_wconf 88' lang='lat' dir='ltr'>proposito</span> <span class='ocrx_word' id='word_1_187' title='bbox 1133 2337 1270 2400; x_wconf 91' lang='lat' dir='ltr'>tum</span> <span class='ocrx_word' id='word_1_188' title='bbox 1305 2336 1378 2400; x_wconf 90' lang='lat' dir='ltr'>de</span> <span class='ocrx_word' id='word_1_189' title='bbox 1409 2336 1643 2401; x_wconf 88' lang='lat' dir='ltr'>futuro.</span> <span class='ocrx_word' id='word_1_190' title='bbox 1678 2335 1978 2415; x_wconf 77' lang='lat' dir='ltr'>Quocirca</span> <span class='ocrx_word' id='word_1_191' title='bbox 2026 2341 2188 2402; x_wconf 89' lang='lat' dir='ltr'>recte</span> <span class='ocrx_word' id='word_1_192' title='bbox 2213 2339 2636 2404; x_wconf 84' lang='lat' dir='ltr'>iuramentum</span> <span class='ocrx_word' id='word_1_193' title='bbox 2668 2340 2741 2406; x_wconf 92' lang='lat' dir='ltr'>de</span> 
     </span>
     <span class='ocr_line' id='line_1_21' title="bbox 258 2439 2743 2527; baseline 0 -20"><span class='ocrx_word' id='word_1_194' title='bbox 258 2441 470 2507; x_wconf 83' lang='lat' dir='ltr'>futuro</span> <span class='ocrx_word' id='word_1_195' title='bbox 522 2442 752 2525; x_wconf 82' lang='lat' dir='ltr'>duplex</span> <span class='ocrx_word' id='word_1_196' title='bbox 785 2441 1216 2525; x_wconf 86' lang='lat' dir='ltr'>distinguitur,</span> <span class='ocrx_word' id='word_1_197' title='bbox 1254 2440 1422 2505; x_wconf 90' lang='lat' dir='ltr'>aliud</span> <span class='ocrx_word' id='word_1_198' title='bbox 1453 2439 1691 2504; x_wconf 74' lang='lat' dir='ltr'>nudum</span> <span class='ocrx_word' id='word_1_199' title='bbox 1728 2445 1790 2504; x_wconf 79' lang='lat' dir='ltr'>et</span> <span class='ocrx_word' id='word_1_200' title='bbox 1816 2441 2101 2521; x_wconf 74' lang='lat' dir='ltr'>simplex,</span> <span class='ocrx_word' id='word_1_201' title='bbox 2137 2442 2301 2524; x_wconf 92' lang='lat' dir='ltr'>quod</span> <span class='ocrx_word' id='word_1_202' title='bbox 2336 2444 2573 2508; x_wconf 88' lang='lat' dir='ltr'>nullam</span> <span class='ocrx_word' id='word_1_203' title='bbox 2608 2463 2743 2527; x_wconf 89' lang='lat' dir='ltr'>pro-</span> 
     </span>
     <span class='ocr_line' id='line_1_22' title="bbox 254 2543 2744 2628; baseline 0 -17"><span class='ocrx_word' id='word_1_204' title='bbox 254 2546 625 2612; x_wconf 83' lang='lat' dir='ltr'>missionem</span> <span class='ocrx_word' id='word_1_205' title='bbox 671 2545 862 2611; x_wconf 86' lang='lat' dir='ltr'>habet</span> <span class='ocrx_word' id='word_1_206' title='bbox 907 2543 1249 2609; x_wconf 82' lang='lat' dir='ltr'>admixtam</span> <span class='ocrx_word' id='word_1_207' title='bbox 1296 2562 1443 2628; x_wconf 88' lang='lat' dir='ltr'>erga</span> <span class='ocrx_word' id='word_1_208' title='bbox 1493 2544 1780 2622; x_wconf 86' lang='lat' dir='ltr'>alterum,</span> <span class='ocrx_word' id='word_1_209' title='bbox 1831 2543 2003 2610; x_wconf 87' lang='lat' dir='ltr'>aliud</span> <span class='ocrx_word' id='word_1_210' title='bbox 2049 2545 2214 2627; x_wconf 91' lang='lat' dir='ltr'>quod</span> <span class='ocrx_word' id='word_1_211' title='bbox 2272 2547 2367 2611; x_wconf 89' lang='lat' dir='ltr'>est</span> <span class='ocrx_word' id='word_1_212' title='bbox 2421 2546 2744 2612; x_wconf 82' lang='lat' dir='ltr'>confirma-</span> 
     </span>
     <span class='ocr_line' id='line_1_23' title="bbox 254 2646 2741 2733; baseline -0 -18"><span class='ocrx_word' id='word_1_213' title='bbox 254 2649 491 2715; x_wconf 89' lang='lat' dir='ltr'>torium</span> <span class='ocrx_word' id='word_1_214' title='bbox 542 2648 978 2733; x_wconf 87' lang='lat' dir='ltr'>promissionis</span> <span class='ocrx_word' id='word_1_215' title='bbox 1032 2648 1132 2712; x_wconf 87' lang='lat' dir='ltr'>vel</span> <span class='ocrx_word' id='word_1_216' title='bbox 1188 2666 1336 2733; x_wconf 90' lang='lat' dir='ltr'>erga</span> <span class='ocrx_word' id='word_1_217' title='bbox 1383 2648 1585 2710; x_wconf 90' lang='lat' dir='ltr'>Deum</span> <span class='ocrx_word' id='word_1_218' title='bbox 1632 2646 1828 2728; x_wconf 87' lang='lat' dir='ltr'>(quod</span> <span class='ocrx_word' id='word_1_219' title='bbox 1877 2649 1971 2711; x_wconf 90' lang='lat' dir='ltr'>est</span> <span class='ocrx_word' id='word_1_220' title='bbox 2017 2652 2239 2712; x_wconf 85' lang='lat' dir='ltr'>votum</span> <span class='ocrx_word' id='word_1_221' title='bbox 2287 2649 2595 2733; x_wconf 88' lang='lat' dir='ltr'>iuratum)</span> <span class='ocrx_word' id='word_1_222' title='bbox 2642 2650 2741 2714; x_wconf 83' lang='lat' dir='ltr'>vel</span> 
     </span>
     <span class='ocr_line' id='line_1_24' title="bbox 251 2748 2743 2836; baseline -0 -20"><span class='ocrx_word' id='word_1_223' title='bbox 251 2770 400 2836; x_wconf 88' lang='lat' dir='ltr'>erga</span> <span class='ocrx_word' id='word_1_224' title='bbox 462 2751 848 2835; x_wconf 88' lang='lat' dir='ltr'>proximum,</span> <span class='ocrx_word' id='word_1_225' title='bbox 897 2750 1072 2815; x_wconf 89' lang='lat' dir='ltr'>cuius</span> <span class='ocrx_word' id='word_1_226' title='bbox 1133 2750 1458 2833; x_wconf 88' lang='lat' dir='ltr'>propterea</span> <span class='ocrx_word' id='word_1_227' title='bbox 1504 2748 1840 2813; x_wconf 89' lang='lat' dir='ltr'>iuramenti</span> <span class='ocrx_word' id='word_1_228' title='bbox 1887 2749 2146 2814; x_wconf 88' lang='lat' dir='ltr'>violatio</span> <span class='ocrx_word' id='word_1_229' title='bbox 2196 2750 2506 2833; x_wconf 87' lang='lat' dir='ltr'>duplicem</span> <span class='ocrx_word' id='word_1_230' title='bbox 2551 2751 2743 2816; x_wconf 89' lang='lat' dir='ltr'>habet</span> 
     </span>
     <span class='ocr_line' id='line_1_25' title="bbox 246 2850 2743 2935; baseline 0 -18"><span class='ocrx_word' id='word_1_231' title='bbox 246 2856 533 2931; x_wconf 77' lang='lat' dir='ltr'>reatum3</span> <span class='ocrx_word' id='word_1_232' title='bbox 590 2853 741 2935; x_wconf 91' lang='lat' dir='ltr'>quia</span> <span class='ocrx_word' id='word_1_233' title='bbox 788 2853 1009 2935; x_wconf 89' lang='lat' dir='ltr'>duplex</span> <span class='ocrx_word' id='word_1_234' title='bbox 1056 2851 1382 2916; x_wconf 81' lang='lat' dir='ltr'>intercedit</span> <span class='ocrx_word' id='word_1_235' title='bbox 1430 2850 1753 2935; x_wconf 86' lang='lat' dir='ltr'>obligatio,</span> <span class='ocrx_word' id='word_1_236' title='bbox 1803 2851 2084 2915; x_wconf 87' lang='lat' dir='ltr'>iustitiae</span> <span class='ocrx_word' id='word_1_237' title='bbox 2138 2871 2354 2935; x_wconf 88' lang='lat' dir='ltr'>nempe</span> <span class='ocrx_word' id='word_1_238' title='bbox 2395 2855 2507 2917; x_wconf 92' lang='lat' dir='ltr'>aut</span> <span class='ocrx_word' id='word_1_239' title='bbox 2552 2853 2743 2917; x_wconf 89' lang='lat' dir='ltr'>fideli-</span> 
     </span>
     <span class='ocr_line' id='line_1_26' title="bbox 250 2955 894 3039; baseline -0.006 -18"><span class='ocrx_word' id='word_1_240' title='bbox 250 2958 407 3021; x_wconf 81' lang='lat' dir='ltr'>tatis</span> <span class='ocrx_word' id='word_1_241' title='bbox 443 2960 513 3021; x_wconf 88' lang='lat' dir='ltr'>et</span> <span class='ocrx_word' id='word_1_242' title='bbox 548 2955 894 3039; x_wconf 89' lang='lat' dir='ltr'>religionis.</span> 
     </span>
    </p>

    <p class='ocr_par' dir='ltr' id='par_1_6' title="bbox 229 3053 2748 4058">
     <span class='ocr_line' id='line_1_27' title="bbox 339 3053 2744 3141; baseline -0.002 -17"><span class='ocrx_word' id='word_1_243' title='bbox 339 3059 374 3099; x_wconf 88' lang='lat'>*</span> <span class='ocrx_word' id='word_1_244' title='bbox 406 3059 510 3124; x_wconf 88' lang='lat' dir='ltr'>Ne</span> <span class='ocrx_word' id='word_1_245' title='bbox 563 3058 753 3141; x_wconf 85' lang='lat' dir='ltr'>putes</span> <span class='ocrx_word' id='word_1_246' title='bbox 790 3058 998 3121; x_wconf 88' lang='lat' dir='ltr'>tamen</span> <span class='ocrx_word' id='word_1_247' title='bbox 1046 3056 1467 3120; x_wconf 89' lang='lat' dir='ltr'>iuramentum</span> <span class='ocrx_word' id='word_1_248' title='bbox 1514 3055 1587 3119; x_wconf 90' lang='lat' dir='ltr'>de</span> <span class='ocrx_word' id='word_1_249' title='bbox 1635 3074 1700 3118; x_wconf 91' lang='lat' dir='ltr'>re</span> <span class='ocrx_word' id='word_1_250' title='bbox 1748 3053 1963 3118; x_wconf 88' lang='lat' dir='ltr'>futura</span> <span class='ocrx_word' id='word_1_251' title='bbox 2011 3053 2251 3118; x_wconf 77' lang='lat' dir='ltr'>nudum</span> <span class='ocrx_word' id='word_1_252' title='bbox 2312 3056 2438 3119; x_wconf 86' lang='lat' dir='ltr'>tale</span> <span class='ocrx_word' id='word_1_253' title='bbox 2486 3075 2616 3119; x_wconf 85' lang='lat' dir='ltr'>esse</span> <span class='ocrx_word' id='word_1_254' title='bbox 2669 3057 2744 3120; x_wconf 90' lang='lat' dir='ltr'>ut</span> 
     </span>
     <span class='ocr_line' id='line_1_28' title="bbox 245 3156 2746 3242; baseline -0.002 -17"><span class='ocrx_word' id='word_1_255' title='bbox 245 3163 459 3227; x_wconf 86' lang='lat' dir='ltr'>solum</span> <span class='ocrx_word' id='word_1_256' title='bbox 511 3161 768 3225; x_wconf 90' lang='lat' dir='ltr'>iuretur</span> <span class='ocrx_word' id='word_1_257' title='bbox 804 3158 1192 3242; x_wconf 87' lang='lat' dir='ltr'>propositum</span> <span class='ocrx_word' id='word_1_258' title='bbox 1240 3176 1527 3241; x_wconf 88' lang='lat' dir='ltr'>praesens</span> <span class='ocrx_word' id='word_1_259' title='bbox 1574 3156 1871 3234; x_wconf 82' lang='lat' dir='ltr'>faciendi3</span> <span class='ocrx_word' id='word_1_260' title='bbox 1913 3157 2001 3220; x_wconf 89' lang='lat' dir='ltr'>sic</span> <span class='ocrx_word' id='word_1_261' title='bbox 2040 3158 2204 3221; x_wconf 89' lang='lat' dir='ltr'>enim</span> <span class='ocrx_word' id='word_1_262' title='bbox 2236 3177 2357 3222; x_wconf 91' lang='lat' dir='ltr'>non</span> <span class='ocrx_word' id='word_1_263' title='bbox 2390 3157 2552 3222; x_wconf 88' lang='lat' dir='ltr'>foret</span> <span class='ocrx_word' id='word_1_264' title='bbox 2582 3158 2746 3221; x_wconf 90' lang='lat' dir='ltr'>iura-</span> 
     </span>
     <span class='ocr_line' id='line_1_29' title="bbox 240 3259 2748 3342; baseline -0.002 -13"><span class='ocrx_word' id='word_1_265' title='bbox 240 3266 544 3329; x_wconf 89' lang='lat' dir='ltr'>mentum</span> <span class='ocrx_word' id='word_1_266' title='bbox 589 3262 668 3327; x_wconf 91' lang='lat' dir='ltr'>de</span> <span class='ocrx_word' id='word_1_267' title='bbox 704 3261 947 3326; x_wconf 87' lang='lat' dir='ltr'>futuro:</span> <span class='ocrx_word' id='word_1_268' title='bbox 976 3260 1081 3325; x_wconf 88' lang='lat' dir='ltr'>sed</span> <span class='ocrx_word' id='word_1_269' title='bbox 1106 3262 1349 3342; x_wconf 87' lang='lat' dir='ltr'>praeter</span> <span class='ocrx_word' id='word_1_270' title='bbox 1397 3261 1786 3342; x_wconf 88' lang='lat' dir='ltr'>propositum</span> <span class='ocrx_word' id='word_1_271' title='bbox 1813 3278 2101 3342; x_wconf 88' lang='lat' dir='ltr'>praesens</span> <span class='ocrx_word' id='word_1_272' title='bbox 2129 3259 2294 3341; x_wconf 91' lang='lat' dir='ltr'>quod</span> <span class='ocrx_word' id='word_1_273' title='bbox 2323 3259 2623 3323; x_wconf 85' lang='lat' dir='ltr'>asseritur</span> <span class='ocrx_word' id='word_1_274' title='bbox 2646 3259 2748 3323; x_wconf 85' lang='lat' dir='ltr'>vel</span> 
     </span>
     <span class='ocr_line' id='line_1_30' title="bbox 244 3360 2745 3451; baseline -0.003 -21"><span class='ocrx_word' id='word_1_275' title='bbox 244 3367 666 3451; x_wconf 89' lang='lat' dir='ltr'>supponitur,</span> <span class='ocrx_word' id='word_1_276' title='bbox 725 3365 970 3428; x_wconf 89' lang='lat' dir='ltr'>iuratur</span> <span class='ocrx_word' id='word_1_277' title='bbox 1014 3362 1296 3446; x_wconf 88' lang='lat' dir='ltr'>impletio</span> <span class='ocrx_word' id='word_1_278' title='bbox 1346 3362 1434 3425; x_wconf 90' lang='lat' dir='ltr'>rei</span> <span class='ocrx_word' id='word_1_279' title='bbox 1480 3362 1695 3425; x_wconf 84' lang='lat' dir='ltr'>futura</span> <span class='ocrx_word' id='word_1_280' title='bbox 1743 3363 1807 3424; x_wconf 88' lang='lat' dir='ltr'>et</span> <span class='ocrx_word' id='word_1_281' title='bbox 1854 3360 1942 3425; x_wconf 88' lang='lat' dir='ltr'>sic</span> <span class='ocrx_word' id='word_1_282' title='bbox 2000 3360 2302 3444; x_wconf 82' lang='lat' dir='ltr'>obligatio</span> <span class='ocrx_word' id='word_1_283' title='bbox 2353 3360 2745 3424; x_wconf 86' lang='lat' dir='ltr'>contrahitur</span> 
     </span>
     <span class='ocr_line' id='line_1_31' title="bbox 241 3460 2744 3548; baseline -0.004 -14"><span class='ocrx_word' id='word_1_284' title='bbox 241 3469 575 3536; x_wconf 87' lang='lat' dir='ltr'>efficiendi</span> <span class='ocrx_word' id='word_1_285' title='bbox 617 3486 835 3531; x_wconf 86' lang='lat' dir='ltr'>verum</span> <span class='ocrx_word' id='word_1_286' title='bbox 868 3485 997 3531; x_wconf 89' lang='lat' dir='ltr'>esse</span> <span class='ocrx_word' id='word_1_287' title='bbox 1035 3464 1201 3548; x_wconf 90' lang='lat' dir='ltr'>quod</span> <span class='ocrx_word' id='word_1_288' title='bbox 1239 3464 1521 3528; x_wconf 90' lang='lat' dir='ltr'>iuratum</span> <span class='ocrx_word' id='word_1_289' title='bbox 1553 3466 1667 3535; x_wconf 88' lang='lat' dir='ltr'>est,</span> <span class='ocrx_word' id='word_1_290' title='bbox 1701 3465 1776 3526; x_wconf 91' lang='lat' dir='ltr'>ut</span> <span class='ocrx_word' id='word_1_291' title='bbox 1809 3462 1900 3525; x_wconf 89' lang='lat' dir='ltr'>ait</span> <span class='ocrx_word' id='word_1_292' title='bbox 1932 3481 1981 3525; x_wconf 85' lang='lat' dir='ltr'>S.</span> <span class='ocrx_word' id='word_1_293' title='bbox 2016 3462 2236 3525; x_wconf 84' lang='lat' dir='ltr'>Thom.</span> <span class='ocrx_word' id='word_1_294' title='bbox 2267 3480 2322 3524; x_wconf 89' lang='lat' dir='ltr'>a.</span> <span class='ocrx_word' id='word_1_295' title='bbox 2369 3461 2425 3523; x_wconf 88' lang='lat'>7.</span> <span class='ocrx_word' id='word_1_296' title='bbox 2461 3460 2621 3539; x_wconf 84' lang='lat' dir='ltr'>Quia</span> <span class='ocrx_word' id='word_1_297' title='bbox 2652 3481 2744 3525; x_wconf 86' lang='lat' dir='ltr'>as-</span> 
     </span>
     <span class='ocr_line' id='line_1_32' title="bbox 241 3562 2745 3651; baseline -0.005 -14"><span class='ocrx_word' id='word_1_298' title='bbox 241 3574 438 3637; x_wconf 86' lang='lat' dir='ltr'>sertio</span> <span class='ocrx_word' id='word_1_299' title='bbox 481 3571 585 3636; x_wconf 88' lang='lat' dir='ltr'>rei</span> <span class='ocrx_word' id='word_1_300' title='bbox 628 3569 878 3633; x_wconf 87' lang='lat' dir='ltr'>futurae</span> <span class='ocrx_word' id='word_1_301' title='bbox 911 3568 1273 3651; x_wconf 88' lang='lat' dir='ltr'>contingens</span> <span class='ocrx_word' id='word_1_302' title='bbox 1307 3567 1402 3630; x_wconf 89' lang='lat' dir='ltr'>est</span> <span class='ocrx_word' id='word_1_303' title='bbox 1455 3568 1517 3629; x_wconf 91' lang='lat' dir='ltr'>et</span> <span class='ocrx_word' id='word_1_304' title='bbox 1564 3566 1754 3647; x_wconf 89' lang='lat' dir='ltr'>prout</span> <span class='ocrx_word' id='word_1_305' title='bbox 1799 3564 1968 3641; x_wconf 88' lang='lat' dir='ltr'>talis,</span> <span class='ocrx_word' id='word_1_306' title='bbox 2019 3564 2287 3626; x_wconf 89' lang='lat' dir='ltr'>incerta:</span> <span class='ocrx_word' id='word_1_307' title='bbox 2324 3562 2745 3626; x_wconf 89' lang='lat' dir='ltr'>iuramentum</span> 
     </span>
     <span class='ocr_line' id='line_1_33' title="bbox 238 3663 2748 3747; baseline -0.006 -7"><span class='ocrx_word' id='word_1_308' title='bbox 238 3694 386 3740; x_wconf 83' lang='lat' dir='ltr'>vero</span> <span class='ocrx_word' id='word_1_309' title='bbox 440 3676 527 3740; x_wconf 89' lang='lat' dir='ltr'>de</span> <span class='ocrx_word' id='word_1_310' title='bbox 583 3691 652 3738; x_wconf 90' lang='lat' dir='ltr'>re</span> <span class='ocrx_word' id='word_1_311' title='bbox 698 3673 869 3736; x_wconf 85' lang='lat' dir='ltr'>certa</span> <span class='ocrx_word' id='word_1_312' title='bbox 906 3690 1036 3735; x_wconf 89' lang='lat' dir='ltr'>esse</span> <span class='ocrx_word' id='word_1_313' title='bbox 1067 3669 1274 3734; x_wconf 88' lang='lat' dir='ltr'>debet:</span> <span class='ocrx_word' id='word_1_314' title='bbox 1310 3667 1529 3733; x_wconf 82' lang='lat' dir='ltr'>evadet</span> <span class='ocrx_word' id='word_1_315' title='bbox 1567 3669 1780 3731; x_wconf 89' lang='lat' dir='ltr'>autem</span> <span class='ocrx_word' id='word_1_316' title='bbox 1812 3684 1909 3729; x_wconf 90' lang='lat' dir='ltr'>res</span> <span class='ocrx_word' id='word_1_317' title='bbox 1943 3664 2112 3728; x_wconf 86' lang='lat' dir='ltr'>certa</span> <span class='ocrx_word' id='word_1_318' title='bbox 2143 3663 2396 3741; x_wconf 89' lang='lat' dir='ltr'>iuranti,</span> <span class='ocrx_word' id='word_1_319' title='bbox 2432 3664 2479 3727; x_wconf 90' lang='lat' dir='ltr'>si</span> <span class='ocrx_word' id='word_1_320' title='bbox 2511 3663 2748 3747; x_wconf 86' lang='lat' dir='ltr'>obliga-</span> 
     </span>
     <span class='ocr_line' id='line_1_34' title="bbox 238 3766 2744 3851; baseline -0.006 -9"><span class='ocrx_word' id='word_1_321' title='bbox 238 3778 489 3842; x_wconf 89' lang='lat' dir='ltr'>tionem</span> <span class='ocrx_word' id='word_1_322' title='bbox 530 3775 674 3839; x_wconf 88' lang='lat' dir='ltr'>eius</span> <span class='ocrx_word' id='word_1_323' title='bbox 707 3773 795 3838; x_wconf 87' lang='lat' dir='ltr'>rei</span> <span class='ocrx_word' id='word_1_324' title='bbox 842 3772 1154 3837; x_wconf 87' lang='lat' dir='ltr'>faciendae</span> <span class='ocrx_word' id='word_1_325' title='bbox 1186 3772 1249 3835; x_wconf 91' lang='lat' dir='ltr'>in</span> <span class='ocrx_word' id='word_1_326' title='bbox 1281 3788 1344 3834; x_wconf 89' lang='lat' dir='ltr'>se</span> <span class='ocrx_word' id='word_1_327' title='bbox 1377 3769 1695 3851; x_wconf 86' lang='lat' dir='ltr'>suscipiat.</span> <span class='ocrx_word' id='word_1_328' title='bbox 1731 3766 1889 3832; x_wconf 84' lang='lat' dir='ltr'>Cum</span> <span class='ocrx_word' id='word_1_329' title='bbox 1924 3785 2070 3851; x_wconf 88' lang='lat' dir='ltr'>ergo</span> <span class='ocrx_word' id='word_1_330' title='bbox 2097 3767 2267 3830; x_wconf 89' lang='lat' dir='ltr'>iurat</span> <span class='ocrx_word' id='word_1_331' title='bbox 2297 3785 2362 3830; x_wconf 91' lang='lat' dir='ltr'>se</span> <span class='ocrx_word' id='word_1_332' title='bbox 2409 3766 2744 3845; x_wconf 86' lang='lat' dir='ltr'>facturum,</span> 
     </span>
     <span class='ocr_line' id='line_1_35' title="bbox 233 3866 2746 3964; baseline -0.005 -18"><span class='ocrx_word' id='word_1_333' title='bbox 233 3900 298 3945; x_wconf 87' lang='lat' dir='ltr'>se</span> <span class='ocrx_word' id='word_1_334' title='bbox 331 3879 613 3964; x_wconf 83' lang='lat' dir='ltr'>obligat</span> <span class='ocrx_word' id='word_1_335' title='bbox 658 3875 736 3940; x_wconf 88' lang='lat' dir='ltr'>ad</span> <span class='ocrx_word' id='word_1_336' title='bbox 780 3874 1149 3952; x_wconf 86' lang='lat' dir='ltr'>faciendum,</span> <span class='ocrx_word' id='word_1_337' title='bbox 1189 3874 1413 3937; x_wconf 86' lang='lat' dir='ltr'>saltem</span> <span class='ocrx_word' id='word_1_338' title='bbox 1447 3871 1829 3955; x_wconf 86' lang='lat' dir='ltr'>obligatione</span> <span class='ocrx_word' id='word_1_339' title='bbox 1875 3869 2213 3953; x_wconf 88' lang='lat' dir='ltr'>religionis.</span> <span class='ocrx_word' id='word_1_340' title='bbox 2249 3866 2342 3933; x_wconf 85' lang='lat' dir='ltr'>Cf.</span> <span class='ocrx_word' id='word_1_341' title='bbox 2395 3867 2621 3935; x_wconf 86' lang='lat' dir='ltr'>Suarez</span> <span class='ocrx_word' id='word_1_342' title='bbox 2670 3868 2746 3934; x_wconf 82' lang='lat' dir='ltr'>de</span> 
     </span>
     <span class='ocr_line' id='line_1_36' title="bbox 229 3976 1369 4058; baseline -0.007 -11"><span class='ocrx_word' id='word_1_343' title='bbox 229 3981 495 4049; x_wconf 76' lang='lat' dir='ltr'>Iuram.</span> <span class='ocrx_word' id='word_1_344' title='bbox 537 3981 596 4043; x_wconf 88' lang='lat' dir='ltr'>t.</span> <span class='ocrx_word' id='word_1_345' title='bbox 636 3980 697 4042; x_wconf 86' lang='lat'>2.</span> <span class='ocrx_word' id='word_1_346' title='bbox 734 3997 784 4041; x_wconf 89' lang='lat' dir='ltr'>c.</span> <span class='ocrx_word' id='word_1_347' title='bbox 825 3978 882 4042; x_wconf 90' lang='lat'>1.</span> <span class='ocrx_word' id='word_1_348' title='bbox 923 3998 984 4041; x_wconf 88' lang='lat' dir='ltr'>n.</span> <span class='ocrx_word' id='word_1_349' title='bbox 1022 3978 1123 4041; x_wconf 86' lang='lat'>11.</span> <span class='ocrx_word' id='word_1_350' title='bbox 1151 3976 1369 4058; x_wconf 86' lang='lat' dir='ltr'>seqq.*</span> 
     </span>
    </p>

    <p class='ocr_par' dir='ltr' id='par_1_7' title="bbox 223 4075 2752 4354">
     <span class='ocr_line' id='line_1_37' title="bbox 322 4075 2752 4161; baseline -0.006 -11"><span class='ocrx_word' id='word_1_351' title='bbox 322 4085 654 4150; x_wconf 82' lang='lat' dir='ltr'>Diximus</span> <span class='ocrx_word' id='word_1_352' title='bbox 684 4081 748 4144; x_wconf 92' lang='lat' dir='ltr'>in</span> <span class='ocrx_word' id='word_1_353' title='bbox 784 4080 1136 4144; x_wconf 91' lang='lat' dir='ltr'>iuramento</span> <span class='ocrx_word' id='word_1_354' title='bbox 1182 4077 1580 4161; x_wconf 86' lang='lat' dir='ltr'>promissorio</span> <span class='ocrx_word' id='word_1_355' title='bbox 1622 4076 2070 4160; x_wconf 86' lang='lat' dir='ltr'>obligationem</span> <span class='ocrx_word' id='word_1_356' title='bbox 2119 4075 2271 4139; x_wconf 90' lang='lat' dir='ltr'>oriri</span> <span class='ocrx_word' id='word_1_357' title='bbox 2315 4075 2596 4137; x_wconf 75' lang='lat' dir='ltr'>iustitiae</span> <span class='ocrx_word' id='word_1_358' title='bbox 2635 4076 2752 4136; x_wconf 89' lang='lat' dir='ltr'>aut</span> 
     </span>
     <span class='ocr_line' id='line_1_38' title="bbox 223 4174 2748 4268; baseline -0.006 -16"><span class='ocrx_word' id='word_1_359' title='bbox 223 4185 602 4268; x_wconf 75' lang='lat' dir='ltr'>fidelitatis</span> <span class='ocrx_word' id='word_1_360' title='bbox 622 4201 645 4258; x_wconf 89' lang='lat'><em>;</em></span> <span class='ocrx_word' id='word_1_361' title='bbox 669 4182 816 4263; x_wconf 85' lang='lat' dir='ltr'>quia</span> <span class='ocrx_word' id='word_1_362' title='bbox 849 4200 970 4247; x_wconf 90' lang='lat' dir='ltr'>non</span> <span class='ocrx_word' id='word_1_363' title='bbox 1005 4181 1204 4245; x_wconf 91' lang='lat' dir='ltr'>omnis</span> <span class='ocrx_word' id='word_1_364' title='bbox 1236 4180 1563 4262; x_wconf 88' lang='lat' dir='ltr'>promissio</span> <span class='ocrx_word' id='word_1_365' title='bbox 1599 4179 1840 4263; x_wconf 88' lang='lat' dir='ltr'>obligat</span> <span class='ocrx_word' id='word_1_366' title='bbox 1871 4197 1943 4242; x_wconf 92' lang='lat' dir='ltr'>ex</span> <span class='ocrx_word' id='word_1_367' title='bbox 1979 4177 2247 4254; x_wconf 90' lang='lat' dir='ltr'>iustitia,</span> <span class='ocrx_word' id='word_1_368' title='bbox 2288 4178 2362 4240; x_wconf 91' lang='lat' dir='ltr'>ut</span> <span class='ocrx_word' id='word_1_369' title='bbox 2399 4174 2748 4239; x_wconf 84' lang='lat' dir='ltr'>videbimus</span> 
     </span>
     <span class='ocr_line' id='line_1_39' title="bbox 226 4281 1167 4354; baseline -0.012 1"><span class='ocrx_word' id='word_1_370' title='bbox 226 4290 293 4354; x_wconf 83' lang='lat' dir='ltr'>‘m</span> <span class='ocrx_word' id='word_1_371' title='bbox 326 4291 541 4354; x_wconf 80' lang='lat' dir='ltr'>tract.</span> <span class='ocrx_word' id='word_1_372' title='bbox 585 4282 669 4347; x_wconf 84' lang='lat' dir='ltr'>de</span> <span class='ocrx_word' id='word_1_373' title='bbox 709 4281 1167 4346; x_wconf 71' lang='lat' dir='ltr'>Conbractibus.</span> 
     </span>
    </p>

    <p class='ocr_par' dir='ltr' id='par_1_8' title="bbox 231 4375 2752 4569">
     <span class='ocr_line' id='line_1_40' title="bbox 319 4375 2752 4466; baseline -0.007 -9"><span class='ocrx_word' id='word_1_374' title='bbox 319 4392 550 4457; x_wconf 89' lang='lat' dir='ltr'>Porro</span> <span class='ocrx_word' id='word_1_375' title='bbox 594 4403 760 4466; x_wconf 88' lang='lat' dir='ltr'>quae</span> <span class='ocrx_word' id='word_1_376' title='bbox 790 4384 856 4447; x_wconf 90' lang='lat' dir='ltr'>in</span> <span class='ocrx_word' id='word_1_377' title='bbox 887 4383 1005 4447; x_wconf 90' lang='lat' dir='ltr'>hoc</span> <span class='ocrx_word' id='word_1_378' title='bbox 1029 4382 1216 4448; x_wconf 88' lang='lat' dir='ltr'>dubio</span> <span class='ocrx_word' id='word_1_379' title='bbox 1249 4382 1557 4458; x_wconf 85' lang='lat' dir='ltr'>dicuntur,</span> <span class='ocrx_word' id='word_1_380' title='bbox 1598 4381 1677 4444; x_wconf 86' lang='lat' dir='ltr'>ad</span> <span class='ocrx_word' id='word_1_381' title='bbox 1723 4382 2058 4461; x_wconf 86' lang='lat' dir='ltr'>utrumque</span> <span class='ocrx_word' id='word_1_382' title='bbox 2105 4378 2526 4442; x_wconf 86' lang='lat' dir='ltr'>iuramentum</span> <span class='ocrx_word' id='word_1_383' title='bbox 2563 4375 2636 4439; x_wconf 89' lang='lat' dir='ltr'>de</span> <span class='ocrx_word' id='word_1_384' title='bbox 2684 4394 2752 4439; x_wconf 90' lang='lat' dir='ltr'>re</span> 
     </span>
     <span class='ocr_line' id='line_1_41' title="bbox 231 4478 2533 4569; baseline -0.007 -11"><span class='ocrx_word' id='word_1_385' title='bbox 231 4494 487 4569; x_wconf 85' lang='lat' dir='ltr'>futura,</span> <span class='ocrx_word' id='word_1_386' title='bbox 531 4488 681 4553; x_wconf 83' lang='lat' dir='ltr'>sive</span> <span class='ocrx_word' id='word_1_387' title='bbox 704 4484 942 4550; x_wconf 89' lang='lat' dir='ltr'>nudum</span> <span class='ocrx_word' id='word_1_388' title='bbox 975 4484 1103 4549; x_wconf 86' lang='lat' dir='ltr'>sive</span> <span class='ocrx_word' id='word_1_389' title='bbox 1141 4484 1384 4565; x_wconf 88' lang='lat' dir='ltr'>proprie</span> <span class='ocrx_word' id='word_1_390' title='bbox 1415 4482 1907 4565; x_wconf 86' lang='lat' dir='ltr'>promissorium,</span> <span class='ocrx_word' id='word_1_391' title='bbox 1943 4481 2201 4544; x_wconf 88' lang='lat' dir='ltr'>subinde</span> <span class='ocrx_word' id='word_1_392' title='bbox 2234 4478 2533 4561; x_wconf 87' lang='lat' dir='ltr'>spectant.</span> 
     </span>
    </p>
   </div>
  </div>
 </body>
</html>
