3497 5147
724 368 796 424 32
1091 381 1302 422 ‘tuac-r.
1343 383 1398 423 v.
1438 380 1597 422 sac-r.
1639 381 1677 420 1.
1717 380 1803 420 ma
1840 379 2215 421 Passennus
2250 381 2439 422 rrnm.
2477 381 2676 424 carm·
2713 379 2804 422 111.
3078 366 3190 442 [50]

723 480 914 543 etiam
939 479 1003 542 in
1036 498 1293 561 persona
1320 478 1585 562 privata,
1614 477 1972 562 vulgarisne
2004 477 2089 542 sit
2123 496 2200 541 an
2225 495 2485 560 persona
2516 477 2728 562 gravis
2760 480 2877 541 etc.
2918 501 2954 537 ›
2992 478 3194 561 (Haec

722 581 902 665 Lugo
939 582 1146 645 innuit
1190 601 1249 645 11.
1286 583 1440 665 37.).

813 682 1035 747 Subdit
1072 702 1254 766 porro
1286 683 1511 747 Suarez
1544 683 1690 747 ibid.
1726 704 1786 747 n.
1822 683 1919 746 6.:
1967 707 2002 741 ‹
2028 683 2164 747 Hae
2195 682 2622 747 distinctiones
2652 681 3007 747 materiales
3039 684 3191 746 sunt

723 786 800 848 ad
832 786 1255 869 explicandam
1293 786 1828 850 circumstantiam
1862 785 2178 867 temporie,
2205 804 2315 868 pro
2348 803 2471 866 quo
2506 785 2748 869 obligat
2790 786 3190 868 praeceptum

721 888 1053 953 confitendi
1083 888 1264 953 fidem
1305 891 1367 953 et
1404 890 1846 971 consequenter
1876 907 2067 971 prava
2099 890 2195 952 est
2236 888 2570 953 occultatio
2617 888 2778 952 fidei.
2826 886 2990 953 Nam
3036 888 3190 952 haec

722 991 1025 1076 obligatio
1055 1010 1175 1056 non
1207 991 1483 1055 nascitur
1514 1010 1585 1054 ex
1616 991 1924 1072 qualitate
1955 990 2054 1056 vel
2082 992 2392 1073 potestate
2430 1008 2723 1074 personae
2744 989 3194 1074 interrogantis

720 1095 824 1158 sed
872 1114 941 1158 ex
991 1095 1327 1167 occasione,
1373 1094 1439 1158 in
1487 1114 1609 1175 qua
1656 1112 1779 1158 non
1826 1095 2034 1177 potest
2081 1092 2380 1158 occultari
2426 1092 2575 1156 fides
2606 1093 2737 1157 sine
2783 1093 2963 1177 gravi
3010 1093 3188 1157 dimi-

716 1197 973 1261 nutione
1019 1195 1210 1261 divini
1244 1197 1494 1261 honoris
1515 1200 1626 1260 aut
1658 1196 2028 1260 detrimento
2060 1195 2373 1278 spirituali
2421 1196 2907 1278 proximorum...
2941 1195 3024 1258 Et
3044 1194 3185 1259 ideo

717 1318 938 1383 parum
986 1299 1190 1375 refert,
1232 1300 1395 1381 quod
1443 1318 1670 1383 rogans
1703 1299 1788 1362 sit
1819 1298 2103 1381 proprius
2135 1317 2239 1362 rex
2268 1298 2367 1362 vel
2407 1298 2663 1375 alienuS‚
2697 1317 2840 1363 cum
2879 1297 3184 1383 obligatio

716 1420 841 1465 non
888 1401 1129 1465 oriatur
1175 1421 1245 1465 ex
1314 1401 1738 1464 iurisdictione
1800 1401 2103 1484 rogantis.
2169 1401 2251 1465 Et
2298 1402 2376 1465 ob
2423 1400 2678 1465 eandem
2724 1420 2979 1465 causam
3024 1402 3182 1465 nihil

719 1504 1013 1580 obstabit,
1048 1503 1213 1585 quod
1261 1522 1521 1586 persona
1569 1502 1850 1587 rogantis
1904 1504 1989 1567 sit
2034 1503 2308 1586 privata;
2357 1523 2502 1568 nam
2548 1503 2604 1567 si
2649 1504 2895 1587 rogatio
2944 1504 3028 1568 sit
3074 1523 3185 1587 pu-

715 1606 896 1681 blica,
931 1608 1228 1689 poterunt
1273 1605 1485 1670 eadem
1533 1605 1925 1669 incommoda
1971 1605 2163 1687 sequi,
2214 1625 2335 1669 non
2367 1604 2713 1669 confitendo
2746 1604 2929 1669 fidem
2961 1605 3023 1668 in
3061 1606 3180 1670 tali

716 1710 981 1774 articulo
1030 1712 1093 1773 et
1140 1709 1328 1773 simili
1361 1709 1565 1785 mod0,
1606 1710 1892 1790 quamvis
1927 1709 2173 1791 rogatio
2212 1709 2458 1791 privata
2491 1708 2574 1772 sit
2607 1710 2796 1790 atque
2826 1709 3018 1773 etiam
3049 1728 3182 1791 per-

714 1830 865 1875 sona
912 1831 1160 1896 rogans,
1196 1815 1248 1876 si
1288 1816 1495 1876 tamen
1542 1812 1653 1876 illa
1700 1813 1783 1876 sit
1830 1812 2040 1896 gravis
2088 1812 2151 1873 et
2186 1810 2386 1893 possit
2421 1810 2694 1875 multum
2716 1810 2860 1875 fidei
2892 1810 3180 1893 prodesse

715 1914 815 1976 vel
846 1933 1081 1992 nocere,
1110 1916 1187 1978 ad
1225 1916 1455 1979 dictam
1497 1915 1944 1997 obligationem
1993 1913 2277 1977 sufficiet.
2327 1913 2533 1997 Igitur
2573 1931 2783 1978 omnes
2828 1912 3180 1995 praedictae

712 2015 1140 2081 distinctiones
1181 2036 1250 2081 eo
1298 2017 1564 2081 tendunt
1610 2019 1683 2079 ut
1729 2017 1904 2078 iuxta
1950 2016 2092 2079 illas
2125 2016 2629 2080 circumstantiae
2662 2034 2871 2079 omnes
2909 2014 3181 2079 conside-

712 2117 928 2181 rentur
962 2118 1034 2180 ad
1071 2118 1387 2181 ferendum
1434 2117 1699 2199 prudens
1747 2117 2046 2180 iudicium
2082 2117 2156 2181 de
2189 2118 2553 2182 necessitate
2584 2117 2901 2201 legitimae
2931 2136 3180 2200 respon·

712 2219 905 2284 sionis
960 2221 1024 2284 et
1086 2223 1268 2303 aptae
1317 2220 1714 2285 confessionis
1761 2218 1902 2282 fidei
1941 2222 2192 2303 propter
2259 2219 2538 2284 debitum
2585 2220 2880 2284 honorem
2933 2219 3050 2283 Dei
3110 2220 3176 2282 et

710 2321 1084 2386 christianae
1131 2322 1451 2408 religionis
1484 2348 1543 2386 ».

800 2420 964 2485 Hinc
1010 2421 1189 2506 Lugo
1236 2424 1569 2504 postquam
1616 2441 1676 2485 11.
1713 2423 1818 2484 37.
1853 2421 2058 2485 innuit
2094 2422 2238 2485 illas
2279 2422 2725 2499 distinctione8‚
2780 2421 2845 2485 in
2891 2420 3012 2486 fine
3072 2419 3175 2485 ad-

709 2525 933 2591 vertit:
980 2550 1016 2585 «
1048 2525 1225 2591 Unde
1256 2526 1549 2601 inferunt,
1590 2526 1737 2609 quia
1770 2524 1834 2589 id
1865 2525 2024 2608 (scil.
2065 2525 2229 2608 quod
2267 2526 2352 2591 sit
2381 2525 2673 2591 illicitum
2712 2525 3060 2608 silentium)
3082 2543 3174 2589 re—

708 2628 1015 2713 gulariter
1052 2628 1360 2711 contingit
1405 2628 1469 2691 in
1516 2627 2004 2712 interrogatione
2052 2629 2216 2693 facta
2265 2630 2342 2693 ab
2390 2630 2636 2694 homine
2690 2628 2955 2693 habente
3000 2631 3171 2712 pote-

708 2732 938 2794 statem
985 2729 1317 2812 publicam,
1351 2729 1487 2794 ideo
1536 2750 1673 2794 eam
1718 2731 2004 2815 regulam
2050 2733 2115 2796 et
2159 2732 2621 2797 distinctionem
2666 2731 2854 2797 fuisse
2903 2732 2983 2796 ab
3028 2731 3169 2795 aliis

710 2831 1033 2911 traditam,
1067 2832 1213 2897 licet
1243 2851 1365 2897 non
1399 2833 1482 2897 sit
1514 2833 1948 2898 universaliter
1979 2853 2050 2898 ac
2096 2834 2444 2898 formaliter
2474 2853 2620 2899 vera
2656 2859 2693 2894 ›
2738 2833 2850 2916 (a).

774 2973 933 3027 xxti.
963 2978 1011 3028 3.
1040 2977 1142 3028 Non
1170 2983 1311 3038 negat
1339 2977 1498 3036 fldem,
1527 2977 1611 3028 sed
1653 2975 1830 3042 prodit,
1859 2975 1938 3042 qui
1980 2976 2116 3039 rugit,
2143 2979 2272 3042 quod
2315 2975 2406 3029 etsi
2447 2974 2604 3038 liceat,
2634 2991 2729 3029 non
2761 2983 2919 3029 tamen
2950 2975 3159 3041 Pastori,

703 3065 816 3112 tunc
842 3074 952 3112 cum
981 3059 1088 3112 01110
1113 3075 1261 3126 opera
1284 3074 1406 3113 oves
1430 3059 1669 3125 indigent:
1696 3060 1767 3113 uti
1792 3069 1976 3122 contra,
2005 3060 2045 3112 si
2073 3060 2146 3113 eis
2172 3061 2444 3114 consultius
2470 3067 2561 3126 est,
2589 3067 2644 3114 ut
2673 3063 2733 3115 ad
2758 3069 2952 3128 tempus
2970 3075 3024 3116 se
3050 3063 3165 3115 sub-

699 3145 845 3196 ducat
864 3146 981 3197 etin
1004 3147 1184 3198 bonum
1206 3159 1368 3198 earum
1389 3152 1624 3208 reservet,
1645 3152 1839 3200 tenetur
1861 3150 2043 3210 fugere.
2065 3148 2182 3209 Reg.
2197 3149 2227 3198 1.
2255 3147 2395 3200 17.11.
2410 3148 2493 3199 26.
2508 3147 2758 3209 Reae-9„
2774 3146 3046 3200 Fin.n.75.
3069 3153 3162 3200 etc.

792 3248 913 3323 50.
942 3253 1341 3337 Reginald11S‚
1365 3275 1549 3336 quem
1582 3255 1820 3319 Auctor
1846 3254 2098 3339 allegat,
2133 3254 2383 3318 Praxis
2403 3254 2897 3318 Poenitentialis
2919 3256 3027 3319 lib.
3057 3255 3160 3318 17.

698 3374 757 3417 11.
802 3355 904 3418 26.
956 3355 1111 3419 duos
1158 3375 1337 3420 casus
1386 3357 1631 3440 excipit,
1666 3357 1727 3421 in
1779 3357 2002 3439 quibus
2049 3356 2202 3442 fuga
2249 3377 2372 3422 non
2419 3359 2582 3436 licet,
2632 3357 2879 3439 quando
2927 3357 3164 3422 scilicet

699 3455 864 3521 adsit
897 3457 1197 3524 alteruter
1234 3479 1304 3523 ex
1336 3460 1601 3536 casibuS,
1642 3459 1703 3523 in
1753 3458 1979 3540 quibus
2028 3458 2203 3523 adest
2251 3460 2552 3544 obligatio
2599 3459 2931 3543 profitendi
2975 3460 3159 3525 fidem

696 3560 760 3623 et
798 3562 944 3624 sunt
981 3561 1046 3624 1ο
1079 3561 1422 3626 subtractio
1457 3561 1649 3626 divini
1695 3561 1967 3634 honoris,
2011 3564 2080 3624 2⁰
2116 3562 2448 3627 necessitas
2495 3562 2624 3626 sive
2670 3563 2918 3628 utilitas
2965 3564 3163 3647 proxi·

694 3683 976 3728 morum:
1026 3683 1150 3747 qua
1197 3664 1270 3729 de
1317 3685 1381 3728 re
1430 3666 1640 3728 actum
1689 3667 1784 3727 est
1831 3664 1894 3727 in
1942 3664 2129 3728 dubio
2178 3664 2588 3747 praecedenti.

786 3765 963 3845 Quod
990 3769 1200 3831 autem
1226 3767 1378 3832 dicit
1401 3767 1474 3831 A.
1503 3767 1668 3849 quod
1692 3767 1937 3850 fugiens
1961 3786 2082 3831 non
2108 3770 2316 3851 negat,
2345 3767 2446 3831 sed
2470 3765 2692 3846 prodit
2711 3767 2918 3847 fidem,
2945 3786 3160 3834 sensus

695 3871 808 3944 est,
845 3869 1011 3951 quod
1042 3870 1226 3935 fidem
1274 3890 1453 3935 suam
1498 3869 1899 3948 manifestam
1927 3870 2097 3933 facit.
2147 3870 2249 3933 Ita
2296 3869 2520 3935 Becan.
2553 3869 2628 3934 de
2680 3870 2909 3934 Virtut.
2945 3870 3155 3935 Theol.

694 3990 826 4055 cap.
864 3974 922 4037 9.
958 3993 1015 4054 q.
1057 3974 1117 4035 4.
1153 3994 1212 4036 n.
1260 3974 1393 4036 10.:
1438 3999 1473 4028 ‹<
1506 3971 1625 4051 Qui
1658 3971 1888 4055 fugit...
1924 3990 2046 4035 non
2080 3971 2392 4055 significat
2438 3991 2544 4056 per
2590 3991 2769 4038 suam
2814 3973 3051 4057 fugam,
3092 3992 3158 4038 se

692 4092 814 4138 non
849 4094 980 4140 esse
1011 4075 1420 4140 christianum
1468 4074 1566 4138 vel
1612 4094 1837 4157 negare
1885 4093 1948 4138 se
1987 4072 2189 4150 fidem,
2240 4075 2344 4139 sed
2395 4075 2603 4157 potius
2650 4074 3052 4155 contrarium,
3093 4095 3158 4140 se

693 4177 856 4242 nolle
902 4178 1086 4242 fidem
1133 4198 1357 4261 negare
1404 4180 1467 4241 et
1512 4176 1648 4241 ideo
1696 4177 1909 4260 sugere
1956 4177 2298 4259 periculum
2346 4178 2612 4263 negandi
2645 4204 2707 4244 ».

780 4280 960 4365 Lugo
996 4280 1152 4362 disp.
1194 4280 1293 4341 14.
1330 4295 1395 4342 n.
1431 4281 1567 4341 42:
1609 4303 1643 4336 «
1676 4279 1854 4362 Fuga
1894 4279 2225 4360 aliquando
2258 4280 2478 4345 illicita
2512 4300 2642 4347 esse
2673 4283 2899 4364 potest,
2940 4301 3157 4365 nempe

692 4384 746 4446 si
777 4383 888 4446 fiat
920 4402 1060 4446 cum
1094 4382 1317 4444 damno
1351 4381 1663 4462 spirituali
1698 4382 1964 4444 aliorum
1999 4381 2293 4461 fidelium,
2330 4385 2556 4465 quibus
2603 4384 2823 4448 debeas
2865 4385 3153 4449 assistere

778 4613 839 4663 (a)
871 4610 940 4652 Cf.
975 4610 1231 4664 Responsa
1259 4623 1295 4652 s.
1327 4610 1377 4653 C.
1412 4611 1504 4652 sub
1531 4624 1580 4653 n.
1611 4613 1680 4655 98.
1711 4611 1768 4654 E.
