3497 5147
692 330 803 385 570
1001 346 1213 387 macr.
1230 348 1310 389 vr.
1337 347 1499 388 sacr.
1522 349 1610 390 111.
1636 350 1721 389 nn
1744 350 1971 391 ‘ranno
1995 350 2567 392 PnAnc.mtcALo(31.
2587 351 2732 394 non.
2751 353 2842 393 111.
3017 336 3158 412 [776]

694 461 877 523 quem
909 442 1250 507 concedunt
1282 443 1444 526 apud
1480 463 1526 508 s.
1560 445 1747 528 Alph.
1775 465 1833 509 n.
1864 446 2014 509 314.
2042 446 2106 509 in
2138 446 2241 510 fin.
2276 464 2456 529 posse
2493 449 2643 513 tunc
2677 447 2868 512 aliam
2899 447 3156 513 Missam

694 544 959 609 audire?
1005 545 1140 609 Imo
1203 565 1402 611 nonne
1458 548 1819 622 concedunt,
1878 546 2278 625 sacerdotem,
2329 549 2440 630 qui
2496 549 2675 615 audit
2727 550 3155 630 confessioneS,

693 646 1046 710 satisfacere
1084 650 1408 731 praecepto
1443 649 1732 713 audiendi
1764 649 2071 714 Missam?

780 749 908 813 Alii
956 749 1258 815 obiiciunt
1303 751 1610 815 defectum
1656 751 1934 816 internae
1982 752 2369 825 attentionis,
2410 752 2577 834 quia,
2627 756 2703 819 ut
2750 754 2843 819 ait
2890 754 3159 820 Escobar

693 852 798 915 lib.
837 852 942 915 42.
982 872 1041 915 n.
1083 853 1229 916 183.
1270 876 1306 911 <1
1338 853 1614 917 continet
1650 853 2072 918 narrationem
2103 856 2500 936 peccatorum
2539 856 2850 920 attentam
2880 875 2952 920 ex
2983 860 3157 939 parte

692 955 1065 1038 poenitentis
1105 958 1167 1019 et
1198 974 1270 1018 ex
1301 957 1473 1037 parte
1520 954 1878 1020 confessarii
1915 957 2489 1040 interrogationem,
2526 957 3032 1037 admonitionem,
3072 980 3159 1026 re·

694 1057 1159 1139 prehensionem
1196 1060 1260 1121 et
1292 1057 1416 1120 alia
1452 1057 1809 1122 huiusmodi
1842 1082 1904 1121 ».

782 1160 869 1221 At
920 1156 985 1220 1⁰
1017 1158 1264 1222 etiamsi
1309 1158 1578 1236 daretur,
1621 1159 1708 1224 sic
1756 1160 2015 1236 excludi,
2063 1162 2471 1226 attentionem
2514 1162 2886 1242 requisitam
2921 1164 3023 1245 (ut
3067 1165 3159 1229 ait

597 1285 606 1293 ·
693 1261 991 1344 Escobar)
1022 1261 1109 1323 ad
1140 1259 1560 1339 impletionem
1584 1263 1939 1341 praecepti;
1970 1265 2181 1328 tamen
2214 1283 2356 1328 cum
2404 1264 2720 1347 praedicta
2752 1286 2873 1332 non
2921 1286 3157 1349 semper

695 1362 1082 1447 contingant,
1116 1363 1278 1426 male
1314 1363 1455 1427 inde
1487 1363 1752 1427 infertur
1783 1366 2146 1447 generatim,
2181 1385 2304 1431 non
2342 1367 2588 1450 impleri
2620 1370 3044 1451 praeceptum:
3079 1369 3158 1434 ad

694 1485 1010 1530 summum
1041 1466 1103 1529 id
1134 1466 1516 1530 evinceretur
1552 1484 1662 1548 pro
1710 1485 1781 1531 eo
1814 1468 2062 1532 tantum
2108 1487 2277 1533 casu.
2316 1468 2534 1534 Nonne
2580 1470 2944 1545 admittunt,
2982 1490 3158 1554 posse

696 1569 1051 1636 satisfacere
1106 1570 1546 1635 confessarium
1573 1574 1602 1634 ’ἓ
1648 1571 1730 1635 Et
1774 1573 2053 1654 nunquid
2118 1573 2321 1638 minus
2368 1572 2740 1639 distrahitur
2800 1576 2918 1654 hic,
2968 1596 3157 1658 quam

694 1675 1014 1758 poenitens
1053 1674 1115 1737 et
1145 1692 1269 1738 non
1299 1673 1502 1757 magis
1536 1673 1676 1756 plus
1716 1673 2090 1738 distrahitur
2114 1679 2143 1739 P

876 1780 944 1841 2⁰
968 1777 1274 1853 AttentiO,
1300 1796 1459 1858 quae
1490 1777 1553 1840 in
1585 1776 1940 1858 praemissis
1974 1777 2417 1855 excluderetur,
2445 1777 2608 1843 foret
2638 1780 2912 1843 interna.
2938 1780 3156 1861 Atqui,

694 1884 770 1945 ut
805 1879 1060 1943 inferius
1104 1879 1252 1942 licet
1282 1879 1506 1956 videre,
1541 1878 1671 1942 sine
1709 1878 1842 1942 ulla
1880 1881 2031 1944 nota
2078 1879 2293 1964 negari
2340 1882 2566 1963 potest,
2601 1881 2906 1947 eiusmodi
2954 1883 3159 1946 atten-

698 1983 931 2047 tionem
966 2000 1093 2044 esse
1124 1981 1507 2062 requisitam.

876 2085 945 2146 3ο
968 2083 1184 2148 Nonne
1207 2083 1567 2158 concedunt,
1594 2083 1949 2147 satisfacere
1983 2086 2307 2167 praecepto
2342 2085 2480 2149 tum
2511 2085 2711 2164 illum,
2740 2086 2848 2167 qui
2879 2088 3160 2168 tempore

694 2189 924 2253 Missae
970 2187 1278 2252 examinet
1323 2186 1763 2252 conscientiam
1808 2187 1873 2251 in
1913 2187 2122 2251 ordine
2169 2188 2248 2252 ad
2294 2187 2756 2264 confessionem,
2791 2191 2931 2253 tum
2974 2189 3158 2253 illum

695 2291 802 2375 qui
832 2291 1060 2354 librum
1109 2289 1498 2372 spiritualem
1548 2291 1660 2353 aut
1704 2289 1767 2351 in
1803 2289 2062 2353 eundem
2111 2291 2314 2354 autin
2358 2291 2551 2355 alium
2597 2290 2784 2357 finem
2821 2292 3015 2376 legat,
3052 2292 3159 2355 ubi

694 2395 820 2458 sint
865 2395 930 2457 et
975 2392 1427 2457 admonitiones
1482 2393 1546 2455 et
1607 2390 2072 2455 adhortationes
2120 2393 2183 2456 et
2230 2392 2729 2474 reprehensiones
2755 2397 2784 2457 P
2831 2393 3156 2472 Quomodo

691 2497 904 2579 itaque
935 2494 1282 2560 excluditur
1314 2494 1435 2557 ista
1468 2493 1733 2556 attentio
1768 2512 1875 2576 per
1912 2492 2356 2558 confessionem
2406 2495 2715 2559 attentam
2747 2496 2814 2560 et
2845 2497 3156 2560 attentam

691 2599 1151 2682 responsionem
1183 2598 1247 2660 et
1275 2615 1398 2661 non
1445 2615 1551 2677 per
1598 2597 1912 2660 attentum
1958 2596 2367 2661 conscientiae
2413 2602 2715 2662 examen?
2745 2597 2908 2678 Quid
2953 2598 3158 2664 differt

694 2702 857 2765 inter
887 2699 1296 2764 monitionem
1328 2696 1610 2763 auditam
1649 2698 1761 2762 aut
1795 2697 2022 2762 lectam
2042 2701 2071 2761 ⁰?

876 2800 953 2865 4⁰
985 2802 1240 2866 Falsum
1272 2802 1386 2878 est,
1414 2820 1575 2876 eum,
1604 2800 1713 2882 qui
1748 2800 2099 2876 confitetur,
2135 2820 2256 2866 non
2293 2819 2473 2884 posse
2506 2802 2717 2884 aliquo
2750 2802 2935 2867 modo
2967 2803 3153 2869 etiam

695 2907 937 2970 interno
971 2905 1198 2968 Missae
1231 2904 1536 2979 assistere,
1565 2904 1701 2968 tum
1733 2902 1879 2985 quia
1913 2903 2317 2985 supponimus
2349 2904 2507 2967 hanc
2542 2905 2607 2968 in
2639 2923 2712 2969 eo
2744 2905 3152 2977 voluntatem,

697 3011 833 3073 tum
870 3007 1017 3090 quia
1065 3006 1331 3071 attentio
1380 3006 1684 3086 requisita
1727 3005 1793 3068 in
1840 3022 1909 3069 eo
1958 3005 2203 3081 residet,
2245 3006 2318 3069 ut
2363 3004 2577 3086 aliquo
2623 3006 2800 3070 modo
2848 3006 3152 3080 advertat,

695 3111 844 3193 quid
879 3110 1067 3173 faciat
1098 3108 1409 3173 sacerdos:
1439 3110 1575 3170 tum
1606 3107 1887 3188 denique,
1914 3107 2063 3188 quia
2093 3106 2260 3187 quod
2290 3107 2462 3173 deest
2490 3109 2768 3175 internae
2801 3109 3152 3182 attentioni,

694 3211 940 3295 supplet
972 3212 1179 3275 cultus
1216 3230 1323 3293 per
1361 3211 1556 3286 actuS,
1593 3227 1751 3290 quos
1783 3208 1977 3291 ponit,
2011 3227 2132 3272 non
2167 3228 2343 3274 secus
2376 3228 2448 3274 ac
2486 3210 2541 3274 si
2572 3211 2978 3276 examinando
3019 3230 3155 3275 con—

696 3314 1019 3379 scientiam
1066 3315 1180 3378 aut
1222 3311 1479 3396 legendo
1527 3311 1998 3375 meditationem
2042 3310 2266 3376 inferni
2327 3313 2759 3378 absorberetur
2803 3316 3029 3378 mente.
3076 3313 3157 3376 Et

694 3418 924 3482 mirum
962 3418 1074 3493 est,
1117 3416 1524 3480 attentionem
1558 3413 1968 3478 sufficientem
2001 3413 2274 3496 reperiri,
2308 3417 2384 3478 ut
2414 3414 2780 3512 videbimus,
2819 3416 2883 3481 in
2925 3435 3016 3488 eo,
3051 3416 3153 3497 qui

695 3520 1131 3586 confabulatur
1163 3520 1236 3583 de
1267 3539 1330 3583 re
1363 3538 1523 3583 vana
1556 3521 1617 3582 et
1650 3520 1864 3603 negari
1895 3518 1969 3581 de
2001 3536 2092 3596 eo,
2128 3519 2236 3600 qui
2267 3520 2520 3602 peccata
2551 3538 2665 3585 sua
2698 3520 3044 3585 confitetur.

786 3619 955 3692 778.
1007 3625 1097 3687 De
1146 3622 1524 3686 affirmativa
1570 3622 1879 3686 sententia
1911 3640 1959 3685 3.
1995 3621 2181 3703 Alph.
2216 3642 2275 3684 n.
2317 3621 2468 3684 314.
2503 3622 2748 3686 scribit:
2787 3645 2822 3679 «
2854 3622 3156 3687 Absolute

700 3729 909 3790 autem
946 3725 1122 3788 illam
1162 3726 1332 3789 tenet
1363 3728 1425 3788 et
1456 3724 1726 3788 consulit
1758 3722 1941 3788 Croix
1974 3723 2081 3786 lib.
2110 3724 2170 3785 3.
2199 3724 2358 3803 part.
2389 3724 2448 3785 2.
2478 3742 2537 3787 n.
2565 3723 2715 3787 656.
2748 3743 2890 3788 cum
2923 3723 3153 3800 Lessio,

699 3846 847 3889 casu
871 3845 991 3907 quo
1021 3826 1283 3910 obligati
1309 3825 1384 3889 ad
1417 3825 1677 3890 Missam
1702 3826 1907 3890 essent
1936 3823 2178 3900 famuli,
2205 3823 2312 3903 qui
2337 3824 2519 3888 aliter
2542 3843 2665 3889 non
2689 3824 3153 3895 confiterentur:

699 3930 847 3992 tunc
885 3928 1047 3991 enim
1081 3928 1184 4008 (ut
1215 3928 1331 4012 ait)
1371 3929 1595 3992 saltem
1628 3925 2067 4009 praesumitur,
2101 3923 2267 4004 quod
2304 3924 2578 3990 Ecclesia
2609 3928 3042 3992 consentiat».
3070 3928 3156 3990 Ac

699 4030 837 4095 dein
875 4029 1143 4093 remittit
1175 4030 1249 4093 ad
1286 4031 1342 4113 ξ.
1380 4032 1553 4105 332„
1593 4048 1782 4110 quam
1819 4026 2218 4092 recitavimus
2254 4046 2391 4111 sup.
2424 4048 2484 4092 n.
2529 4030 2677 4093 773.

785 4135 874 4198 At
906 4134 1134 4216 aptius,
1161 4152 1349 4215 quam
1382 4131 1583 4205 Croix,
1620 4128 1976 4193 Leonardus
2009 4128 2258 4195 Lessius
2290 4130 2407 4195 hoc
2436 4133 2689 4196 revocat
2726 4131 2803 4196 ad
2833 4136 3158 4198 consuetu-

698 4237 921 4312 dinem,
940 4255 1099 4318 quae
1126 4256 1245 4300 non
1272 4233 1606 4315 distinguit
1628 4231 1792 4295 inter
1813 4231 2084 4295 famulos
2109 4235 2172 4296 et
2203 4233 2492 4315 reliquos.
2513 4235 2614 4298 Ita
2638 4234 2744 4298 ille
2765 4234 2830 4298 in
2848 4234 3156 4298 Auctario

699 4339 774 4403 ad
823 4337 1168 4403 Comment.
1218 4338 1281 4401 in
1336 4337 1390 4398 1.
1442 4337 1500 4397 2.
1543 4353 1651 4397 3311
1700 4333 1774 4397 ad
1826 4333 2035 4398 Tract.
2077 4333 2150 4398 de
2198 4333 2467 4399 Actibus
2513 4335 2797 4400 Humum.
2834 4336 2910 4399 V.
2943 4338 3156 4401 Missa

696 4461 826 4525 cap.
856 4443 937 4506 ΙΙ.
964 4463 1021 4505 11.
1046 4444 1128 4505 8.;
1163 4466 1198 4499 «
1221 4439 1483 4503 Omnino
1518 4437 1806 4502 videntur
1838 4440 2186 4513 excusandi,
2213 4440 2459 4522 quibus,
2487 4440 2727 4506 ratione
2758 4442 3154 4527 negotiorum

696 4544 793 4608 vel
839 4544 987 4624 quia
1024 4543 1173 4606 sunt
1216 4542 1281 4605 in
1329 4538 1622 4622 obsequio
1671 4539 1957 4619 aliorum,
2008 4560 2128 4607 non
2176 4544 2272 4606 est
2314 4543 2631 4628 integrum
2680 4542 2852 4607 aliud
2899 4544 3155 4610 Sacrum
