3497 5147
626 390 738 444 180
825 404 1038 444 ratior.
1068 405 1122 445 v.
1150 404 1311 445 sac-r.
1344 404 1428 443 ιιι.
1455 403 1540 442 nn:
1565 400 1886 444 CARITATIS
1913 398 2301 442 enneae-ns.
2328 401 2526 442 CAPUT
2552 401 2615 441 11.
2644 402 2783 443 nun.
2815 403 2869 442 v.
2944 386 3094 462 [242]

625 502 891 565 sortitur
925 502 1232 564 rationem
1263 498 1552 580 specialis
1587 498 1893 578 pcccati...
1944 498 2006 560 et
2062 497 2395 579 opponitur
2446 498 2673 562 directe
2726 499 3091 563 correctioni

640 603 966 678 fraternae,
1001 604 1064 666 in
1104 623 1227 685 qua
1259 602 1603 667 intenditur
1633 599 1917 683 specialis
1949 601 2304 664 nocumenti
2335 602 2598 665 remotio
2630 624 2691 665 ».

715 705 780 770 Si
827 706 1056 770 directe
1089 705 1356 769 intendit
1385 703 1631 769 ruinam
1677 702 2088 787 spiritualem,
2129 702 2358 767 dicitur
2394 702 2801 778 diabolicum·
2826 721 3000 767 secus
3031 705 3084 768 si

623 808 892 873 intendit
924 809 1174 891 quidem
1205 810 1545 890 peccatum,
1580 826 1638 870 v.
1673 827 1766 890 gr.
1801 805 2292 882 fornicationem,
2327 805 2433 869 sed
2463 825 2586 870 non
2618 807 2693 870 ut
2721 806 2970 870 ruinam
3002 807 3089 870 al-

622 911 817 974 terius
855 911 1262 993 spiritualem.

712 1009 890 1083 242.
933 1013 1103 1076 Haec
1148 1012 1464 1076 distinctio
1499 1030 1621 1074 non
1659 1012 1755 1074 est
1792 1009 2216 1074 confundenda
2248 1030 2388 1073 cum
2422 1029 2513 1086 ea,
2548 1030 2736 1092 quam
2775 1030 2823 1074 e.
2860 1011 3080 1075 Thom.

620 1114 817 1178 tradit
853 1117 970 1178 art.
1027 1116 1082 1177 1.
1120 1114 1197 1178 ad
1236 1115 1296 1176 4.
1338 1115 1400 1177 et
1447 1132 1606 1195 quae
1652 1111 1917 1177 refertur
1965 1112 2039 1175 ad
2087 1112 2342 1176 modum
2390 1113 2716 1178 causandi:
2759 1138 2794 1170 «
2828 1113 3081 1178 Dictum

619 1217 718 1280 vel
755 1216 993 1280 factum
1030 1217 1289 1280 alterius
1335 1217 1542 1299 potest
1580 1234 1710 1278 esse
1759 1213 2088 1297 dupliciter
2138 1214 2319 1278 alteri
2365 1233 2555 1279 causa
2600 1216 2923 1298 peccandi,
2958 1235 3086 1281 uno

616 1317 802 1382 modo
840 1337 960 1397 per
989 1337 1074 1391 se,
1109 1318 1231 1381 alio
1265 1317 1448 1382 modo
1488 1338 1607 1396 per
1651 1315 1957 1380 accidens.
1998 1315 2136 1380 Per
2171 1336 2236 1380 se
2268 1317 2535 1398 quidem,
2576 1319 2822 1400 quando
2857 1319 3086 1401 aliquis

618 1439 732 1485 suo
766 1421 932 1484 malo
966 1420 1150 1484 verbo
1199 1419 1298 1483 vel
1328 1419 1494 1484 facto
1528 1417 1796 1483 intendit
1844 1419 2037 1482 alium
2086 1419 2163 1482 ad
2194 1419 2568 1501 peccandum
2615 1420 2935 1494 inducere;
2984 1422 3087 1486 vel

619 1522 865 1587 etiamsi
912 1523 1042 1606 ipse
1088 1523 1204 1586 hoc
1250 1541 1371 1586 non
1420 1521 1721 1597 intendat,
1770 1521 1975 1603 ipsum
2022 1520 2259 1584 sactum
2306 1523 2402 1584 est
2450 1521 2594 1597 tale,
2645 1522 2811 1603 quod
2866 1522 2941 1587 de
2987 1524 3085 1588 sui

617 1627 859 1690 ratione
907 1626 1096 1690 habet
1128 1627 1201 1690 ut
1231 1626 1315 1689 sit
1345 1624 1733 1689 inductivum
1768 1622 1845 1687 ad
1892 1623 2285 1706 peccandum,
2335 1625 2489 1706 puta
2535 1644 2678 1688 cum
2710 1625 2937 1706 aliquis
2971 1646 3089 1709 pu-

617 1729 775 1793 blice
819 1729 972 1794 facit
1003 1730 1324 1811 peccatum
1359 1728 1454 1791 vel
1491 1726 1656 1808 quod
1689 1726 1879 1790 habet
1911 1725 2384 1790 similitudinem
2416 1726 2653 1808 peccati
2684 1728 2748 1790 et
2794 1730 2948 1792 tunc
2978 1729 3085 1793 ille

619 1833 728 1913 qui
772 1831 1075 1896 eiusmodi
1107 1833 1317 1894 actum
1349 1829 1518 1906 facit,
1553 1830 1797 1912 proprie
1831 1828 1941 1892 dat
1973 1829 2355 1893 occasionem
2384 1828 2624 1901 ruinae,
2659 1829 2821 1893 unde
2853 1830 3085 1896 dicitur

616 1933 987 1998 scandalum
1015 1934 1302 1996 activum.
1339 1932 1476 1996 Per
1504 1931 1792 1996 accadens
1825 1933 2037 1995 autem
2073 1931 2331 1995 verbum
2362 1930 2461 1995 vel
2491 1930 2730 1996 factum
2762 1933 2950 1997 unius
2988 1936 3084 1998 est

619 2035 798 2099 alteri
853 2055 1040 2100 causa
1103 2035 1409 2119 peccandi,
1468 2033 1713 2116 quando
1779 2036 1842 2098 et
1903 2036 2148 2116 praeter
2202 2033 2609 2097 intentionem
2659 2037 2973 2117 operantis
3020 2041 3083 2102 et

614 2139 859 2220 praeter
889 2137 1306 2201 conditionem
1340 2137 1559 2219 operia,
1595 2136 1821 2218 aliquis
1852 2136 2015 2199 male
2047 2135 2385 2217 dispositus
2418 2155 2489 2199 ex
2519 2135 2879 2201 huiusmodi
2905 2156 3085 2222 opere

615 2239 930 2303 inducitur
968 2239 1041 2303 ad
1078 2239 1471 2322 peccandum,
1508 2239 1660 2322 puta
1708 2257 1851 2301 cum
1890 2237 2115 2318 aliquis
2163 2236 2400 2300 invidet
2446 2238 2622 2301 bonis
2663 2238 2953 2304 aliorum.
3002 2242 3087 2306 Et

615 2342 763 2405 tunc
802 2342 907 2423 qui
946 2341 1099 2405 facit
1131 2340 1489 2405 huiusmodi
1521 2341 1732 2403 actum
1764 2340 2002 2402 rectum
2041 2358 2162 2403 non
2197 2339 2307 2402 dat
2338 2340 2738 2418 occasionem,
2773 2345 3086 2422 quantum

613 2443 677 2507 in
725 2463 788 2507 se
836 2444 963 2520 est3
1014 2443 1119 2506 sed
1166 2443 1327 2507 alius
1374 2441 1568 2505 sumit
1616 2441 2063 2505 occasionem...
2114 2441 2196 2504 Et
2239 2441 2376 2506 ideo
2425 2442 2541 2506 hoc
2572 2445 2666 2506 est
2711 2443 3085 2508 scandalum

602 2547 936 2628 passivum
983 2546 1112 2610 sine
1147 2545 1349 2609 activo
1383 2569 1444 2607 ».

702 2651 773 2712 In
805 2649 1006 2732 primo
1043 2649 1253 2711 autem
1294 2647 1468 2710 textu
1499 2646 1649 2710 nota
1681 2646 1916 2722 sedulo,
1958 2646 2124 2728 quod
2153 2645 2419 2726 speciale
2439 2650 2763 2725 peccatum
2791 2651 3091 2716 scandali

610 2751 840 2833 reperit
871 2769 919 2813 s.
955 2749 1189 2813 Doctor
1221 2747 1425 2811 solum
1473 2748 1538 2811 in
1575 2747 1866 2812 scandalo
1892 2767 2016 2827 per
2051 2767 2150 2811 se:
2183 2747 2349 2829 quod
2381 2750 2738 2831 oppositum
2769 2751 2925 2817 dicit
2955 2774 3084 2817 cor-

610 2852 875 2914 rectione·
918 2848 1259 2929 fraternae.

698 2949 879 3024 243.
914 2954 1093 3038 Lugo
1129 2953 1284 3036 disp.
1318 2953 1418 3016 16.
1447 2953 1520 3017 de
1545 2952 1798 3017 Poem't.
1827 2954 1973 3017 sect.
2010 2954 2069 3015 4.
2106 2973 2165 3015 n.
2207 2954 2352 3017 157.
2382 2954 2603 3019 melius
2637 2956 2725 3019 sic
2747 2956 3087 3039 tripliciter

609 3056 963 3140 distinguit,
1013 3074 1172 3138 quae
1219 3055 1536 3120 distinctio
1585 3055 1763 3118 valde
1814 3055 2050 3119 confert
2099 3055 2173 3117 ad
2222 3056 2593 3121 claritatem.
2651 3082 2687 3116 «
2725 3059 3082 3143 Tripliciter

610 3162 817 3242 potest
855 3178 954 3222 me
1002 3159 1160 3222 alter
1208 3158 1284 3220 ad
1334 3159 1656 3240 peccatum
1701 3157 1987 3220 inducere
2029 3157 2094 3219 1⁰
2128 3156 2357 3221 directe
2405 3162 2466 3220 et
2499 3156 2854 3236 formaliter
2890 3163 3087 3227 inten-

608 3260 804 3325 dendo
836 3260 1085 3324 ruinam
1109 3259 1500 3342 spiritualem
1524 3260 1808 3342 proximi,
1838 3260 1966 3323 scil.
1996 3279 2065 3324 ex
2099 3260 2418 3338 desiderio,
2448 3263 2521 3326 ut
2551 3265 2870 3346 proximus
2904 3287 3087 3332 meus

604 3364 931 3447 spirituale
956 3363 1110 3427 illud
1143 3363 1440 3426 damnum
1465 3362 1777 3445 patiatur:
1803 3364 1872 3425 20
1889 3362 2118 3426 directe
2150 3363 2263 3426 sed
2282 3384 2407 3427 non
2430 3364 2804 3444 formaliter,
2830 3371 3083 3451 quando

606 3467 693 3531 sic
725 3466 888 3541 vole,
925 3464 1089 3546 quod
1139 3465 1267 3547 ipse
1315 3464 1508 3528 violet
1539 3484 1597 3528 v.
1638 3484 1730 3548 gr.
1774 3465 2150 3541 castitatem,
2187 3485 2310 3530 non
2343 3466 2487 3548 qiiia
2520 3470 2760 3533 malum
2793 3470 2929 3536 eius
2962 3476 3076 3545 est,

604 3569 709 3634 sed
743 3568 889 3650 quia
928 3568 1173 3632 lucrum
1210 3566 1459 3647 aliquod
1494 3565 1630 3630 inde
1663 3586 1841 3649 spero
1881 3568 2290 3649 (scandalum,
2331 3569 2497 3650 quod
2529 3589 2576 3633 S.
2619 3570 2895 3637 Thomas
2928 3573 3077 3640 dicit

590 3691 714 3749 per
759 3690 846 3743 se,
893 3670 1043 3734 haec
1089 3668 1211 3732 duo
1259 3668 1776 3751 comprehendit):
1812 3671 1881 3732 3⁰
1912 3669 2233 3744 indirecte,
2268 3671 2513 3752 quando
2546 3673 2676 3737 scil.
2727 3676 3081 3756 praevideo,

605 3771 769 3853 quod
819 3791 889 3834 ex
938 3773 1178 3836 actione
1236 3791 1373 3835 mea
1435 3771 1751 3854 proximus
1797 3771 1983 3850 facile
2031 3773 2289 3855 accipiet
2336 3775 2716 3840 occasionem
2765 3780 3083 3860 peccandi.

603 3892 718 3957 ego
772 3875 980 3936 tamen
1028 3873 1090 3936 id
1138 3892 1259 3938 non
1307 3875 1593 3949 intend03
1645 3875 1751 3938 sed
1800 3876 1946 3957 quia
1994 3895 2235 3958 possem
2285 3879 2346 3940 et
2394 3879 2674 3943 deberem
2713 3883 3076 3948 scandalum

599 3974 759 4039 illud
809 3974 1121 4056 impedire,
1174 3995 1353 4058 pecco
1405 3978 1654 4059 peccato
1704 3976 1975 4040 scandali
2017 3976 2145 4041 sive
2193 3981 2445 4060 speciali
2491 3982 2620 4046 sive
2666 3986 2965 4067 generali,
3014 3987 3076 4051 in

603 4096 725 4160 quo
777 4077 987 4160 potest
1030 4096 1160 4141 esse
1208 4078 1491 4160 quaestio
1540 4078 1611 4141 de
1661 4077 1905 4141 nomine
1945 4104 2004 4141 ».
2042 4079 2274 4144 Verum
2321 4083 2455 4147 heic
2493 4084 2663 4148 deest
2710 4087 3074 4153 scandalum

601 4180 971 4264 pusillorum
1012 4180 1076 4243 in
1111 4200 1294 4244 sensu
1325 4180 1646 4264 Laymann
1680 4180 1743 4242 et
1775 4178 2134 4244 scandalum
2174 4183 2616 4264 pharisaicum.

692 4277 874 4352 244.
913 4281 1314 4346 Definitiones
1363 4281 1555 4344 activi
1599 4282 1662 4344 et
1694 4282 1962 4359 passivi,
2011 4285 2148 4347 tum
2198 4287 2428 4368 passivi
2465 4288 2529 4352 in
2562 4288 2780 4353 datum
2828 4312 2939 4359 seu
2971 4314 3074 4378 pu·

599 4385 888 4449 sillorum
921 4388 984 4450 et
1030 4388 1346 4462 acceptum
1395 4401 1502 4445 seu
1536 4382 1972 4465 pharisaicum,
2010 4386 2225 4452 obviae
2273 4393 2438 4454 sunt.
2486 4391 2709 4457 Verum
2741 4394 2983 4462 Auctor
3012 4397 3071 4459 in

597 4487 766 4552 hisce
815 4486 1318 4551 distinctionibus
1351 4503 1547 4565 neque
1578 4504 1720 4548 cum
1762 4485 2073 4552 Bonacina
2108 4509 2302 4572 neque
2350 4511 2488 4556 cum
2538 4493 2883 4579 Laymann,
2918 4517 3071 4580 quos

597 4592 805 4655 tamen
870 4590 1123 4669 allegat,
1201 4587 1507 4663 cohaeret,
1577 4587 1681 4651 sed
1753 4592 2053 4671 sequutus
2103 4594 2197 4656 est
2262 4591 2528 4659 Sanchez
2591 4596 2767 4661 Mor.
2834 4599 2942 4663 lib.
3007 4601 3068 4662 2.

597 4713 730 4777 cap.
771 4694 830 4755 6.
866 4711 925 4753 n.
963 4692 1023 4754 2.
