3497 5147
371 344 504 419 [316]
1436 365 1748 406 03A01=1o
2711 356 2817 411 231

370 457 762 541 telligendam
808 458 1090 524 existimo
1138 460 1543 526 differentiam
1590 462 1753 526 inter
1799 464 2138 527 humanam
2169 465 2233 527 et
2262 465 2649 547 spiritualem
2687 486 2819 531 ora-

370 560 614 636 tionem,
641 580 831 643 quam
855 561 1228 628 Guillelmus
1253 563 1617 628 Parisiensis
1643 565 1856 642 tradit,
1884 566 2049 648 quod
2073 566 2344 630 humana
2370 567 2591 649 petitio
2619 568 2819 631 tendit

372 662 443 726 ad
465 662 931 746 disponendum,
970 666 1043 728 ut
1074 666 1161 729 sic
1191 665 1411 742 dicam,
1445 668 1542 731 vel
1579 667 2038 731 immutandum
2071 688 2231 744 eum,
2269 669 2344 732 ad
2371 688 2552 750 quem
2580 669 2686 732 fit:
2721 690 2819 752 pe-

369 764 504 828 titio
544 765 755 829 autem
803 765 882 829 ad
928 766 1128 830 Deum
1176 767 1375 832 tendit
1423 767 1499 831 ad
1546 768 1991 849 disponendum
2039 769 2241 852 ipsum
2290 772 2630 853 petentem3
2672 791 2816 836 nam

368 884 499 929 cum
546 885 612 930 se
658 867 907 931 exhibet
950 868 1252 932 cultorem
1299 869 1432 948 Dei,
1472 889 1536 934 se
1582 870 1854 954 disponit
1902 871 1979 935 ad
2025 871 2439 954 recipiendum
2494 872 2659 955 quod
2707 892 2816 955 po-

370 969 559 1032 stulat
590 994 627 1028 ›
669 970 712 1032 l.
748 988 799 1033 c.
834 990 885 1034 c.
925 971 982 1034 7.
1020 991 1123 1035 nn.
1159 973 1219 1035 3.
1254 973 1315 1035 4.

447 1066 602 1141 315.
636 1070 853 1136 Oratio
886 1073 1191 1154 quantum
1223 1075 1317 1137 est
1349 1094 1419 1138 ex
1451 1093 1535 1148 se,
1578 1077 1754 1139 actus
1787 1078 1880 1139 est
1905 1075 2280 1150 meritorius,
2307 1076 2641 1140 dummodo
2674 1095 2815 1139 con-

367 1171 622 1237 ditiones
654 1175 1031 1238 necessariae
1069 1173 1145 1238 ad
1168 1176 1464 1240 meritum
1502 1195 1611 1259 pro
1643 1178 1861 1241 ceteris
1886 1178 2126 1241 actibus
2158 1197 2278 1242 non
2311 1178 2546 1253 desint3
2574 1179 2722 1260 quia
2747 1179 2812 1242 in

366 1275 473 1339 hoc
500 1275 748 1340 nullum
770 1276 960 1340 habet
995 1278 1256 1359 speciale
1286 1278 1682 1362 privilegium
1715 1279 1935 1343 orati0.
1976 1279 2059 1343 Et
2089 1280 2335 1361 quidem
2366 1281 2684 1345 meritoria
2719 1282 2812 1344 est

364 1378 556 1442 oratio
588 1377 663 1442 de
693 1378 1017 1463 condigne,
1060 1379 1112 1441 si
1144 1379 1256 1443 fiat
1288 1380 1365 1443 ab
1397 1381 1659 1444 habente
1691 1381 2052 1444 caritatem:
2087 1381 2160 1443 de
2192 1400 2485 1465 congruo,
2522 1384 2574 1445 si
2608 1402 2644 1445 a
2677 1402 2814 1466 poe-

358 1482 587 1545 nitente
625 1500 696 1545 ex
728 1482 935 1566 gratia
969 1482 1198 1545 actuali
1237 1483 1367 1545 fiat.
1402 1481 1581 1562 Quod
1613 1503 1758 1547 vero
1805 1484 2079 1548 meretur
2124 1485 2219 1547 est
2266 1484 2328 1546 id
2374 1484 2540 1565 quod
2582 1485 2812 1549 nostris

356 1583 588 1647 meritis
620 1584 1009 1666 propositum
1042 1586 1155 1659 est,
1195 1584 1427 1648 bonum
1476 1587 1815 1661 aeternum,
1851 1586 2026 1649 cuius
2066 1585 2424 1649 fruitionem
2463 1606 2810 1650 meremur:

355 1686 426 1748 ut
445 1684 671 1750 idcirco
702 1685 837 1748 fieri
869 1686 1067 1768 possit
1094 1687 1166 1749 ut
1197 1705 1320 1750 non
1353 1687 1741 1751 obtineamus
1774 1686 1939 1767 quod
1963 1686 2251 1768 petimuS‚
2286 1706 2629 1768 numquam
2661 1707 2805 1752 vero

357 1788 428 1850 ut
470 1806 591 1851 non
625 1806 993 1863 mereamur,
1028 1788 1080 1852 si
1111 1788 1263 1851 bene
1303 1806 1570 1851 oramus.
1597 1785 1689 1850 Cf.
1718 1807 1765 1850 s.
1795 1787 2102 1851 Thomam
2135 1807 2193 1868 q.
2222 1789 2326 1851 83.
2357 1807 2411 1851 a.
2445 1789 2546 1851 15.

442 1889 601 1952 Item
632 1890 829 1954 oratio
863 1892 956 1954 est
990 1893 1166 1953 actus
1197 1889 1697 1969 satisfactorius;
1729 1890 1932 1953 solent
1964 1907 2110 1953 sane
2154 1889 2573 1987 satisfactoria
2623 1909 2807 1973 opera

353 1990 428 2053 ad
445 1991 566 2054 tria
584 2010 808 2075 genera
822 1992 1119 2064 revocari,
1140 2010 1403 2073 quorum
1428 2011 1622 2055 unum
1650 1993 1745 2056 est
1766 1992 1986 2056 oratio.
2014 1990 2105 2055 Of.
2127 1990 2309 2056 Conc.
2330 1991 2497 2055 Trid.
2518 1991 2678 2056 Sess,
2707 1994 2808 2056 14.

347 2111 396 2157 c.
436 2094 533 2156 13.
569 2094 760 2159 Ratio
807 2094 902 2157 est
948 2094 1292 2158 communis
1341 2093 1558 2157 ceteris
1608 2095 1894 2176 operibus
1941 2094 2296 2170 meritoriis,
2333 2095 2480 2176 quia
2519 2098 2614 2159 est
2654 2114 2807 2178 opus

347 2196 655 2278 quoddam
693 2198 969 2279 poenale,
1004 2198 1130 2260 imo
1163 2197 1488 2279 specialem
1527 2196 1839 2278 quandam
1878 2198 2321 2279 poenalitatem
2361 2198 2564 2262 oratio
2598 2200 2805 2262 habet.

345 2298 502 2363 Nam
542 2324 577 2358 «
611 2299 902 2364 consistit
930 2300 994 2362 in
1042 2298 1384 2363 elevatione
1419 2299 1646 2363 mentis
1685 2299 1763 2363 ad
1794 2300 2030 2362 Deum:
2064 2300 2216 2363 haec
2253 2302 2464 2363 autem
2509 2319 2805 2383 magnam

345 2403 531 2465 animi
570 2402 1053 2485 applicationem
1085 2402 1365 2482 requirit,
1399 2421 1556 2482 quae
1581 2402 1712 2466 sine
1740 2420 1952 2485 pugna
1977 2403 2039 2464 et
2067 2402 2422 2465 resistentia
2447 2404 2718 2484 corporis
2745 2404 2808 2467 et

346 2521 634 2569 sensuum
685 2523 807 2567 non
838 2503 930 2567 fit.
963 2503 1215 2567 Vocalis
1249 2505 1458 2567 autem
1492 2504 1692 2567 oratio
1725 2503 2099 2587 peculiarem
2128 2502 2404 2568 laborem
2443 2506 2507 2568 et
2530 2505 2804 2588 corporis

343 2606 855 2694 defatigationem
897 2607 1201 2691 adiungit.
1237 2632 1299 2681 »,
1334 2606 1648 2682 Suare2,1.
1676 2627 1728 2670 c.
1758 2627 1809 2670 c.
1838 2609 1942 2671 22.
1971 2628 2030 2670 n.
2060 2607 2119 2669 8.

426 2709 646 2776 Oratio
706 2711 1041 2792 praeterea,
1090 2728 1161 2772 ex
1208 2711 1322 2773 hoc
1376 2709 1669 2791 peculiari
1718 2709 1919 2792 capite
1965 2708 2129 2791 quod
2178 2712 2273 2774 est
2328 2710 2567 2793 petitio,
2619 2712 2806 2774 habet

335 2814 651 2895 propriam
692 2814 756 2877 et
794 2812 1165 2894 peculiarem
1204 2810 1616 2893 aptitudinem
1652 2811 1729 2873 ad
1762 2811 2239 2888 impetrandum.
2282 2836 2316 2869 «
2350 2813 2580 2877 Petitio
2620 2814 2804 2892 enim,

335 2917 406 2979 ut
450 2915 544 2979 ait
591 2913 827 2979 Suarez
874 2914 1021 2978 ibid.
1057 2933 1106 2978 c.
1144 2915 1248 2977 23.
1290 2934 1348 2977 n.
1389 2915 1467 2989 1.,
1504 2915 1729 2976 natura
1761 2931 1876 2977 sua
1909 2913 1986 2976 ad
2018 2914 2133 2978 hoc
2165 2914 2507 2990 ordinatur,
2547 2918 2622 2979 ut
2670 2916 2802 2979 ani-

334 3037 504 3083 mum
553 3017 822 3082 alterius
859 3017 1114 3081 inducat
1161 3016 1236 3080 ad
1276 3015 1545 3079 dandum
1594 3016 1655 3079 id
1688 3016 1853 3097 quod
1900 3016 2154 3098 petitur,
2203 3035 2325 3082 non
2373 3017 2521 3098 quia
2568 3018 2805 3099 aliquid

330 3120 599 3185 solvitur
649 3138 764 3183 nec
795 3119 941 3201 quia
975 3119 1199 3200 aliquis
1231 3117 1386 3181 illud
1411 3119 1702 3194 meretur,
1739 3118 1842 3182 sed
1882 3117 2086 3182 solum
2125 3120 2269 3199 quia
2319 3120 2554 3202 petitur
2606 3121 2669 3183 et
2706 3138 2806 3183 ro-

331 3224 544 3306 gatur:
598 3223 915 3304 quatenus
970 3223 1449 3285 consentaneum
1498 3223 1593 3284 est
1640 3221 1908 3285 bonitati
1955 3222 2017 3285 et
2069 3220 2435 3286 liberalitati
2490 3221 2643 3298 eius,
2693 3222 2802 3303 qui

329 3328 612 3410 rogatur,
649 3322 891 3387 moveri
938 3322 1015 3386 ad
1061 3322 1351 3394 dandum,
1388 3323 1592 3386 solum
1623 3323 1770 3403 quia
1803 3324 2064 3405 rogatur
2096 3348 2158 3386 ».

417 3424 578 3498 318.
608 3427 821 3508 Atque
846 3425 1033 3488 habet
1067 3425 1266 3488 oratio
1291 3425 1663 3507 peculiarem
1696 3424 1812 3487 Dei
1843 3424 2333 3506 promissionem,
2359 3424 2600 3488 ratione
2625 3425 2801 3489 cuius

328 3532 479 3594 haec
501 3528 874 3611 impetratio
900 3531 993 3591 est
1018 3545 1130 3591 suo
1154 3527 1340 3591 modo
1366 3527 1534 3589 certa
1558 3528 1622 3589 et
1642 3525 2008 3590 infallibilis.
2028 3525 2260 3588 Matth.
2287 3524 2397 3587 VI.
2425 3526 2481 3588 7.
2506 3527 2566 3587 8.
2593 3526 2806 3589 Petite

327 3636 387 3694 et
405 3632 676 3696 dabitur
691 3629 883 3705 vobis,
903 3631 1182 3710 quaerite
1205 3628 1629 3700 etinvenietis,
1651 3627 1907 3706 pulsate
1932 3631 1992 3689 et
2018 3627 2338 3704 aperietur
2367 3626 2572 3689 vobis:
2607 3628 2808 3690 omnis

327 3736 492 3798 em‘m
523 3734 644 3815 qui
680 3732 863 3811 petit,
897 3733 1126 3810 accipit
1153 3734 1268 3796 etc.
1310 3733 1470 3796 Item
1502 3731 1650 3794 Luc.
1688 3731 1799 3793 XI.
1832 3731 1934 3793 11.
1969 3729 2129 3808 Quia
2153 3747 2298 3793 vero
2331 3748 2452 3793 non
2484 3748 2625 3793 raro
2659 3749 2804 3793 con-

329 3837 519 3922 tingit
552 3855 674 3901 nos
708 3853 831 3898 non
866 3835 1193 3916 impetrare
1226 3834 1391 3916 quod
1430 3833 1725 3915 petimus;
1768 3831 2168 3896 manifestum
2206 3832 2296 3909 fit,
2333 3834 2803 3916 promissionem

326 3940 483 4004 hanc
517 3940 641 4004 Dei
674 3956 800 4001 non
832 3956 963 4001 esse
1001 3937 1373 4011 absolutam,
1400 3935 1504 3999 sed
1530 3936 2041 4012 conditionatam‚
2078 3935 2192 4000 hoc
2224 3938 2336 4011 est,
2365 3937 2418 4000 si
2441 3939 2644 4002 certae
2668 3957 2806 4002 con-

322 4042 595 4108 ditiones
632 4039 863 4115 adsint,
898 4038 1062 4119 quod
1095 4039 1343 4120 quidem
1374 4039 1509 4122 ipsa
1547 4039 1636 4103 rei
1667 4041 1897 4103 natura
1936 4039 2235 4122 postulat.
2271 4037 2519 4103 Scilicet
2556 4042 2803 4122 oportet

324 4149 394 4210 ut
424 4145 660 4229 petitio
697 4142 783 4206 sit
812 4142 886 4205 de
917 4161 981 4205 re
1005 4142 1167 4206 bona
1200 4143 1262 4205 et
1297 4142 1577 4216 honesta,
1613 4141 1774 4206 unde
1816 4142 1954 4223 ipsa
2002 4140 2203 4205 oratio
2252 4140 2544 4204 definitur
2577 4143 2804 4219 petitio

323 4248 683 4313 decentium
703 4264 725 4306 .·
762 4262 857 4308 res
888 4263 1032 4309 vero
1054 4243 1424 4320 indifferens,
1460 4244 1507 4306 si
1545 4243 1620 4306 ad
1645 4245 1878 4308 bonum
1911 4244 2095 4307 finem
2129 4242 2450 4320 referatur,
2485 4243 2612 4306 iam
2637 4246 2799 4309 bona

323 4354 415 4414 est
451 4352 519 4414 et
550 4348 729 4413 certe
762 4347 1041 4410 honesta.
1076 4345 1441 4427 Requiritur
1471 4349 1788 4429 praeterea
1820 4347 1894 4408 ut
1925 4345 2089 4426 quod
2122 4345 2376 4427 petitur,
2418 4346 2573 4410 utile
2605 4346 2688 4409 sit
2721 4347 2800 4410 ad

326 4454 599 4518 salutem
640 4450 724 4514 ut
760 4448 938 4513 docet
967 4467 1015 4512 s.
1049 4448 1321 4512 Thomas
1361 4468 1419 4530 q.
1446 4469 1496 4512 c.
1527 4467 1581 4512 a.
1615 4450 1715 4513 15.
1744 4448 1820 4511 ad
1855 4450 1960 4510 2¹¹¹.
1997 4446 2211 4526 Quoad
2249 4447 2505 4512 modum
2551 4447 2799 4530 petendi

324 4556 592 4639 requirit
624 4572 679 4618 s.
718 4551 990 4616 Thomas
1014 4550 1219 4632 fidenis,
1254 4571 1378 4633 qua
1402 4550 1721 4615 credamus
1755 4569 1866 4614 nos
1898 4567 2076 4633 posse
2109 4569 2145 4612 a
2170 4550 2299 4613 Deo
2335 4549 2608 4614 obtinere
2631 4547 2798 4628 quod
