3497 5147
310 330 446 398 [385]
1126 344 1542 386 sAomLEGmM
1582 343 1942 385 musonium
2655 330 2764 386 283

307 440 627 524 crilegium
658 439 819 503 circa
842 439 1048 504 locum
1080 460 1324 505 sacrum
1362 440 1565 504 differt
1590 441 1668 504 ad
1699 440 1906 504 minus
1944 441 2140 523 specie
2173 461 2210 505 a
2241 442 2563 526 sacrilegio
2596 443 2756 507 circa

310 562 400 607 res
429 560 661 606 sacras.
694 539 851 605 Cum
883 560 1030 626 ergo
1072 543 1134 606 in
1164 542 1476 626 praedicto
1524 561 1672 606 casu
1709 541 1948 605 furtum
1986 543 2070 606 sit
2116 544 2510 627 sacrilegium
2547 548 2762 608 contra

309 645 508 709 locum
538 662 787 709 sacrum
819 645 880 706 et
911 646 1127 709 contra
1150 664 1281 708 rem
1313 663 1570 721 sacram,
1599 644 1917 708 fatendum
1950 647 2046 709 est
2067 647 2428 710 contrahere
2452 646 2761 711 malitiam

307 746 497 829 specie
542 746 854 810 diversam
901 746 979 810 ab
1025 766 1117 823 ea,
1166 766 1323 828 quae
1370 746 1574 812 solum
1622 747 1786 810 esset
1831 747 2046 811 contra
2105 767 2235 811 rem
2281 766 2542 813 sacram.
2585 748 2761 812 Unde

310 850 565 931 utraque
612 847 858 912 malitia
903 848 1259 930 explicanda
1306 849 1402 913 est
1447 849 1510 913 in
1558 848 1940 913 confessione
1978 874 2040 912 ».

390 950 705 1015 Memorat
733 950 867 1014 heic
889 970 938 1015 s.
973 950 1157 1034 Alph.
1191 951 1297 1014 lib.
1334 952 1394 1014 3.
1430 972 1488 1014 n.
1524 950 1640 1013 34:
1676 951 2122 1032 quaestionem,
2158 970 2235 1015 an
2284 954 2409 1017 tres
2448 952 2604 1016 istae
2636 953 2762 1018 sint

310 1052 530 1137 species
554 1051 822 1131 infimae,
849 1072 926 1116 an
958 1052 1369 1117 subalternae.
1396 1050 1460 1116 Si
1493 1054 1640 1117 sunt
1671 1052 1937 1127 infimae,
1977 1053 2288 1135 quaelibet
2320 1074 2371 1118 e.
2405 1075 2466 1138 g.
2502 1054 2760 1119 violatio

308 1173 595 1239 personae
629 1154 746 1218 erit
783 1153 1056 1218 eiusdem
1094 1154 1333 1237 speciei,
1361 1157 1432 1217 ut
1462 1154 1642 1219 ferire
1674 1154 1964 1219 clericum
1997 1155 2095 1218 vel
2125 1155 2415 1220 fornicari
2439 1176 2580 1219 cum
2604 1156 2763 1237 ipsc,

308 1258 461 1322 idem
495 1257 739 1321 dicatur
775 1256 847 1321 de
880 1256 1019 1321 aliis
1051 1257 1290 1321 duabus
1322 1257 1764 1321 violationibus
1802 1257 1890 1321 rei
1913 1277 2162 1334 sacrae:
2191 1259 2411 1323 sivero
2445 1260 2592 1322 sunt
2624 1279 2760 1342 spe-

305 1360 419 1426 cies
451 1359 867 1435 subalternae,
899 1359 1195 1424 habentes
1226 1378 1441 1442 nempe
1474 1358 1630 1423 alias
1663 1359 1891 1441 species
1923 1360 2038 1424 sub
2070 1378 2154 1436 se,
2194 1361 2484 1442 poterunt
2517 1361 2759 1425 differre

304 1463 496 1545 specie
530 1461 802 1525 violenta
834 1461 1080 1525 iniectio
1112 1481 1411 1525 manuum
1450 1461 1511 1525 in
1544 1461 1834 1525 clericum
1866 1463 1930 1525 et
1959 1462 2284 1525 fornicatio
2323 1481 2465 1524 cum
2514 1462 2644 1542 ipso
2694 1464 2757 1525 et

304 1564 385 1628 sic
415 1565 490 1629 de
524 1564 663 1628 aliis
695 1563 932 1627 duabus
965 1564 1297 1646 speciebus.
1333 1562 1557 1627 Suarez
1592 1564 1831 1628 certum
1877 1563 2084 1632 habet.
2118 1563 2347 1644 species
2380 1582 2510 1627 esse
2558 1564 2764 1627 subal-

306 1668 508 1731 ternas
540 1666 582 1729 l.
609 1684 742 1747 sup.
770 1665 873 1729 cit.
901 1685 951 1729 c.
981 1666 1040 1728 5.
1068 1686 1168 1729 nn.
1206 1666 1333 1729 2-6.
1361 1685 1503 1729 cum
1534 1665 1672 1729 aliis
1707 1665 1872 1748 apud
1902 1684 1951 1729 s.
1978 1665 2367 1747 Alphonsum
2398 1665 2439 1728 1.
2469 1686 2519 1729 c.
2556 1666 2669 1749 (a).

389 1768 627 1833 Auctor
655 1768 771 1831 hac
807 1767 870 1830 in
903 1787 987 1844 re,
1027 1767 1202 1832 iuxta
1239 1787 1287 1831 s.
1322 1767 1531 1849 Alph.,
1557 1769 1806 1831 secutus
1838 1768 1934 1831 est
1965 1767 2336 1832 sententiam
2369 1766 2616 1845 Suarez,
2643 1789 2762 1851 pu-

304 1870 500 1932 tantis
548 1888 674 1933 esse
718 1869 947 1951 species
994 1868 1403 1933 subalternas.
1436 1867 1600 1932 Nam
1638 1868 1700 1931 in
1748 1868 1929 1932 resol.
1973 1869 2031 1932 5.
2073 1868 2223 1932 dicit
2270 1868 2332 1931 in
2378 1868 2754 1934 confessione

304 1971 694 2054 aperiendam
708 1991 838 2036 esse
861 1972 1124 2054 speeiem
1150 1970 1484 2055 sacrilegii,
1512 1969 1658 2052 quia
1681 1990 1862 2050 saepe
1888 1971 2193 2035 diversam
2218 1970 2406 2034 habet
2428 1970 2759 2046 malitiam,

302 2094 357 2138 v.
388 2095 484 2159 gr.
512 2075 820 2157 percussio
845 2073 1180 2138 sacerdotis
1207 2076 1268 2137 et
1292 2072 1638 2137 fornicatio.
1663 2098 1697 2130 «
1715 2072 1888 2137 Haec
1911 2073 2120 2136 tamen
2136 2073 2322 2137 verba
2337 2074 2483 2137 sunt
2501 2073 2760 2137 obscura

296 2197 403 2241 nec
436 2178 491 2241 si
534 2178 769 2240 teneret
798 2176 957 2240 hanc
981 2176 1371 2252 sententiam,
1398 2175 1652 2239 dixisset
1680 2195 1896 2254 saepe:
1921 2174 2166 2239 videtur
2189 2174 2460 2239 voluisse
2485 2175 2758 2250 innuere,

297 2279 457 2361 quod
501 2279 795 2343 adiuncta
836 2278 919 2342 sit
961 2278 1085 2341 alia
1122 2278 1350 2361 species
1382 2278 1616 2360 peccati
1649 2277 1746 2341 vel
1786 2276 2065 2341 luxuriae
2102 2277 2201 2342 vel
2233 2277 2595 2353 iniustitiae,
2630 2295 2752 2341 non

297 2385 509 2446 autem
544 2381 787 2445 diversa
818 2380 1049 2463 species
1082 2380 1411 2465 sacrilegii.

382 2483 441 2549 S.
475 2484 841 2568 Alphonsus
875 2485 1083 2548 autem
1115 2483 1219 2547 cit.
1254 2504 1313 2546 n.
1349 2484 1453 2546 34.
1488 2483 1965 2566 probabiliorem
2001 2483 2191 2547 habet
2221 2483 2590 2547 sententiam
2622 2501 2761 2546 con-

291 2589 576 2665 trariam,
612 2606 724 2670 pro
772 2606 896 2669 qua
932 2587 1240 2651 habentur
1274 2586 1425 2651 haec
1471 2587 1656 2650 verba
1702 2605 1755 2651 s.
1795 2586 2070 2651 Thomae
2103 2588 2163 2649 2.
2205 2588 2265 2649 2.
2301 2606 2360 2668 q.
2397 2587 2502 2650 99.
2538 2587 2655 2649 art.
2695 2586 2757 2647 3.

290 2691 367 2755 ad
400 2694 495 2754 2.:
545 2714 583 2748 «
611 2690 694 2752 Et
727 2689 816 2753 sic
845 2688 1132 2754 similiter
1162 2688 1452 2772 possibile
1482 2690 1596 2766 est,
1624 2688 1836 2770 aliqua
1867 2688 1989 2753 duo
2020 2689 2273 2771 peccata
2297 2688 2535 2752 differre
2559 2687 2758 2770 specie

288 2793 636 2857 secundum
666 2791 1019 2855 materiales
1051 2793 1247 2868 actus,
1282 2791 1603 2855 convenire
1630 2792 1842 2854 autem
1872 2791 1935 2854 in
1967 2791 2164 2872 specie
2195 2789 2534 2854 secundum
2564 2809 2758 2853 unam

285 2895 603 2960 rationem
647 2892 973 2971 formalem
1000 2892 1357 2975 sacrileyii‚·
1397 2895 1550 2975 puta
1588 2893 1641 2957 si
1679 2893 1817 2976 quis
1859 2893 2391 2958 sanctimonialem
2427 2891 2758 2956 violaverit

286 2996 674 3063 verberando
725 2996 822 3060 vel
854 2996 1310 3061 concumbendo
1348 3021 1409 3058 ».

371 3101 453 3164 In
488 3099 675 3184 praxi
720 3099 874 3163 nihil
920 3100 1016 3163 est
1060 3098 1225 3180 quod
1272 3099 1523 3162 turbare
1568 3099 1786 3180 queat;
1826 3117 1973 3162 nam
2019 3096 2242 3179 aperiri
2288 3096 2468 3160 debet
2514 3094 2757 3159 diversa

283 3203 536 3285 specieS,
584 3201 666 3265 ob
697 3200 1001 3265 rationem
1040 3199 1406 3264 discriminis
1447 3200 1682 3283 peccati
1712 3199 2076 3276 materiam,
2121 3198 2251 3262 scil.
2286 3197 2647 3263 verberandi
2693 3197 2759 3260 et

280 3303 663 3370 fornicandi.

1273 3457 1448 3523 Unde
1494 3459 1779 3522 resolves,

388 3612 580 3665 XLVl.
614 3611 632 3662 rl
648 3648 661 3660 .
681 3611 944 3663 personale
970 3608 1279 3674 sacrilegium
1304 3615 1379 3663 est
1407 3608 1657 3675 percussio
1682 3607 1878 3671 Clerici,
1899 3607 2164 3675 pertractio
2190 3607 2406 3660 eiusdem
2436 3608 2495 3658 ad
2521 3604 2754 3659 iudicium

280 3701 524 3756 seculare,
552 3695 679 3749 item
718 3692 972 3747 luxuriosa
1015 3693 1217 3748 violatio
1256 3707 1494 3760 personae
1537 3695 1641 3746 Deo
1679 3707 1769 3759 per
1808 3699 1976 3746 votum
2015 3692 2253 3747 castitatis
2292 3700 2529 3754 sacratae,
2567 3692 2626 3742 de
2663 3705 2757 3755 qua

284 3797 330 3834 v.
353 3783 481 3836 intra
514 3789 551 3835 t.
586 3781 636 3834 4.
667 3794 712 3833 c.
739 3782 789 3832 2.
825 3778 956 3844 (heic
980 3786 1097 3833 sect.
1124 3783 1197 3842 6.)
1222 3781 1337 3832 dub.
1367 3783 1415 3832 2.
1446 3794 1491 3831 n.
1521 3780 1571 3832 6.

368 3905 557 3980 385.
596 3906 1009 3992 Sacrilegium
1040 3907 1357 3989 personale
1390 3908 1486 3970 est
1523 3906 1780 3970 violatio
1820 3924 2115 3990 personae
2162 3924 2391 3981 sacrae,
2426 3924 2535 3970 seu
2583 3905 2759 3968 actus

279 4033 400 4098 quo
435 4013 858 4079 irreverenter
888 4013 1196 4076 tractatur
1233 4029 1407 4075 sacra
1447 4030 1727 4094 persona,
1761 4029 1870 4094 per
1906 4009 2198 4074 iniuriam
2237 4011 2349 4073 aut
2381 4007 2761 4073 contamina-

281 4122 517 4186 tionem
553 4117 855 4183 violando
880 4117 1177 4181 honorem
1214 4116 1334 4200 ipsi
1366 4119 1438 4179 ut
1471 4136 1679 4182 sacrae
1710 4136 2006 4200 personae
2039 4115 2336 4180 debitum.

366 4223 626 4290 Auctor
660 4219 963 4302 triplicem
995 4219 1249 4283 modum
1282 4219 1590 4305 sacrilegii
1621 4219 1961 4303 personalis
1995 4219 2320 4282 memorat.
2354 4215 2482 4280 Alii
2532 4216 2762 4294 autem,

280 4329 349 4390 ut
377 4325 727 4409 Laymann
762 4321 870 4384 lib.
903 4321 965 4386 4.
1000 4323 1182 4385 tract.
1230 4323 1330 4386 10.
1365 4341 1498 4405 cap.
1531 4323 1588 4386 7.
1626 4342 1685 4386 n.
1721 4322 1806 4399 3.,
1842 4323 2132 4404 quatuor.

357 4529 422 4578 (a)
452 4523 654 4568 Confer
688 4521 880 4565 crimen
911 4522 1186 4576 sacrilegae
1214 4522 1596 4574 communionis,
1626 4534 1727 4575 quo
1764 4521 1879 4575 quis
1908 4520 1967 4562 fit
2005 4532 2122 4563 reus
2158 4519 2377 4574 corporis
2407 4523 2458 4562 et
2496 4519 2757 4574 sanguinis

280 4592 503 4646 Domini,
535 4601 669 4636 cum
694 4587 1045 4644 profanatione
1073 4588 1209 4632 vasis
1235 4591 1389 4633 sacri:
1421 4602 1488 4633 an
1515 4588 1607 4632 tibi
1636 4588 1845 4632 videtur
1871 4588 2007 4630 idem
2035 4587 2196 4641 specle
2232 4586 2588 4640 saerilegium?
2615 4584 2675 4626 E.
