3497 5147
682 367 790 424 534
824 382 1036 423 131101.
1058 381 1136 423 vr.
1151 380 1314 422 31101.
1338 381 1402 421 11.
1416 381 1502 421 mv:
1523 380 1803 424 sncunno
1827 380 2044 422 raam.
2066 379 2393 421 Damnosi.
2414 378 2547 420 oar.
2560 380 2652 420 111.
2676 381 2819 422 nun.
2841 380 2973 422 v111.
3000 363 3146 440 [706]

683 477 1177 564 Congregatione
1224 478 1322 542 vel
1368 475 1835 543 communitate
1881 480 1945 542 et
1990 478 2053 541 in
2100 478 2250 541 vota
2298 476 2677 562 obligatoria
2727 497 2761 542 a
2809 479 2997 543 tertio
3047 498 3147 543 ac-

682 583 949 665 ceptata,
976 599 1097 645 non
1129 598 1193 644 se
1222 579 1596 665 ingerant».
1623 580 1706 644 Et
1734 579 1798 643 in
1837 578 2049 644 Const.
2084 579 2267 642 Inter
2283 583 2665 658 praeta-§tos
2697 581 2757 643 3.
2783 581 2922 644 Dec.
2955 582 3146 646 1749.

685 688 745 771 g.
784 685 890 749 66.
930 708 965 741 «
997 682 1175 763 Quod
1212 701 1356 747 vero
1406 682 1635 746 attinet
1672 682 1751 746 ad
1783 683 2336 747 commutationem
2368 683 2682 758 votorum,
2715 682 2779 745 in
2812 683 3038 764 quibus
3070 683 3143 748 de

681 788 853 855 tertii
885 785 1261 871 praeiudicio
1296 785 1527 869 agitur,
1567 803 1726 866 quae
1764 784 2014 866 quidem
2060 783 2551 867 poenitentiariis
2598 783 3008 861 interdicitur,
3046 803 3150 868 ap-

683 892 885 977 posite
915 908 1063 954 sane
1094 887 1308 952 scribit
1339 885 1565 951 Suarez
1603 885 1707 968 (de
1738 885 1948 968 Reliy.
1982 887 2136 951 tom.
2165 888 2224 949 2.
2250 885 2357 949 lib.
2394 886 2454 949 6.
2487 905 2620 968 6311.
2653 888 2754 950 15.
2789 907 2848 950 11.
2868 887 2956 969 7.)
2988 886 3147 951 circa

685 996 836 1060 vota
856 989 1382 1072 perseverantiae,
1407 1006 1565 1070 quae
1591 1007 1627 1051 a
1650 987 2020 1070 quibusdam
2046 987 2225 1060 fiunt.
2245 987 2390 1052 dum
2414 989 2688 1069 aliquam
2710 986 2989 1073 Congreg
2999 988 3151 1053 atio-

685 1116 827 1162 nem
857 1092 1294 1178 ingrediuntur
1322 1108 1603 1171 quaeque
1634 1093 1927 1154 naturam
1959 1093 2289 1155 assumunt
2323 1092 2680 1155 contractus
2714 1093 2777 1155 et
2807 1091 3149 1173 reciprocae

689 1196 1089 1282 obligationis
1134 1194 1297 1258 inter
1339 1192 1509 1275 ipsos
1571 1195 1634 1257 et
1681 1190 2260 1277 Congregationem,
2309 1212 2469 1275 quae
2523 1193 2769 1257 eosdem
2821 1194 3058 1276 recipit,
3115 1212 3149 1258 a

687 1300 911 1384 quibus
949 1294 1418 1361 Poenitentiarii
1451 1295 1803 1378 dispensare
1840 1314 1961 1360 non
1995 1298 2276 1377 possunt,
2311 1299 2427 1360 etc.
2462 1321 2525 1358 ».

778 1396 953 1471 706.
980 1400 1014 1437 *
1039 1398 1263 1462 Restat
1293 1398 1505 1461 tamen
1536 1397 1853 1479 quaestio:
1889 1399 2184 1479 quoniam
2221 1400 2370 1463 voto
2404 1397 2725 1462 accedente
2754 1398 3148 1480 promissioni

687 1505 888 1570 factae
923 1500 1161 1567 homini
1208 1503 1270 1564 et
1320 1501 1675 1582 acceptatae
1722 1500 1826 1581 (ut
1872 1500 1926 1564 si
1972 1500 2306 1582 promittas
2353 1500 2804 1583 eleemosynam
2854 1500 3042 1564 alicui
3088 1502 3151 1564 et

686 1625 915 1674 voveas
938 1606 1069 1670 Deo
1107 1604 1253 1668 dare
1284 1603 1442 1668 hanc
1473 1603 1955 1687 eleemosynam)
1987 1602 2210 1686 duplex
2243 1602 2546 1686 obligatio
2584 1602 2914 1680 enascitur,
2956 1603 3152 1666 altera

686 1709 1009 1776 fidelitatis
1056 1726 1203 1791 erga
1250 1707 1472 1779 Deum,
1522 1707 1719 1770 altera
1766 1705 2046 1770 iustitiae
2093 1706 2191 1769 vel
2237 1705 2557 1769 fidelitatis
2618 1725 2767 1789 erga
2813 1706 3146 1783 hominem,

689 1812 1010 1897 quaeritur
1033 1829 1111 1874 an
1143 1809 1343 1892 possit
1363 1809 1627 1873 relaxari
1658 1809 1828 1891 prior
1852 1808 2154 1892 obligatio
2179 1808 2466 1872 manente
2490 1808 2758 1872 secunda
2781 1810 2844 1873 et
2868 1808 3152 1889 quaestio

689 1916 901 1981 eadem
949 1913 1081 1977 fieri
1127 1912 1335 1994 potest
1379 1930 1521 1975 cum
1567 1910 1703 1975 loco
1751 1910 1885 1974 voti
1933 1913 2027 1974 est
2073 1910 2512 1975 iuramentum.
2563 1908 2623 1974 S.
2673 1910 3032 1992 Alphonsus
3078 1909 3150 1974 de

690 2017 935 2082 Iuram.
958 2034 1019 2077 n.
1043 2014 1190 2077 192.
1210 2015 1543 2095 postquam
1569 2031 1640 2076 ea
1660 2011 1848 2089 dedit,
1876 2030 2035 2093 quae
2058 2029 2172 2075 nos
2195 2011 2524 2076 retulimus
2547 2010 2624 2075 dc
2647 2011 2891 2075 Iuram.
2919 2033 2980 2076 n.
3001 2014 3149 2076 598.

690 2117 929 2184 subdit:
970 2139 1007 2174 ‹
1045 2113 1162 2179 Sed
1192 2113 1265 2178 de
1301 2113 1419 2177 hoc
1464 2113 1816 2179 iuramento
1865 2114 2288 2196 principaliter
2316 2114 2380 2177 in
2413 2115 2614 2177 Deum
2663 2114 2887 2178 emisso
2921 2133 3153 2198 magna

690 2219 959 2285 vertitur
990 2216 1293 2298 quaestio,
1333 2215 1495 2281 circa
1542 2234 1731 2297 quam
1778 2215 1916 2280 vide
1955 2215 2209 2281 dicenda
2242 2236 2293 2280 6.
2335 2217 2396 2280 3.
2431 2215 2506 2279 de
2555 2215 2704 2278 Voto
2737 2236 2797 2280 n.
2841 2218 3015 2292 255..
3050 2217 3155 2282 ubi

692 2341 762 2387 ea
795 2322 1061 2398 exstant,
1101 2338 1258 2401 quae
1304 2337 1418 2383 nos
1464 2319 1862 2382 recitavimus
1909 2319 2044 2382 heic
2078 2337 2114 2382 a
2149 2338 2210 2381 n.
2249 2319 2395 2382 704.
2438 2315 2691 2383 Certum
2742 2323 2836 2384 est
2883 2320 3154 2401 quidem,

689 2424 857 2507 quod
888 2423 1216 2507 promissio
1248 2421 1415 2485 facta
1455 2421 1634 2484 alteri
1669 2421 1988 2503 acceptata
2025 2421 2242 2501 nequit
2272 2421 2403 2484 sine
2438 2421 2626 2485 huius
2658 2440 2957 2486 consensu
2990 2423 3088 2486 vel
3120 2441 3157 2486 a

689 2527 862 2611 Papa
892 2525 1176 2601 relaxari,
1210 2524 1394 2606 idque
1426 2524 1691 2605 utroque
1730 2522 1793 2586 in
1840 2523 1976 2587 loco
2026 2523 2302 2588 affirmat
2332 2543 2380 2588 s.
2417 2525 2681 2590 Doctor:
2714 2525 2822 2590 sed
2867 2527 3155 2591 manente

693 2630 1074 2714 obligatione
1106 2627 1531 2711 promissionis
1570 2626 1669 2689 vel
1707 2626 2083 2703 contractus,
2126 2647 2234 2691 6111
2270 2646 2392 2692 11011
2429 2628 2660 2710 poterit
2705 2628 2970 2693 relaxari
3009 2628 3159 2694 obli-

691 2733 864 2819 gatio
890 2732 1023 2797 voti
1054 2731 1152 2795 vel
1180 2730 1536 2807 iuramenti,
1563 2748 1706 2793 cum
1737 2729 1936 2793 altera
1966 2729 2096 2793 sine
2122 2731 2315 2794 altera
2342 2732 2509 2794 stare
2531 2731 2730 2813 possit
2761 2731 3159 2814 diversaeque

693 2835 820 2900 sint
854 2834 1165 2899 rationis?
2924 2903 2928 2908 ,

783 2936 1009 3001 Suarez
1042 2936 1115 2999 de
1165 2936 1314 3001 Voto
1345 2936 1387 2999 1.
1430 2935 1491 2999 6.
1531 2955 1581 2999 c.
1628 2936 1729 2998 15.
1765 2954 1814 2997 1.
1854 2936 1910 2999 7.
1948 2936 2007 2998 8.
2041 2935 2133 2999 ita
2172 2934 2245 2998 de
2274 2934 2392 2998 1136
2426 2954 2494 2999 16
2538 2934 2827 3010 decernit,
2869 2938 2943 3000 ut
2979 2956 3157 3021 regu-

691 3040 910 3105 lariter
952 3039 1014 3103 id
1061 3038 1194 3102 fieri
1241 3038 1526 3119 nequeat.
1577 3035 1817 3101 Statuit
1865 3038 2073 3101 tamen
2122 3037 2353 3118 absque
2406 3037 2838 3111 haesitatione,
2888 3039 3056 3120 quod
3103 3041 3154 3105 si

692 3145 913 3207 votum
951 3140 1048 3205 vel
1086 3139 1509 3203 iuramentum
1542 3139 1747 3203 solum
1782 3138 2075 3203 accedant
2106 3139 2502 3221 promissioni
2548 3141 2923 3222 acceptatae,
2961 3143 3159 3224 possit

692 3242 958 3307 relaxari
1003 3240 1195 3324 prius,
1228 3240 1515 3303 manente
1549 3240 1929 3324 obligatione
1964 3240 2388 3323 promissionis
2421 3242 2486 3304 et
2515 3243 2728 3305 monet
2758 3260 2937 3325 posse
2976 3244 3159 3309 inter-

694 3344 902 3409 cedere
932 3344 1165 3408 iustam
1196 3360 1450 3407 causam
1482 3342 1796 3407 auferendi
1827 3342 2145 3408 vinculum
2177 3343 2329 3407 voti.
2356 3342 2799 3421 NihilominuS,
2835 3346 2946 3423 ait,
2980 3366 3158 3432 regu·

692 3448 908 3513 lariter
952 3466 1075 3512 11011
1134 3446 1325 3511 habet
1376 3446 1584 3511 locum
1629 3446 1778 3511 talis
1826 3446 2240 3530 dispensati0;
2290 3448 2439 3529 quia
2487 3467 2725 3531 semper
2778 3451 3155 3532 promissum

693 3551 1134 3636 praestandum
1180 3552 1276 3615 est
1322 3550 1659 3615 secundum
1704 3552 1940 3615 rectam
1987 3550 2293 3614 rationem
2327 3551 2390 3614 et
2437 3550 2573 3615 ideo
2622 3550 2724 3615 vix
2770 3553 2979 3634 potest
3022 3552 3159 3618 dari

692 3656 863 3721 iusta
885 3674 1075 3719 causa
1107 3653 1184 3718 ad
1213 3652 1609 3718 auferendam
1632 3653 1933 3718 maiorem
1968 3652 2432 3736 obligationem.
2461 3652 2576 3717 Sed
2609 3653 2672 3716 id
2703 3655 2904 3737 gratis
2929 3655 3157 3721 dicitur

695 3760 776 3833 et,
817 3756 1117 3837 quidquid
1149 3757 1253 3829 sit,
1286 3756 1415 3819 vim
1446 3755 1779 3820 solutionis
1823 3755 2007 3820 datae
2046 3772 2167 3817 11011
2203 3753 2452 3818 minuit.
2487 3753 2713 3820 Subdit
2741 3774 2960 3838 porro:
2995 3758 3157 3823 idem

695 3857 819 3921 fere
844 3877 992 3933 esse,
1019 3858 1073 3921 si
1092 3859 1309 3921 votum
1341 3856 1526 3922 cadat
1547 3877 1732 3941 super
1755 3857 2224 3940 promissionem
2249 3855 2608 3934 humanam,
2636 3859 2797 3921 utin
2829 3859 3158 3924 materiam

696 3978 895 4024 suam.
929 3960 1095 4043 Ergo
1128 3960 1545 4042 consequitur,
1579 3960 1745 4042 quod
1783 3978 1891 4042 per
1921 3978 1985 4024 se
2017 3958 2208 4023 etiam
2246 3960 2384 4023 tum
2416 3960 2618 4042 possit
2647 3961 2806 4025 solvi
2838 3962 3157 4029 vinculum

696 4062 849 4140 voti,
867 4063 1154 4127 manente
1176 4062 1600 4143 promissione.
1620 4060 1865 4125 Pariter
1889 4060 2314 4142 quaestionem
2338 4062 2530 4126 solvit
2548 4061 2814 4127 Sanchez
2839 4063 2881 4126 l.
2902 4065 2966 4127 4.
2984 4066 3156 4129 c.4l.

694 4186 754 4230 11.
794 4166 896 4230 15.
929 4165 1249 4248 inquiens:
1290 4188 1327 4223 ‹
1357 4163 1627 4228 breviter
1663 4163 2000 4245 respondeo
2039 4182 2179 4228 cum
2219 4162 2444 4229 Suarez
2479 4166 2548 4248 (1.
2585 4166 2686 4245 c.),
2727 4165 2790 4229 id
2823 4185 2895 4230 ex
2930 4169 3158 4232 natura

694 4287 808 4332 sua
845 4287 968 4332 non
999 4285 1364 4353 repugnare,
1404 4266 1533 4331 sive
1581 4265 1839 4329 seorsim
1886 4264 1999 4331 fiat
2047 4268 2311 4349 utraque
2357 4267 2684 4351 promissio
2734 4268 2861 4332 sive
2909 4269 3160 4334 coniun-

695 4372 911 4455 gatur:
948 4372 1015 4434 at
1059 4371 1123 4434 in
1172 4368 1364 4452 priori
1411 4386 1558 4431 casu
1591 4366 1726 4430 dari
1775 4366 2020 4433 facilius
2059 4388 2330 4447 causam,
2365 4389 2552 4451 quam
2602 4371 2666 4436 111
2703 4372 3063 4453 posteriore,
3098 4372 3158 4436 111

697 4490 820 4555 (1110
852 4489 994 4536 1310
1027 4474 1235 4555 potest
1266 4490 1338 4535 ea
1369 4488 1559 4535 causa
1589 4469 1841 4535 subesse
1864 4497 1926 4536 ».
1953 4472 2075 4537 Res
2106 4491 2253 4556 ergo
2280 4473 2479 4537 omnis
2512 4473 2633 4537 huc
2662 4472 2840 4549 redit,
2869 4474 2943 4536 ut
2972 4491 3159 4538 631133

696 4575 1169 4660 proportionata
1217 4574 1399 4650 adsit,
1447 4593 1572 4655 qua
1619 4573 1827 4658 posita
1875 4575 2031 4639 nihil
2078 4575 2364 4658 prohibet
2426 4574 2652 4640 auferri
2709 4576 3155 4660 obligationem
