3497 5147
423 326 570 401 [872]
1472 349 1556 387 ma
1594 347 1866 391 smcimo
2783 343 2889 399 647

423 440 625 522 reipsa
665 459 701 503 a
735 441 1186 506 tentationibus
1219 445 1569 509 carnalibus
1600 464 1723 510 non
1755 447 2015 525 liberat3
2048 449 2194 513 licet
2235 449 2533 533 impotem
2579 451 2890 517 hominem

424 541 643 606 reddat
676 543 754 606 ad
785 545 1223 627 generandum.

512 644 650 708 Hoc
680 644 910 709 crimen
942 646 1067 710 iam
1101 646 1241 712 inde
1267 667 1301 711 a
1327 649 1542 731 primis
1574 650 1881 716 Ecclesiae
1913 654 2297 735 temporibus
2329 654 2588 719 disserte
2625 656 2892 719 vetitum

424 746 545 811 fuit
579 747 714 810 tum
745 747 810 811 in
843 744 1197 813 Canonibus
1228 750 1420 835 vulgo
1452 751 1920 835 Apostolorum,
1948 756 2085 818 tum
2110 756 2172 819 in
2201 754 2475 821 Concilio
2500 756 2792 833 Nicaeno,
2828 759 2891 822 et

422 849 716 914 adversus
754 849 912 914 illud
951 851 1196 915 statuta
1228 853 1324 916 est
1369 872 1565 935 poena
1596 854 2083 939 irregularitatis
2120 858 2254 940 ipso
2301 858 2469 924 facto
2501 859 2887 924 incurrenda.

510 952 975 1017 Advertendum
999 954 1209 1018 tamen
1234 953 1627 1036 (vid.Christ.
1648 956 1805 1040 Lup.
1821 958 1898 1021 ad
1915 957 2339 1025 Can.1.Conc.
2359 960 2526 1044 Nic.)
2549 962 2609 1025 N
2612 962 2889 1026 icaenam

421 1057 623 1142 legem
669 1057 966 1122 statuisse
1019 1058 1224 1122 solum
1270 1058 1343 1123 de
1382 1060 1722 1125 evitatione
1769 1061 1834 1125 et
1879 1062 2128 1143 quidem
2177 1082 2365 1144 quam
2412 1064 2530 1128 sibi
2577 1065 2887 1146 quispiam

422 1178 610 1223 sanus
658 1161 932 1223 curaret:
975 1185 1009 1217 «
1043 1158 1118 1223 Si
1147 1161 1290 1241 quis
1321 1162 1531 1225 autem
1564 1162 1797 1244 (inquit
1833 1161 2075 1248 Canon)
2108 1184 2144 1228 a
2181 1165 2432 1230 medicis
2480 1169 2731 1249 propter
2759 1168 2890 1229 lan-

420 1281 681 1347 guorem
713 1262 823 1345 (sc.
858 1261 1319 1346 infirmitatem)
1357 1263 1637 1329 desectus
1670 1266 1766 1329 est
1798 1267 1909 1329 aut
1941 1286 1977 1331 a
2009 1268 2289 1332 barbaris
2329 1268 2658 1345 abscissus,
2694 1269 2793 1331 hic
2823 1269 2886 1331 in

420 1365 583 1429 clero
623 1365 1044 1448 permaneat...
1079 1363 1179 1429 Sic
1216 1385 1339 1443 eoS,
1380 1385 1536 1448 quos
1584 1367 1696 1430 aut
1727 1368 1974 1432 barbari
2022 1371 2136 1434 aut
2166 1370 2399 1434 domini
2432 1372 2886 1446 castraverunt,

422 1468 474 1531 si
504 1467 902 1533 inveniantur
934 1468 1091 1532 alias
1124 1468 1494 1553 dignissimi,
1520 1470 1679 1533 tales
1713 1469 1791 1533 ad
1829 1470 2061 1535 clerum
2093 1471 2357 1555 suscipit
2387 1473 2604 1556 regula
2631 1497 2692 1534 ».
2721 1473 2888 1555 Ergo

423 1571 500 1634 ob
540 1570 728 1634 aliam
775 1570 1239 1635 mutilationem
1287 1589 1407 1635 non
1456 1570 1674 1634 statim
1713 1570 1904 1636 fiebat
1950 1573 2261 1655 quispiam
2307 1574 2686 1657 irregularis.
2727 1574 2888 1637 Hinc

421 1692 561 1736 cum
610 1672 758 1736 olim
807 1672 1176 1737 Ammonius
1225 1673 1480 1754 quidam
1527 1673 1644 1737 sibi
1693 1674 2123 1755 praescidisset
2171 1676 2538 1752 auriculam,
2589 1694 2664 1739 ne
2713 1676 2890 1740 fieret

419 1774 778 1858 Episcopus,
812 1775 1129 1858 respondit
1176 1774 1488 1858 Synodus:
1524 1773 1705 1838 Haec
1750 1794 1880 1838 esse
1911 1776 2169 1839 Iudaeis
2214 1776 2416 1840 solum
2461 1776 2888 1841 observanda:

423 1875 739 1941 Ecclesiae
785 1882 992 1940 autem
1035 1875 1282 1941 Christi
1326 1877 1600 1940 membra
1645 1878 1922 1956 corporis
1958 1878 2212 1941 minime
2259 1898 2446 1941 curae
2492 1898 2640 1954 esse,
2674 1878 2788 1941 sed
2819 1883 2895 1942 ut

418 1980 704 2043 sacerdos
727 1978 1061 2042 dumtaxat
1079 1980 1165 2042 sit
1186 1980 1451 2061 inteyris
1475 1978 1771 2042 moribus
1800 1980 1900 2043 Ita
1924 1980 2173 2061 quidem
2198 1981 2515 2063 antiquior
2539 1980 2886 2063 disciplina.

420 2081 506 2145 At
523 2082 918 2147 Innocentius
940 2083 990 2147 Ι.
1008 2082 1073 2145 111
1105 2082 1334 2146 litteris
1361 2081 1437 2145 ad
1454 2081 1721 2146 Felicem
1747 2081 2189 2158 Nucerianum,
2215 2081 2528 2147 Canonem
2543 2083 2887 2148 Niceanum

423 2183 500 2247 ad
532 2201 984 2265 quamcumque
1031 2184 1129 2247 sui
1162 2184 1357 2267 ipsius
1390 2183 1853 2248 mutilationem
1899 2185 2190 2262 extendit,
2227 2203 2385 2267 quae
2433 2185 2651 2269 regula
2689 2187 2750 2248 in
2788 2187 2885 2250 ius

420 2286 902 2351 ecclesiasticum
935 2286 1172 2351 adscita
1204 2289 1317 2364 est,
1352 2288 1427 2351 ut
1452 2306 1565 2351 suo
1590 2287 1725 2351 loco
1761 2287 2126 2365 videbimuS,
2155 2287 2262 2351 ubi
2295 2287 2368 2351 de
2393 2288 2886 2371 Irregularitate.

508 2388 646 2453 Non
687 2390 895 2454 tamen
944 2389 1358 2454 omittendum
1406 2389 1570 2471 quod
1618 2390 1801 2454 notat
1847 2389 2084 2453 Molina
2122 2391 2274 2453 tom.
2316 2389 2377 2452 4.
2418 2390 2498 2452 tr.
2534 2390 2595 2453 3.
2630 2390 2786 2473 disp.
2823 2393 2883 2455 9.

417 2515 476 2558 11.
513 2497 571 2558 2.
608 2495 671 2559 111
704 2495 829 2573 fin„
864 2495 1109 2560 licitum
1143 2515 1272 2560 esse
1312 2495 1659 2560 membrum
1698 2494 1974 2581 affligere
2023 2495 2100 2558 ad
2147 2496 2557 2559 tentationem
2607 2495 2883 2577 aliquam

417 2598 640 2662 melius
662 2598 1043 2675 vincendam,
1059 2600 1544 2683 sanguinemque
1562 2617 1772 2662 eruere
1796 2597 2049 2662 vulnere
2064 2597 2323 2674 inflicto,
2336 2596 2519 2662 modo
2537 2597 2884 2661 membrum

417 2718 539 2764 non
561 2700 947 2782 periclitetur
978 2701 1291 2783 laesioque
1315 2700 1706 2764 rationabilis
1732 2700 1818 2763 sit
1850 2701 2216 2781 attentoque
2241 2699 2513 2782 periculo
2541 2699 2881 2781 expediens

507 2797 685 2871 872.
720 2802 808 2867 At
853 2802 977 2866 alia
1016 2803 1298 2884 quaestio
1332 2803 1466 2866 heic
1514 2802 1902 2884 proponitur,
1938 2821 2090 2866 num
2135 2801 2322 2865 liceat
2370 2820 2434 2866 se
2481 2801 2775 2866 mutilare
2809 2802 2884 2866 ad

418 2904 616 2969 vitam
647 2905 1032 2983 servandam,
1061 2924 1181 2970 non
1215 2905 1395 2987 quasi
1427 2903 1750 2987 putridum
1782 2904 2128 2968 membrum
2162 2904 2266 2978 sit,
2295 2904 2400 2969 sed
2433 2904 2558 2968 alia
2586 2904 2659 2969 de
2676 2924 2885 2982 causa,

420 3005 495 3070 ad
534 3007 855 3073 vitandam
892 3008 1129 3073 scilicet
1160 3008 1427 3073 mortem
1459 3006 1837 3071 extrinsecus
1869 3007 2346 3090 impendentem.

506 3108 669 3174 Nam
706 3111 768 3172 1³
799 3110 961 3194 finge
1010 3110 1280 3192 aliquem
1327 3110 1424 3174 vel
1473 3129 1508 3174 a
1542 3111 1806 3194 tyranno
1855 3111 1953 3173 vel
1987 3129 2022 3174 a
2055 3111 2405 3175 latronibus
2455 3110 2568 3172 aut
2605 3111 2885 3173 barbaris

418 3212 754 3276 abductum
778 3215 841 3276 et
871 3213 1065 3277 ferrea
1090 3214 1308 3277 catena
1339 3233 1531 3277 manu
1556 3214 1856 3290 vinctum,
1884 3212 2264 3277 destinatum
2299 3216 2509 3276 autem
2543 3212 2614 3275 ad
2651 3232 2880 3289 necem,

419 3316 596 3379 cuius
630 3317 875 3398 tempus
924 3315 1205 3380 differtur
1242 3315 1340 3379 vel
1370 3316 1435 3378 in
1467 3315 1810 3379 erastinum
1860 3315 1956 3378 vel
1994 3316 2180 3396 paulo
2229 3316 2390 3396 post.
2426 3314 2760 3393 Quaeritur
2808 3335 2886 3378 an

417 3418 615 3500 possit
646 3418 763 3482 sibi
786 3437 1042 3481 manum
1074 3417 1439 3499 praecidere,
1466 3419 1541 3480 ut
1572 3417 1786 3500 fugere
1819 3418 2047 3498 possit:
2075 3418 2227 3479 item
2253 3416 2307 3479 si
2341 3417 2640 3498 alligatus
2666 3420 2884 3480 catena

416 3518 613 3583 ferrea
643 3520 707 3584 in
741 3539 810 3584 eo
845 3521 949 3599 sia,
985 3521 1075 3594 ut,
1112 3519 1229 3584 nisi
1266 3519 1535 3582 abscissa
1573 3537 1763 3581 manu
1801 3518 2028 3600 fugias,
2069 3517 2348 3581 incendio
2381 3536 2612 3599 pereas.

602 3621 669 3684 2ο
699 3622 894 3707 Finge
927 3623 1263 3706 tyrannum
1310 3618 1806 3704 praecipientem,
1842 3621 1915 3682 ut
1949 3621 2060 3683 aut
2098 3620 2216 3683 tibi
2260 3638 2517 3683 manum
2557 3619 2885 3683 obtruncos

419 3728 518 3792 vel
553 3728 788 3811 pedem,
824 3729 921 3793 vel
960 3731 1227 3794 mortem
1266 3730 1433 3793 certo
1473 3727 1715 3791 subeas.

597 3832 667 3894 3θ
700 3832 894 3915 Finge
940 3832 1255 3896 hominem
1304 3829 1379 3894 ad
1429 3848 1637 3894 necem
1685 3826 2041 3909 quaesitum
2086 3827 2263 3892 1113311
2311 3827 2603 3911 principis
2651 3827 2886 3892 inimici

420 3933 857 4015 obsessumque
885 3953 919 3997 a
946 3934 1343 4008 satellitibus,
1379 3932 1487 4014 qui
1518 3931 1731 4016 fugere
1763 3948 1884 3994 non
1918 3930 2117 4013 possit
2154 3932 2218 3995 et
2255 3930 2432 4008 sciat,
2461 3931 2515 3995 si
2549 3931 2884 3995 abscissam

416 4055 671 4099 manum
710 4035 998 4118 proiiciat
1042 4036 1326 4101 hostibus
1361 4035 1437 4099 ad
1485 4034 1823 4117 principem
1856 4032 2265 4110 deferendam,
2300 4033 2444 4097 huic
2492 4034 2886 4097 satisfactmn

414 4138 493 4202 iri
527 4158 599 4202 ac
629 4137 828 4202 vitam
862 4137 981 4202 sibi
1012 4137 1290 4219 polliceri
1320 4156 1519 4220 posse.

596 4242 667 4303 4⁰
708 4240 905 4324 Finge
952 4258 1185 4314 casum,
1236 4259 1419 4322 quem
1466 4239 1723 4303 Flavius
1771 4239 1993 4322 Ioseph
2040 4239 2256 4303 narrat
2302 4238 2376 4301 de
2423 4237 2594 4300 Bell.
2636 4236 2884 4300 Iudaic.

414 4343 522 4406 lib.
565 4345 625 4406 2.
661 4361 793 4424 cap.
831 4343 934 4404 21.
971 4362 1030 4404 11.
1072 4342 1171 4404 10.
1208 4360 1278 4404 ex
1311 4341 1458 4404 edit.
1493 4339 1858 4424 Avercamp.
1893 4340 1985 4422 (in
2033 4343 2223 4406 veter.
2266 4340 2410 4404 edit.
2452 4359 2585 4423 cap.
2623 4340 2778 4422 27.),
2821 4359 2886 4403 se

416 4445 659 4510 misisse
691 4443 1017 4524 quendam,
1046 4443 1154 4524 qui
1185 4441 1431 4506 cuidam
1454 4440 1618 4507 Clito
1651 4461 1873 4507 manus
1905 4443 2279 4526 amputaret.
2315 4467 2349 4501 α
2375 4441 2577 4508 Clitus
2603 4446 2881 4508 autem...

418 4547 825 4631 supplicabat,
860 4548 934 4610 ut
966 4565 1155 4610 unam
1202 4544 1320 4609 sibi
1357 4562 1614 4608 manum
1659 4545 1963 4627 reliquam
1994 4546 2241 4610 faceret.
2284 4544 2563 4629 Cumque
2594 4547 2712 4612 hoc
2744 4567 2883 4610 con-
