3497 5147
375 349 524 425 [144]
559 364 661 419 An,
698 363 952 413 QUANDO
987 364 1066 403 m·
1102 362 1397 411 Quouono
1433 362 1697 404 onmem·
1734 362 2143 405 PnancnPwM
2181 364 2504 406 mamus
2542 366 2649 405 nm
2728 350 2830 405 107

462 462 624 526 Tum
667 463 749 524 lm
785 481 856 526 ex
887 460 1198 525 damnatis
1248 461 1327 523 ab
1371 460 1544 524 Alex.
1580 459 1760 523 VH.:
1804 486 1837 518 «
1868 461 2075 525 Homo
2124 462 2295 526 nullo
2344 481 2619 543 unquam
2666 461 2832 525 vitae

369 582 521 628 suae
560 565 835 646 tempore
874 564 1121 626 tenetur
1165 561 1381 625 elicere
1428 562 1639 627 actum
1684 562 1846 639 fidei,
1897 561 2026 646 spei
2058 563 2123 626 et
2153 562 2434 627 caritatis
2467 583 2537 627 ex
2569 563 2633 627 vi
2658 582 2834 646 prae-

372 669 698 749 ceptorum
729 664 810 728 ad
855 683 959 729 eas
991 664 1258 730 virtutes
1290 665 1735 747 pertinentium
1772 690 1834 728 ».

465 769 926 851 Perpendamus
973 785 1153 831 casus
1187 767 1264 831 ab
1296 767 1370 830 A.
1420 768 1788 850 propositos.

1031 938 1080 1000 I.
1114 935 1216 1000 De
1252 936 1632 1018 adipiscente
1665 959 1847 1002 usum
1891 940 2179 1004 rationis,

466 1074 629 1149 142.
664 1075 792 1141 Cur
822 1077 1061 1142 Auctor
1081 1075 1251 1140 dicat
1259 1075 1683 1156 probabiliter
1706 1077 1902 1141 teneri
1925 1098 2205 1161 puerum,
2240 1079 2701 1161 explicavimu8‚
2726 1076 2836 1141 ubi

374 1183 450 1247 de
505 1181 834 1264 praecepto
882 1177 1024 1262 Spei
1075 1178 1239 1243 idem
1285 1178 1744 1262 disputavimus
1791 1182 1856 1243 et
1900 1179 2217 1244 innuimus
2263 1180 2707 1262 quaestionem,
2756 1197 2837 1242 an

378 1301 602 1349 surm
635 1301 786 1366 puer
817 1281 1124 1358 teneatur,
1158 1299 1223 1345 se
1256 1281 1334 1345 ad
1365 1281 1566 1346 Deum
1598 1283 1973 1359 convertere,
2009 1282 2147 1348 aliis
2181 1282 2658 1356 affirmantibuS‚
2697 1280 2838 1345 aliis

375 1386 775 1472 negantibus.

469 1486 648 1568 Quod
680 1485 969 1551 subditur
999 1486 1073 1549 de
1111 1482 1403 1564 Coninck,
1438 1486 1914 1571 intelligendum
1945 1488 2042 1551 est
2068 1486 2311 1551 seclusa
2346 1486 2839 1562 &mammeam

380 1611 529 1656 nam
560 1589 885 1654 accedente
915 1588 1387 1665 inadvertentia‚
1423 1592 1820 1654 excusaretur
1844 1591 2035 1654 etiam
2067 1590 2143 1653 ad
2178 1589 2533 1654 diuturnius
2571 1591 2837 1670 tempus.

472 1691 614 1757 Non
645 1694 810 1756 recte
840 1690 1051 1756 autem
1083 1691 1320 1755 Auctor
1352 1691 1611 1774 opponit
1635 1690 1926 1756 Valentia
1957 1711 2101 1756 cum
2131 1692 2345 1767 Palao‚
2379 1690 2489 1772 qui
2519 1689 2593 1753 de
2639 1686 2838 1752 Garit.

386 1797 573 1861 tract.
621 1796 681 1858 6.
716 1794 870 1877 disp.
924 1795 982 1857 1.
1032 1795 1240 1877 punct.
1290 1795 1352 1857 4.
1401 1813 1462 1858 n.
1512 1796 1572 1857 2.
1622 1795 1971 1877 profitetur,
2020 1814 2084 1859 se
2117 1795 2393 1869 eandem,
2428 1813 2500 1858 ac
2528 1791 2839 1865 Valentia,

391 1897 762 1962 sententiam
790 1897 1015 1962 habere
1046 1899 1112 1961 et
1146 1896 1351 1962 solum
1398 1896 1544 1960 ibid.
1594 1898 1803 1981 negat,
1853 1915 2114 1978 puerum
2155 1897 2348 1962 teneri
2392 1897 2457 1961 in
2506 1895 2703 1980 primo
2748 1893 2843 1957 in-

390 1999 590 2066 stanti
622 2018 769 2063 usus
798 1999 1062 2064 rationis
1093 1999 1158 2062 et
1190 1999 1283 2062 ait
1310 2016 1487 2080 posse
1520 1999 1691 2081 prius
1723 1999 2112 2064 committere
2143 2000 2465 2083 peccatum
2496 1996 2754 2061 veniale.

476 2103 643 2166 Bene
673 2101 998 2186 Laymann
1029 2101 1137 2165 lib.
1179 2103 1238 2164 2.
1273 2103 1352 2165 tr.
1389 2103 1450 2165 3.
1485 2120 1618 2184 cap.
1654 2103 1714 2165 2.
1748 2122 1810 2165 n.
1852 2102 1950 2166 6.:
1991 2125 2026 2160 ‹
2058 2100 2279 2166 Curari
2309 2102 2557 2166 deberet
2589 2120 2622 2164 a
2662 2101 2849 2163 Paro-

385 2205 541 2281 chis‚
574 2204 954 2287 parentibus,
988 2203 1396 2280 confessariiS‚
1437 2206 1512 2269 ut
1557 2222 1780 2287 pueros
1813 2205 1877 2268 et
1913 2203 2095 2268 rudes
2129 2203 2520 2280 admoneant,
2569 2202 2845 2286 cogitare

388 2328 425 2372 a
447 2325 574 2390 quo
607 2307 801 2372 creati
831 2307 896 2371 et
930 2307 1128 2370 curin
1159 2307 1276 2371 hoc
1303 2306 1536 2371 mundo
1569 2306 1759 2389 positi
1790 2307 1935 2384 sint,
1968 2307 2263 2371 nimirum
2296 2307 2371 2370 ut
2406 2308 2537 2369 Deo
2570 2304 2847 2369 omnium

390 2410 634 2476 auctori
667 2428 738 2474 ac
771 2409 1036 2473 Domino
1074 2409 1368 2482 serviant,
1403 2409 1481 2474 ad
1526 2409 1732 2493 ipsum
1765 2410 2066 2491 tanquam
2098 2409 2395 2474 ultimum
2440 2408 2625 2471 finem
2664 2406 2853 2470 actio-

391 2513 574 2579 nibus
622 2512 902 2586 tendant,
949 2511 1050 2576 cui
1087 2512 1150 2575 in
1183 2513 1549 2595 perpetuum
1595 2511 1759 2577 uniti
1805 2530 1936 2578 esse
1966 2510 2190 2578 debent
2226 2535 2287 2573 ».
2328 2510 2415 2573 At
2448 2526 2602 2593 opus
2634 2509 2730 2572 est
2773 2506 2849 2570 ut

395 2616 760 2699 praesertim
784 2615 986 2679 Deum
1009 2616 1359 2698 proponant
1382 2614 1718 2680 secundum
1743 2634 1815 2680 ea
1839 2614 2168 2692 attributa,
2194 2632 2353 2696 quae
2378 2612 2667 2677 affectum
2697 2610 2853 2674 filia·

392 2718 516 2782 lem
563 2718 855 2795 excitant,
903 2717 1034 2781 scil.
1086 2717 1182 2782 uti
1225 2718 1468 2800 patrem
1514 2717 1823 2782 creatione
1869 2720 1933 2781 et
1979 2716 2310 2801 adoptione
2347 2717 2463 2779 etc.
2504 2712 2850 2798 providum,

395 2823 732 2899 amantem,
780 2820 1234 2887 benefactorem
1269 2820 1774 2885 liberalissimum
1813 2823 1929 2884 etc.
1978 2823 2116 2885 tum
2163 2818 2481 2884 Christum
2520 2836 2630 2901 pro
2662 2815 2857 2881 homi-

395 2924 580 2989 nibus
609 2923 980 2988 morientem
1011 2925 1127 2988 etc.

485 3024 952 3109 Speculationes
998 3026 1212 3090 autem
1256 3025 1527 3091 Escobar
1572 3027 1636 3090 et
1681 3025 2014 3090 Trullench
2058 3025 2294 3090 nullius
2339 3026 2487 3090 sunt
2531 3021 2851 3088 momenti.

394 3130 562 3194 Nam
584 3148 766 3194 nemo
789 3130 1022 3212 mccat,
1047 3130 1167 3193 nisi
1190 3130 1348 3194 sciat
1373 3129 1818 3214 obligationem
1849 3129 1914 3193 et
1944 3128 2206 3192 scienter
2228 3127 2380 3191 velit
2413 3125 2859 3209 obligationem

394 3233 652 3298 violare.
701 3229 992 3296 Ceterum
1036 3231 1289 3313 peccata
1334 3230 1470 3296 ideo
1502 3231 1712 3306 dubia,
1745 3231 1895 3312 quia
1932 3230 2071 3312 quis
2116 3228 2331 3303 nescit,
2379 3227 2626 3310 quando
2674 3226 2859 3311 urget

398 3333 725 3418 obligatio,
773 3352 899 3397 non
945 3334 1094 3398 sunt
1136 3334 1401 3398 materia
1445 3334 1790 3398 necessaria
1834 3331 2234 3398 confessionis
2282 3332 2346 3394 et
2382 3329 2682 3411 quidquid
2714 3328 2859 3393 deli-

397 3435 609 3518 querit
645 3435 806 3517 quis,
838 3435 1203 3516 remittitur,
1236 3435 1484 3500 etiamsi
1521 3454 1799 3518 expresse
1836 3454 1960 3502 non
1990 3435 2285 3499 fateatur.

1015 3592 1098 3656 II.
1131 3593 1234 3656 Ne
1281 3594 1422 3675 quis
1469 3592 1722 3656 labatur
1758 3593 1828 3655 in
1859 3591 2070 3656 odium
2099 3589 2247 3654 Dei.

495 3740 654 3816 143.
689 3744 931 3822 Recole,
959 3764 1118 3827 quae
1163 3745 1431 3810 diximus
1476 3745 1549 3810 de
1595 3746 1849 3828 peccato
1882 3741 2326 3827 desperationis
2357 3742 2438 3804 tr.
2472 3739 2546 3803 de
2577 3737 2717 3818 Spe.
2752 3737 2864 3802 Vi-

404 3847 627 3912 delicet
672 3847 899 3912 teneris
946 3866 1017 3912 ex
1047 3850 1383 3927 praecepto
1427 3847 1734 3919 caritatis,
1786 3864 1911 3927 qua
1956 3844 2320 3929 negativum
2373 3844 2486 3919 est,
2536 3841 2615 3906 ad
2676 3839 2867 3923 repel-

403 3951 654 4016 lendam
683 3950 1114 4015 tentationem.
1142 3948 1259 4015 Sed
1291 3968 1411 4014 non
1443 3949 1579 4015 ideo
1611 3949 1839 4014 teneris
1872 3947 1950 4012 ad
1988 3945 2352 4013 eliciendum
2378 3947 2588 4009 actum
2614 3942 2862 4019 amone,

409 4053 526 4117 nisi
559 4051 645 4116 sit
675 4052 930 4118 unicum
959 4052 1231 4117 medium
1258 4053 1667 4117 tentationem
1699 4051 2000 4115 vincendi.
2035 4048 2241 4125 Seme,
2269 4048 2325 4112 si
2351 4048 2534 4112 aliter
2550 4046 2610 4108 id
2636 4062 2865 4128 posseS‚

409 4175 467 4220 v,
505 4175 602 4241 gr.
641 4156 915 4219 mentem
952 4155 1076 4220 alio
1109 4154 1465 4219 divertendo
1499 4157 1613 4219 aut
1648 4154 1919 4220 Mariam
1951 4151 2293 4220 invocando
2327 4153 2463 4215 etc..

545 4320 658 4384 ΙΙΙ.
711 4316 974 4400 Quando
1009 4317 1151 4400 quis
1182 4317 1273 4380 ad
1312 4317 1819 4397 iustificationem
1849 4315 2050 4380 solum
2080 4314 2190 4379 hoc
2235 4315 2505 4378 medium
2536 4310 2733 4375 habet.

505 4462 666 4537 144.
714 4466 887 4530 Haec
931 4467 1139 4530 tamen
1174 4465 1477 4549 obligatio
1507 4484 1631 4530 non
1680 4465 1882 4529 oritur
1919 4483 1990 4527 ex
2027 4465 2353 4548 praecepto
2392 4461 2674 4525 caritatis
2722 4475 2871 4541 erga

415 4571 637 4648 Deum,
672 4568 781 4635 sed
811 4569 908 4633 vel
941 4588 980 4633 a
1016 4568 1251 4633 virtute
1287 4567 1650 4651 Religionis,
1684 4567 1786 4631 vel
1818 4586 1855 4630 a
1885 4566 2146 4631 caritate
2179 4582 2326 4649 erga
2358 4584 2423 4630 se
2454 4566 2569 4627 etc.
