<?xml version="1.0" encoding="UTF-8"?>
<!DOCTYPE html PUBLIC "-//W3C//DTD XHTML 1.0 Transitional//EN"
    "http://www.w3.org/TR/xhtml1/DTD/xhtml1-transitional.dtd">
<html xmlns="http://www.w3.org/1999/xhtml" xml:lang="en" lang="en">
 <head>
  <title>
</title>
<meta http-equiv="Content-Type" content="text/html;charset=utf-8" />
  <meta name='ocr-system' content='tesseract 3.04.00' />
  <meta name='ocr-capabilities' content='ocr_page ocr_carea ocr_par ocr_line ocrx_word'/>
</head>
<body>
  <div class='ocr_page' id='page_1' title='image "./opustheologicum00ballgoog/opustheologicum00ballgoog_0393.png"; bbox 0 0 3497 5147; ppageno 0'>
   <div class='ocr_carea' id='block_1_1' title="bbox 676 326 3144 400">
    <p class='ocr_par' dir='ltr' id='par_1_1' title="bbox 676 326 3144 400">
     <span class='ocr_line' id='line_1_1' title="bbox 676 326 3144 400; baseline 0.001 -18"><span class='ocrx_word' id='word_1_1' title='bbox 676 326 785 382; x_wconf 85' lang='grc'><strong>386</strong></span> <span class='ocrx_word' id='word_1_2' title='bbox 874 339 1085 382; x_wconf 70' lang='grc' dir='ltr'><strong>τΒΑοτ.</strong></span> <span class='ocrx_word' id='word_1_3' title='bbox 1114 341 1193 382; x_wconf 79' lang='lat' dir='ltr'><strong>vt.</strong></span> <span class='ocrx_word' id='word_1_4' title='bbox 1222 339 1384 381; x_wconf 72' lang='lat' dir='ltr'><strong>sno-r.</strong></span> <span class='ocrx_word' id='word_1_5' title='bbox 1412 340 1448 382; x_wconf 90' lang='lat'><strong>1.</strong></span> <span class='ocrx_word' id='word_1_6' title='bbox 1475 341 1562 381; x_wconf 75' lang='lat' dir='ltr'><strong>Dm</strong></span> <span class='ocrx_word' id='word_1_7' title='bbox 1586 340 1779 382; x_wconf 63' lang='lat' dir='ltr'><strong>mimo</strong></span> <span class='ocrx_word' id='word_1_8' title='bbox 1805 340 2019 381; x_wconf 56' lang='lat' dir='ltr'><strong>Panno.</strong></span> <span class='ocrx_word' id='word_1_9' title='bbox 2045 340 2375 383; x_wconf 58' lang='lat' dir='ltr'><strong>ottonom.</strong></span> <span class='ocrx_word' id='word_1_10' title='bbox 2401 341 2532 382; x_wconf 79' lang='lat' dir='ltr'><strong>GAP.</strong></span> <span class='ocrx_word' id='word_1_11' title='bbox 2562 342 2628 382; x_wconf 90' lang='lat'><strong>11.</strong></span> <span class='ocrx_word' id='word_1_12' title='bbox 2653 342 2800 383; x_wconf 77' lang='lat' dir='ltr'><strong>nun.</strong></span> <span class='ocrx_word' id='word_1_13' title='bbox 2833 343 2923 384; x_wconf 91' lang='lat'><strong>111.</strong></span> <span class='ocrx_word' id='word_1_14' title='bbox 2996 329 3144 400; x_wconf 64' lang='grc' dir='ltr'><strong>[ΗΒ]</strong></span> 
     </span>
    </p>
   </div>
   <div class='ocr_carea' id='block_1_2' title="bbox 1663 548 2170 612">
    <p class='ocr_par' dir='ltr' id='par_1_2' title="bbox 1663 548 2170 612">
     <span class='ocr_line' id='line_1_2' title="bbox 1663 548 2170 612; baseline 0 -1"><span class='ocrx_word' id='word_1_15' title='bbox 1663 548 2020 612; x_wconf 72' lang='lat' dir='ltr'><strong>An&#39;mcums</strong></span> <span class='ocrx_word' id='word_1_16' title='bbox 2052 548 2170 612; x_wconf 87' lang='lat' dir='ltr'><strong>III.</strong></span> 
     </span>
    </p>
   </div>
   <div class='ocr_carea' id='block_1_3' title="bbox 971 689 2843 771">
    <p class='ocr_par' dir='ltr' id='par_1_3' title="bbox 971 689 2843 771">
     <span class='ocr_line' id='line_1_3' title="bbox 971 689 2843 771; baseline -0.001 -16"><span class='ocrx_word' id='word_1_17' title='bbox 971 692 1103 766; x_wconf 80' lang='lat' dir='ltr'><strong>An,</strong></span> <span class='ocrx_word' id='word_1_18' title='bbox 1138 696 1199 755; x_wconf 77' lang='lat' dir='ltr'><strong>et</strong></span> <span class='ocrx_word' id='word_1_19' title='bbox 1220 691 1324 754; x_wconf 81' lang='lat' dir='ltr'><strong>cui</strong></span> <span class='ocrx_word' id='word_1_20' title='bbox 1351 692 1439 755; x_wconf 78' lang='lat' dir='ltr'><strong>sit</strong></span> <span class='ocrx_word' id='word_1_21' title='bbox 1471 690 1924 754; x_wconf 74' lang='lat' dir='ltr'><strong>restituendum</strong></span> <span class='ocrx_word' id='word_1_22' title='bbox 1954 689 2122 771; x_wconf 77' lang='lat' dir='ltr'><strong>quod</strong></span> <span class='ocrx_word' id='word_1_23' title='bbox 2145 691 2479 754; x_wconf 68' lang='lat' dir='ltr'><strong>sionom&#39;ace</strong></span> <span class='ocrx_word' id='word_1_24' title='bbox 2510 696 2843 771; x_wconf 73' lang='lat' dir='ltr'><strong>acceptum.</strong></span> 
     </span>
    </p>
   </div>
   <div class='ocr_carea' id='block_1_4' title="bbox 669 850 3147 1683">
    <p class='ocr_par' dir='ltr' id='par_1_4' title="bbox 669 850 3147 1683">
     <span class='ocr_line' id='line_1_4' title="bbox 786 850 3142 922; baseline 0 -14"><span class='ocrx_word' id='word_1_25' title='bbox 786 855 935 908; x_wconf 84' lang='lat' dir='ltr'><strong>LXll.</strong></span> <span class='ocrx_word' id='word_1_26' title='bbox 957 856 1103 920; x_wconf 84' lang='lat' dir='ltr'><strong>Resp.</strong></span> <span class='ocrx_word' id='word_1_27' title='bbox 1134 856 1180 906; x_wconf 76' lang='grc'><strong>1.</strong></span> <span class='ocrx_word' id='word_1_28' title='bbox 1210 852 1336 906; x_wconf 81' lang='lat' dir='ltr'><strong>Nihil</strong></span> <span class='ocrx_word' id='word_1_29' title='bbox 1364 851 1619 919; x_wconf 79' lang='lat' dir='ltr'><strong>spirituale</strong></span> <span class='ocrx_word' id='word_1_30' title='bbox 1642 850 1908 905; x_wconf 75' lang='lat' dir='ltr'>simoniace</span> <span class='ocrx_word' id='word_1_31' title='bbox 1935 859 2204 919; x_wconf 85' lang='lat' dir='ltr'><strong>acceptum,</strong></span> <span class='ocrx_word' id='word_1_32' title='bbox 2231 859 2423 920; x_wconf 85' lang='lat' dir='ltr'><strong>praeter</strong></span> <span class='ocrx_word' id='word_1_33' title='bbox 2451 853 2737 908; x_wconf 77' lang='lat' dir='ltr'><strong>beneficium</strong></span> <span class='ocrx_word' id='word_1_34' title='bbox 2762 853 2878 922; x_wconf 89' lang='lat' dir='ltr'><strong>(sub</strong></span> <span class='ocrx_word' id='word_1_35' title='bbox 2904 870 3001 921; x_wconf 83' lang='lat' dir='ltr'><strong>quo</strong></span> <span class='ocrx_word' id='word_1_36' title='bbox 3027 871 3142 909; x_wconf 86' lang='lat' dir='ltr'><strong>con·</strong></span> 
     </span>
     <span class='ocr_line' id='line_1_5' title="bbox 674 938 3141 1007; baseline -0 -12"><span class='ocrx_word' id='word_1_37' title='bbox 674 940 857 995; x_wconf 84' lang='lat' dir='ltr'><strong>tinetur</strong></span> <span class='ocrx_word' id='word_1_38' title='bbox 876 939 1063 1007; x_wconf 86' lang='lat' dir='ltr'><strong>pensio,</strong></span> <span class='ocrx_word' id='word_1_39' title='bbox 1083 941 1354 993; x_wconf 85' lang='lat' dir='ltr'><strong>secundum</strong></span> <span class='ocrx_word' id='word_1_40' title='bbox 1381 940 1501 991; x_wconf 91' lang='lat' dir='ltr'><strong>Bon.</strong></span> <span class='ocrx_word' id='word_1_41' title='bbox 1524 945 1730 1002; x_wconf 78' lang='lat' dir='ltr'><strong>negante</strong></span> <span class='ocrx_word' id='word_1_42' title='bbox 1759 939 1917 1004; x_wconf 88' lang='lat' dir='ltr'><strong>Less.)</strong></span> <span class='ocrx_word' id='word_1_43' title='bbox 1945 945 2021 991; x_wconf 88' lang='lat' dir='ltr'><strong>est</strong></span> <span class='ocrx_word' id='word_1_44' title='bbox 2046 938 2420 993; x_wconf 86' lang='lat' dir='ltr'><strong>restituendum.</strong></span> <span class='ocrx_word' id='word_1_45' title='bbox 2447 939 2591 993; x_wconf 84' lang='lat' dir='ltr'><strong>Ratio</strong></span> <span class='ocrx_word' id='word_1_46' title='bbox 2617 946 2708 1004; x_wconf 90' lang='lat' dir='ltr'><strong>est,</strong></span> <span class='ocrx_word' id='word_1_47' title='bbox 2730 939 2843 1005; x_wconf 87' lang='lat' dir='ltr'><strong>quia</strong></span> <span class='ocrx_word' id='word_1_48' title='bbox 2871 947 3030 994; x_wconf 83' lang='lat' dir='ltr'><strong>cetera</strong></span> <span class='ocrx_word' id='word_1_49' title='bbox 3059 945 3141 994; x_wconf 83' lang='lat' dir='ltr'><strong>vel</strong></span> 
     </span>
     <span class='ocr_line' id='line_1_6' title="bbox 676 1023 3145 1090; baseline -0 -10"><span class='ocrx_word' id='word_1_50' title='bbox 676 1025 871 1080; x_wconf 87' lang='lat' dir='ltr'><strong>restitui</strong></span> <span class='ocrx_word' id='word_1_51' title='bbox 898 1039 991 1078; x_wconf 91' lang='lat' dir='ltr'><strong>non</strong></span> <span class='ocrx_word' id='word_1_52' title='bbox 1019 1029 1237 1090; x_wconf 85' lang='lat' dir='ltr'><strong>possunt,</strong></span> <span class='ocrx_word' id='word_1_53' title='bbox 1266 1029 1319 1075; x_wconf 91' lang='lat' dir='ltr'><strong>ut</strong></span> <span class='ocrx_word' id='word_1_54' title='bbox 1345 1025 1675 1087; x_wconf 75' lang='lat' dir='ltr'><strong>Sacramenta,</strong></span> <span class='ocrx_word' id='word_1_55' title='bbox 1705 1027 1782 1075; x_wconf 84' lang='lat' dir='ltr'><strong>vet</strong></span> <span class='ocrx_word' id='word_1_56' title='bbox 1821 1037 1918 1075; x_wconf 89' lang='lat' dir='ltr'><strong>non</strong></span> <span class='ocrx_word' id='word_1_57' title='bbox 1958 1029 2072 1076; x_wconf 90' lang='lat' dir='ltr'><strong>sunt</strong></span> <span class='ocrx_word' id='word_1_58' title='bbox 2100 1023 2403 1077; x_wconf 86' lang='lat' dir='ltr'><strong>restituenda</strong></span> <span class='ocrx_word' id='word_1_59' title='bbox 2431 1030 2543 1077; x_wconf 87' lang='lat' dir='ltr'><strong>ante</strong></span> <span class='ocrx_word' id='word_1_60' title='bbox 2574 1024 2892 1088; x_wconf 68' lang='lat' dir='ltr'><strong>sententiam</strong></span> <span class='ocrx_word' id='word_1_61' title='bbox 2917 1040 3026 1079; x_wconf 85' lang='lat' dir='ltr'><strong>cum</strong></span> <span class='ocrx_word' id='word_1_62' title='bbox 3054 1025 3145 1079; x_wconf 84' lang='lat' dir='ltr'><strong>Ca·</strong></span> 
     </span>
     <span class='ocr_line' id='line_1_7' title="bbox 676 1107 3137 1174; baseline -0 -9"><span class='ocrx_word' id='word_1_63' title='bbox 676 1127 830 1166; x_wconf 85' lang='lat' dir='ltr'><strong>nones</strong></span> <span class='ocrx_word' id='word_1_64' title='bbox 856 1110 986 1165; x_wconf 86' lang='lat' dir='ltr'><strong>aliud</strong></span> <span class='ocrx_word' id='word_1_65' title='bbox 1014 1125 1107 1163; x_wconf 93' lang='lat' dir='ltr'><strong>non</strong></span> <span class='ocrx_word' id='word_1_66' title='bbox 1132 1107 1407 1172; x_wconf 77' lang='lat' dir='ltr'><strong>statuerint,</strong></span> <span class='ocrx_word' id='word_1_67' title='bbox 1435 1123 1495 1161; x_wconf 88' lang='lat' dir='ltr'><strong>ex</strong></span> <span class='ocrx_word' id='word_1_68' title='bbox 1524 1110 1657 1162; x_wconf 88' lang='lat' dir='ltr'><strong>Less.</strong></span> <span class='ocrx_word' id='word_1_69' title='bbox 1688 1123 1734 1160; x_wconf 91' lang='lat' dir='ltr'><strong>n.</strong></span> <span class='ocrx_word' id='word_1_70' title='bbox 1764 1109 1849 1160; x_wconf 90' lang='grc'><strong>68.</strong></span> <span class='ocrx_word' id='word_1_71' title='bbox 1884 1111 2025 1161; x_wconf 83' lang='lat' dir='ltr'><strong>Suar.</strong></span> <span class='ocrx_word' id='word_1_72' title='bbox 2049 1109 2155 1163; x_wconf 79' lang='lat' dir='ltr'><strong>Pin.</strong></span> <span class='ocrx_word' id='word_1_73' title='bbox 2179 1118 2270 1162; x_wconf 88' lang='lat' dir='ltr'><strong>etc.</strong></span> <span class='ocrx_word' id='word_1_74' title='bbox 2299 1117 2468 1163; x_wconf 84' lang='lat' dir='ltr'><strong>eontra</strong></span> <span class='ocrx_word' id='word_1_75' title='bbox 2500 1110 2646 1174; x_wconf 76' lang='lat' dir='ltr'><strong>Azor,</strong></span> <span class='ocrx_word' id='word_1_76' title='bbox 2670 1113 2842 1174; x_wconf 85' lang='lat' dir='ltr'><strong>Laym.</strong></span> <span class='ocrx_word' id='word_1_77' title='bbox 2867 1113 2984 1163; x_wconf 87' lang='lat' dir='ltr'><strong>Bon.</strong></span> <span class='ocrx_word' id='word_1_78' title='bbox 3011 1113 3058 1164; x_wconf 91' lang='lat' dir='ltr'><strong>d.</strong></span> <span class='ocrx_word' id='word_1_79' title='bbox 3095 1113 3137 1164; x_wconf 78' lang='grc'><strong>1.</strong></span> 
     </span>
     <span class='ocr_line' id='line_1_8' title="bbox 674 1191 3145 1262; baseline -0 -12"><span class='ocrx_word' id='word_1_80' title='bbox 674 1213 722 1261; x_wconf 88' lang='lat' dir='ltr'><strong>q.</strong></span> <span class='ocrx_word' id='word_1_81' title='bbox 748 1198 799 1249; x_wconf 89' lang='lat'><strong>7.</strong></span> <span class='ocrx_word' id='word_1_82' title='bbox 830 1212 875 1262; x_wconf 86' lang='lat' dir='ltr'><strong>p.</strong></span> <span class='ocrx_word' id='word_1_83' title='bbox 902 1197 949 1247; x_wconf 89' lang='lat'><strong>3.</strong></span> <span class='ocrx_word' id='word_1_84' title='bbox 978 1194 1079 1247; x_wconf 78' lang='lat' dir='ltr'><strong>diff.</strong></span> <span class='ocrx_word' id='word_1_85' title='bbox 1107 1196 1155 1247; x_wconf 84' lang='grc'><strong>2.</strong></span> <span class='ocrx_word' id='word_1_86' title='bbox 1184 1191 1299 1247; x_wconf 86' lang='lat' dir='ltr'><strong>Dixi</strong></span> <span class='ocrx_word' id='word_1_87' title='bbox 1332 1195 1556 1261; x_wconf 78' lang='lat' dir='ltr'><strong>praeter</strong></span> <span class='ocrx_word' id='word_1_88' title='bbox 1596 1191 1951 1262; x_wconf 79' lang='lat' dir='ltr'><strong>beneficium,·</strong></span> <span class='ocrx_word' id='word_1_89' title='bbox 1978 1192 2090 1258; x_wconf 84' lang='lat' dir='ltr'><strong>quia</strong></span> <span class='ocrx_word' id='word_1_90' title='bbox 2133 1197 2226 1246; x_wconf 81' lang='lat' dir='ltr'><strong>boc</strong></span> <span class='ocrx_word' id='word_1_91' title='bbox 2266 1193 2466 1247; x_wconf 88' lang='lat' dir='ltr'><strong>retineri</strong></span> <span class='ocrx_word' id='word_1_92' title='bbox 2506 1209 2601 1247; x_wconf 89' lang='lat' dir='ltr'><strong>non</strong></span> <span class='ocrx_word' id='word_1_93' title='bbox 2642 1202 2822 1261; x_wconf 81' lang='lat' dir='ltr'><strong>potest,</strong></span> <span class='ocrx_word' id='word_1_94' title='bbox 2851 1193 2992 1248; x_wconf 78' lang='lat' dir='ltr'><strong>etiam</strong></span> <span class='ocrx_word' id='word_1_95' title='bbox 3026 1202 3145 1249; x_wconf 84' lang='lat' dir='ltr'><strong>ante</strong></span> 
     </span>
     <span class='ocr_line' id='line_1_9' title="bbox 672 1276 3141 1347; baseline 0 -15"><span class='ocrx_word' id='word_1_96' title='bbox 672 1278 850 1332; x_wconf 86' lang='lat' dir='ltr'><strong>iudicis</strong></span> <span class='ocrx_word' id='word_1_97' title='bbox 887 1278 1203 1332; x_wconf 79' lang='lat' dir='ltr'><strong>sententiam:</strong></span> <span class='ocrx_word' id='word_1_98' title='bbox 1233 1285 1284 1331; x_wconf 90' lang='lat' dir='ltr'><strong>ut</strong></span> <span class='ocrx_word' id='word_1_99' title='bbox 1313 1284 1446 1343; x_wconf 85' lang='lat' dir='ltr'><strong>patet</strong></span> <span class='ocrx_word' id='word_1_100' title='bbox 1471 1282 1573 1329; x_wconf 87' lang='lat' dir='ltr'><strong>tum</strong></span> <span class='ocrx_word' id='word_1_101' title='bbox 1600 1291 1659 1329; x_wconf 85' lang='lat' dir='ltr'><strong>ex</strong></span> <span class='ocrx_word' id='word_1_102' title='bbox 1700 1291 1807 1342; x_wconf 86' lang='lat' dir='ltr'><strong>cap.</strong></span> <span class='ocrx_word' id='word_1_103' title='bbox 1833 1276 1899 1331; x_wconf 79' lang='lat' dir='ltr'><strong>Si</strong></span> <span class='ocrx_word' id='word_1_104' title='bbox 1921 1277 2047 1346; x_wconf 80' lang='lat' dir='ltr'><strong>quis</strong></span> <span class='ocrx_word' id='word_1_105' title='bbox 2071 1291 2253 1347; x_wconf 77' lang='lat' dir='ltr'><strong>neque</strong></span> <span class='ocrx_word' id='word_1_106' title='bbox 2290 1291 2333 1330; x_wconf 89' lang='lat' dir='ltr'><strong>c.</strong></span> <span class='ocrx_word' id='word_1_107' title='bbox 2364 1281 2412 1330; x_wconf 74' lang='lat' dir='ltr'><strong>t.</strong></span> <span class='ocrx_word' id='word_1_108' title='bbox 2439 1293 2487 1344; x_wconf 86' lang='lat' dir='ltr'><strong>q.</strong></span> <span class='ocrx_word' id='word_1_109' title='bbox 2519 1281 2565 1330; x_wconf 77' lang='lat' dir='ltr'><strong>l.</strong></span> <span class='ocrx_word' id='word_1_110' title='bbox 2595 1283 2697 1331; x_wconf 87' lang='lat' dir='ltr'><strong>tum</strong></span> <span class='ocrx_word' id='word_1_111' title='bbox 2724 1292 2789 1331; x_wconf 85' lang='lat' dir='ltr'><strong>ex</strong></span> <span class='ocrx_word' id='word_1_112' title='bbox 2828 1281 2877 1330; x_wconf 84' lang='grc'><strong>2.</strong></span> <span class='ocrx_word' id='word_1_113' title='bbox 2907 1278 3141 1333; x_wconf 68' lang='grc' dir='ltr'><strong>Εωτναυ.</strong></span> 
     </span>
     <span class='ocr_line' id='line_1_10' title="bbox 677 1361 3147 1430; baseline -0.001 -10"><span class='ocrx_word' id='word_1_114' title='bbox 677 1366 819 1420; x_wconf 79' lang='lat' dir='ltr'><strong>Cum</strong></span> <span class='ocrx_word' id='word_1_115' title='bbox 838 1362 1162 1430; x_wconf 73' lang='lat' dir='ltr'><strong>detestabile,</strong></span> <span class='ocrx_word' id='word_1_116' title='bbox 1182 1362 1249 1417; x_wconf 82' lang='lat' dir='ltr'><strong>de</strong></span> <span class='ocrx_word' id='word_1_117' title='bbox 1272 1362 1543 1418; x_wconf 82' lang='lat' dir='ltr'><strong>Simonia.</strong></span> <span class='ocrx_word' id='word_1_118' title='bbox 1567 1363 1634 1414; x_wconf 86' lang='lat' dir='ltr'><strong>V.</strong></span> <span class='ocrx_word' id='word_1_119' title='bbox 1654 1363 1776 1415; x_wconf 90' lang='lat' dir='ltr'><strong>Bon.</strong></span> <span class='ocrx_word' id='word_1_120' title='bbox 1801 1363 1834 1415; x_wconf 91' lang='lat'><strong>1.</strong></span> <span class='ocrx_word' id='word_1_121' title='bbox 1861 1377 1924 1415; x_wconf 85' lang='lat' dir='ltr'><strong>c..</strong></span> <span class='ocrx_word' id='word_1_122' title='bbox 1951 1362 2044 1416; x_wconf 85' lang='lat' dir='ltr'><strong>Ubi</strong></span> <span class='ocrx_word' id='word_1_123' title='bbox 2070 1362 2206 1415; x_wconf 80' lang='lat' dir='ltr'><strong>addit</strong></span> <span class='ocrx_word' id='word_1_124' title='bbox 2231 1361 2376 1416; x_wconf 87' lang='lat' dir='ltr'><strong>etiam</strong></span> <span class='ocrx_word' id='word_1_125' title='bbox 2408 1366 2592 1417; x_wconf 84' lang='lat' dir='ltr'><strong>tructus</strong></span> <span class='ocrx_word' id='word_1_126' title='bbox 2613 1371 2908 1429; x_wconf 84' lang='lat' dir='ltr'><strong>praeceptos</strong></span> <span class='ocrx_word' id='word_1_127' title='bbox 2936 1378 3045 1417; x_wconf 81' lang='lat' dir='ltr'><strong>esse</strong></span> <span class='ocrx_word' id='word_1_128' title='bbox 3071 1379 3147 1417; x_wconf 86' lang='lat' dir='ltr'><strong>re·</strong></span> 
     </span>
     <span class='ocr_line' id='line_1_11' title="bbox 672 1445 3137 1515; baseline -0 -12"><span class='ocrx_word' id='word_1_129' title='bbox 672 1449 975 1515; x_wconf 86' lang='lat' dir='ltr'><strong>stituendos;</strong></span> <span class='ocrx_word' id='word_1_130' title='bbox 1006 1454 1108 1502; x_wconf 89' lang='lat' dir='ltr'><strong>tum</strong></span> <span class='ocrx_word' id='word_1_131' title='bbox 1134 1447 1247 1514; x_wconf 85' lang='lat' dir='ltr'><strong>quia</strong></span> <span class='ocrx_word' id='word_1_132' title='bbox 1272 1449 1407 1501; x_wconf 83' lang='lat' dir='ltr'><strong>nullo</strong></span> <span class='ocrx_word' id='word_1_133' title='bbox 1432 1445 1563 1500; x_wconf 87' lang='lat' dir='ltr'><strong>iusto</strong></span> <span class='ocrx_word' id='word_1_134' title='bbox 1589 1445 1732 1500; x_wconf 84' lang='lat' dir='ltr'><strong>titulo</strong></span> <span class='ocrx_word' id='word_1_135' title='bbox 1759 1453 1966 1514; x_wconf 85' lang='lat' dir='ltr'><strong>possunt</strong></span> <span class='ocrx_word' id='word_1_136' title='bbox 2005 1445 2220 1511; x_wconf 84' lang='lat' dir='ltr'><strong>retineri,</strong></span> <span class='ocrx_word' id='word_1_137' title='bbox 2250 1462 2360 1500; x_wconf 89' lang='lat' dir='ltr'><strong>cum</strong></span> <span class='ocrx_word' id='word_1_138' title='bbox 2390 1446 2585 1513; x_wconf 80' lang='lat' dir='ltr'><strong>adeptio</strong></span> <span class='ocrx_word' id='word_1_139' title='bbox 2614 1446 2840 1500; x_wconf 80' lang='lat' dir='ltr'><strong>beneficii</strong></span> <span class='ocrx_word' id='word_1_140' title='bbox 2875 1446 3137 1502; x_wconf 82' lang='lat' dir='ltr'><strong>simoniaca</strong></span> 
     </span>
     <span class='ocr_line' id='line_1_12' title="bbox 669 1531 3131 1601; baseline -0 -12"><span class='ocrx_word' id='word_1_141' title='bbox 669 1534 732 1589; x_wconf 85' lang='lat' dir='ltr'><strong>sit</strong></span> <span class='ocrx_word' id='word_1_142' title='bbox 762 1535 872 1600; x_wconf 86' lang='lat' dir='ltr'><strong>ipso</strong></span> <span class='ocrx_word' id='word_1_143' title='bbox 914 1539 1038 1587; x_wconf 77' lang='lat' dir='ltr'><strong>lacto</strong></span> <span class='ocrx_word' id='word_1_144' title='bbox 1076 1533 1238 1599; x_wconf 79' lang='lat' dir='ltr'><strong>irrita3</strong></span> <span class='ocrx_word' id='word_1_145' title='bbox 1264 1539 1366 1586; x_wconf 90' lang='lat' dir='ltr'><strong>tum</strong></span> <span class='ocrx_word' id='word_1_146' title='bbox 1393 1531 1503 1598; x_wconf 89' lang='lat' dir='ltr'><strong>quia</strong></span> <span class='ocrx_word' id='word_1_147' title='bbox 1541 1531 1613 1585; x_wconf 90' lang='lat' dir='ltr'><strong>sic</strong></span> <span class='ocrx_word' id='word_1_148' title='bbox 1650 1547 1882 1598; x_wconf 79' lang='lat' dir='ltr'><strong>expresse</strong></span> <span class='ocrx_word' id='word_1_149' title='bbox 1919 1535 2129 1585; x_wconf 81' lang='lat' dir='ltr'><strong>habetur</strong></span> <span class='ocrx_word' id='word_1_150' title='bbox 2164 1531 2214 1584; x_wconf 90' lang='lat' dir='ltr'><strong>in</strong></span> <span class='ocrx_word' id='word_1_151' title='bbox 2254 1533 2416 1588; x_wconf 71' lang='lat' dir='ltr'><strong>Extr.</strong></span> <span class='ocrx_word' id='word_1_152' title='bbox 2444 1533 2586 1588; x_wconf 85' lang='lat' dir='ltr'><strong>Cum</strong></span> <span class='ocrx_word' id='word_1_153' title='bbox 2611 1532 2936 1601; x_wconf 73' lang='lat' dir='ltr'><strong>detestabile,</strong></span> <span class='ocrx_word' id='word_1_154' title='bbox 2965 1532 3030 1588; x_wconf 79' lang='lat' dir='ltr'><strong>de</strong></span> <span class='ocrx_word' id='word_1_155' title='bbox 3055 1533 3131 1589; x_wconf 78' lang='lat' dir='ltr'><strong>Si-</strong></span> 
     </span>
     <span class='ocr_line' id='line_1_13' title="bbox 669 1619 3023 1683; baseline -0.001 -9"><span class='ocrx_word' id='word_1_156' title='bbox 669 1620 877 1674; x_wconf 74' lang='lat' dir='ltr'><strong>monia-</strong></span> <span class='ocrx_word' id='word_1_157' title='bbox 904 1622 967 1672; x_wconf 88' lang='lat' dir='ltr'><strong>V.</strong></span> <span class='ocrx_word' id='word_1_158' title='bbox 995 1634 1035 1673; x_wconf 93' lang='lat' dir='ltr'><strong>s.</strong></span> <span class='ocrx_word' id='word_1_159' title='bbox 1064 1621 1157 1672; x_wconf 86' lang='lat' dir='ltr'><strong>Th.</strong></span> <span class='ocrx_word' id='word_1_160' title='bbox 1188 1621 1234 1670; x_wconf 86' lang='lat'><strong>2.</strong></span> <span class='ocrx_word' id='word_1_161' title='bbox 1264 1621 1313 1671; x_wconf 86' lang='lat'><strong>2.</strong></span> <span class='ocrx_word' id='word_1_162' title='bbox 1339 1633 1386 1683; x_wconf 89' lang='lat' dir='ltr'><strong>q.</strong></span> <span class='ocrx_word' id='word_1_163' title='bbox 1418 1620 1536 1670; x_wconf 79' lang='grc'><strong>100.</strong></span> <span class='ocrx_word' id='word_1_164' title='bbox 1564 1632 1608 1669; x_wconf 90' lang='lat' dir='ltr'><strong>a.</strong></span> <span class='ocrx_word' id='word_1_165' title='bbox 1638 1621 1686 1670; x_wconf 89' lang='lat'><strong>6.</strong></span> <span class='ocrx_word' id='word_1_166' title='bbox 1718 1619 1841 1670; x_wconf 84' lang='lat' dir='ltr'><strong>Nav.</strong></span> <span class='ocrx_word' id='word_1_167' title='bbox 1870 1621 1899 1671; x_wconf 87' lang='grc' dir='ltr'><strong>Ι.</strong></span> <span class='ocrx_word' id='word_1_168' title='bbox 1929 1620 1978 1672; x_wconf 85' lang='grc'><strong>5.</strong></span> <span class='ocrx_word' id='word_1_169' title='bbox 2007 1619 2166 1673; x_wconf 72' lang='lat' dir='ltr'><strong>Con-3.</strong></span> <span class='ocrx_word' id='word_1_170' title='bbox 2195 1620 2278 1671; x_wconf 82' lang='lat'><strong>62.</strong></span> <span class='ocrx_word' id='word_1_171' title='bbox 2307 1620 2444 1672; x_wconf 87' lang='lat' dir='ltr'><strong>Less.</strong></span> <span class='ocrx_word' id='word_1_172' title='bbox 2472 1621 2505 1670; x_wconf 88' lang='lat' dir='ltr'><strong>l.</strong></span> <span class='ocrx_word' id='word_1_173' title='bbox 2528 1622 2577 1674; x_wconf 77' lang='lat'><strong>2.</strong></span> <span class='ocrx_word' id='word_1_174' title='bbox 2607 1634 2649 1672; x_wconf 88' lang='lat' dir='ltr'><strong>c.</strong></span> <span class='ocrx_word' id='word_1_175' title='bbox 2678 1620 2762 1672; x_wconf 87' lang='lat'><strong>35.</strong></span> <span class='ocrx_word' id='word_1_176' title='bbox 2790 1621 2910 1672; x_wconf 88' lang='lat' dir='ltr'><strong>dub.</strong></span> <span class='ocrx_word' id='word_1_177' title='bbox 2938 1621 3023 1672; x_wconf 79' lang='grc'><strong>31.</strong></span> 
     </span>
    </p>
   </div>
   <div class='ocr_carea' id='block_1_5' title="bbox 652 1742 3148 4698">
    <p class='ocr_par' dir='ltr' id='par_1_5' title="bbox 664 1742 3142 3267">
     <span class='ocr_line' id='line_1_14' title="bbox 668 1742 3142 1828; baseline -0.001 -14"><span class='ocrx_word' id='word_1_178' title='bbox 668 1787 671 1790; x_wconf 97' lang='grc'>-</span> <span class='ocrx_word' id='word_1_179' title='bbox 759 1742 936 1817; x_wconf 81' lang='grc'><strong>503.</strong></span> <span class='ocrx_word' id='word_1_180' title='bbox 957 1744 1135 1825; x_wconf 83' lang='lat' dir='ltr'><strong>Quod</strong></span> <span class='ocrx_word' id='word_1_181' title='bbox 1159 1764 1255 1810; x_wconf 89' lang='lat' dir='ltr'><strong>res</strong></span> <span class='ocrx_word' id='word_1_182' title='bbox 1290 1744 1657 1828; x_wconf 78' lang='lat' dir='ltr'><strong>spiritualiS,</strong></span> <span class='ocrx_word' id='word_1_183' title='bbox 1692 1763 1851 1825; x_wconf 88' lang='lat' dir='ltr'><strong>quae</strong></span> <span class='ocrx_word' id='word_1_184' title='bbox 1884 1745 2044 1809; x_wconf 87' lang='lat' dir='ltr'><strong>solet</strong></span> <span class='ocrx_word' id='word_1_185' title='bbox 2080 1744 2203 1808; x_wconf 83' lang='lat' dir='ltr'><strong>dici</strong></span> <span class='ocrx_word' id='word_1_186' title='bbox 2226 1764 2397 1809; x_wconf 86' lang='lat' dir='ltr'><strong>merx</strong></span> <span class='ocrx_word' id='word_1_187' title='bbox 2421 1745 2780 1824; x_wconf 84' lang='lat' dir='ltr'><strong>simoniaca,</strong></span> <span class='ocrx_word' id='word_1_188' title='bbox 2807 1765 2932 1811; x_wconf 90' lang='lat' dir='ltr'><strong>non</strong></span> <span class='ocrx_word' id='word_1_189' title='bbox 2949 1747 3034 1811; x_wconf 85' lang='lat' dir='ltr'><strong>sit</strong></span> <span class='ocrx_word' id='word_1_190' title='bbox 3056 1767 3142 1811; x_wconf 88' lang='lat' dir='ltr'><strong>re-</strong></span> 
     </span>
     <span class='ocr_line' id='line_1_15' title="bbox 666 1847 3138 1932; baseline 0 -20"><span class='ocrx_word' id='word_1_191' title='bbox 666 1849 1004 1924; x_wconf 85' lang='lat' dir='ltr'><strong>stituenda,</strong></span> <span class='ocrx_word' id='word_1_192' title='bbox 1039 1849 1136 1912; x_wconf 87' lang='lat' dir='ltr'><strong>est</strong></span> <span class='ocrx_word' id='word_1_193' title='bbox 1159 1848 1283 1912; x_wconf 89' lang='lat' dir='ltr'><strong>fere</strong></span> <span class='ocrx_word' id='word_1_194' title='bbox 1305 1847 1619 1911; x_wconf 82' lang='lat' dir='ltr'><strong>unanimis</strong></span> <span class='ocrx_word' id='word_1_195' title='bbox 1643 1847 1780 1910; x_wconf 90' lang='lat' dir='ltr'><strong>DD.</strong></span> <span class='ocrx_word' id='word_1_196' title='bbox 1808 1847 2134 1910; x_wconf 86' lang='lat' dir='ltr'><strong>sententia.</strong></span> <span class='ocrx_word' id='word_1_197' title='bbox 2171 1847 2270 1910; x_wconf 87' lang='lat' dir='ltr'><strong>Ita</strong></span> <span class='ocrx_word' id='word_1_198' title='bbox 2302 1847 2683 1932; x_wconf 86' lang='lat' dir='ltr'><strong>Schmalzgr.</strong></span> <span class='ocrx_word' id='word_1_199' title='bbox 2715 1847 2824 1912; x_wconf 88' lang='lat' dir='ltr'><strong>lib.</strong></span> <span class='ocrx_word' id='word_1_200' title='bbox 2861 1850 2922 1912; x_wconf 85' lang='lat'><strong>5.</strong></span> <span class='ocrx_word' id='word_1_201' title='bbox 2948 1849 3050 1913; x_wconf 85' lang='lat' dir='ltr'><strong>tit.</strong></span> <span class='ocrx_word' id='word_1_202' title='bbox 3079 1851 3138 1913; x_wconf 87' lang='lat'><strong>3.</strong></span> 
     </span>
     <span class='ocr_line' id='line_1_16' title="bbox 672 1947 3141 2031; baseline 0 -17"><span class='ocrx_word' id='word_1_203' title='bbox 672 1971 732 2014; x_wconf 91' lang='lat' dir='ltr'><strong>n.</strong></span> <span class='ocrx_word' id='word_1_204' title='bbox 770 1951 919 2012; x_wconf 83' lang='grc'><strong>284.</strong></span> <span class='ocrx_word' id='word_1_205' title='bbox 960 1947 1054 2014; x_wconf 80' lang='lat' dir='ltr'><strong>Cf.</strong></span> <span class='ocrx_word' id='word_1_206' title='bbox 1090 1947 1317 2014; x_wconf 86' lang='lat' dir='ltr'><strong>Suarez</strong></span> <span class='ocrx_word' id='word_1_207' title='bbox 1366 1948 1440 2012; x_wconf 77' lang='lat' dir='ltr'><strong>de</strong></span> <span class='ocrx_word' id='word_1_208' title='bbox 1483 1947 1768 2012; x_wconf 73' lang='lat' dir='ltr'><strong>Simonia</strong></span> <span class='ocrx_word' id='word_1_209' title='bbox 1804 1968 1889 2013; x_wconf 88' lang='lat' dir='ltr'><strong>cc.</strong></span> <span class='ocrx_word' id='word_1_210' title='bbox 1942 1951 2046 2013; x_wconf 85' lang='lat'><strong>59.</strong></span> <span class='ocrx_word' id='word_1_211' title='bbox 2084 1949 2188 2012; x_wconf 85' lang='grc'><strong>60.</strong></span> <span class='ocrx_word' id='word_1_212' title='bbox 2240 1949 2429 2013; x_wconf 86' lang='lat' dir='ltr'><strong>Ratio</strong></span> <span class='ocrx_word' id='word_1_213' title='bbox 2483 1949 2548 2012; x_wconf 88' lang='lat'><strong>1⁰</strong></span> <span class='ocrx_word' id='word_1_214' title='bbox 2585 1950 2734 2031; x_wconf 90' lang='lat' dir='ltr'><strong>quia</strong></span> <span class='ocrx_word' id='word_1_215' title='bbox 2767 1969 2890 2014; x_wconf 89' lang='lat' dir='ltr'><strong>non</strong></span> <span class='ocrx_word' id='word_1_216' title='bbox 2938 1951 3141 2016; x_wconf 89' lang='lat' dir='ltr'><strong>solum</strong></span> 
     </span>
     <span class='ocr_line' id='line_1_17' title="bbox 667 2050 3140 2137; baseline 0.001 -22"><span class='ocrx_word' id='word_1_217' title='bbox 667 2051 975 2134; x_wconf 86' lang='lat' dir='ltr'><strong>quaedam</strong></span> <span class='ocrx_word' id='word_1_218' title='bbox 1011 2069 1134 2116; x_wconf 91' lang='lat' dir='ltr'><strong>non</strong></span> <span class='ocrx_word' id='word_1_219' title='bbox 1168 2053 1431 2137; x_wconf 84' lang='lat' dir='ltr'><strong>possunt</strong></span> <span class='ocrx_word' id='word_1_220' title='bbox 1463 2051 1733 2127; x_wconf 88' lang='lat' dir='ltr'><strong>restitui,</strong></span> <span class='ocrx_word' id='word_1_221' title='bbox 1769 2051 1844 2114; x_wconf 88' lang='lat' dir='ltr'><strong>ut</strong></span> <span class='ocrx_word' id='word_1_222' title='bbox 1875 2051 2058 2115; x_wconf 85' lang='lat' dir='ltr'><strong>notat</strong></span> <span class='ocrx_word' id='word_1_223' title='bbox 2088 2051 2187 2126; x_wconf 65' lang='lat' dir='ltr'><strong>A„</strong></span> <span class='ocrx_word' id='word_1_224' title='bbox 2223 2050 2328 2115; x_wconf 86' lang='lat' dir='ltr'><strong>sed</strong></span> <span class='ocrx_word' id='word_1_225' title='bbox 2359 2052 2552 2116; x_wconf 88' lang='lat' dir='ltr'><strong>etiam</strong></span> <span class='ocrx_word' id='word_1_226' title='bbox 2588 2053 2738 2134; x_wconf 88' lang='lat' dir='ltr'><strong>quia</strong></span> <span class='ocrx_word' id='word_1_227' title='bbox 2786 2053 2958 2117; x_wconf 91' lang='lat' dir='ltr'><strong>nullo</strong></span> <span class='ocrx_word' id='word_1_228' title='bbox 3003 2054 3140 2117; x_wconf 85' lang='lat' dir='ltr'><strong>iure</strong></span> 
     </span>
     <span class='ocr_line' id='line_1_18' title="bbox 668 2153 3136 2240; baseline 0 -21"><span class='ocrx_word' id='word_1_229' title='bbox 668 2155 972 2239; x_wconf 79' lang='lat' dir='ltr'><strong>obligatio</strong></span> <span class='ocrx_word' id='word_1_230' title='bbox 1019 2154 1171 2220; x_wconf 88' lang='lat' dir='ltr'><strong>haec</strong></span> <span class='ocrx_word' id='word_1_231' title='bbox 1216 2157 1313 2219; x_wconf 89' lang='lat' dir='ltr'><strong>est</strong></span> <span class='ocrx_word' id='word_1_232' title='bbox 1349 2154 1664 2236; x_wconf 87' lang='lat' dir='ltr'><strong>imposita,</strong></span> <span class='ocrx_word' id='word_1_233' title='bbox 1713 2153 1862 2217; x_wconf 88' lang='lat' dir='ltr'><strong>licet</strong></span> <span class='ocrx_word' id='word_1_234' title='bbox 1914 2153 2096 2222; x_wconf 82' lang='lat' dir='ltr'><strong>iudex</strong></span> <span class='ocrx_word' id='word_1_235' title='bbox 2149 2154 2347 2236; x_wconf 85' lang='lat' dir='ltr'><strong>possit</strong></span> <span class='ocrx_word' id='word_1_236' title='bbox 2408 2153 2548 2218; x_wconf 88' lang='lat' dir='ltr'><strong>dein</strong></span> <span class='ocrx_word' id='word_1_237' title='bbox 2611 2174 2749 2220; x_wconf 89' lang='lat' dir='ltr'><strong>eam</strong></span> <span class='ocrx_word' id='word_1_238' title='bbox 2798 2156 3136 2240; x_wconf 84' lang='lat' dir='ltr'><strong>iniungere.</strong></span> 
     </span>
     <span class='ocr_line' id='line_1_19' title="bbox 670 2257 3139 2343; baseline 0.001 -21"><span class='ocrx_word' id='word_1_239' title='bbox 670 2261 741 2322; x_wconf 72' lang='grc' dir='ltr'><strong>2ο</strong></span> <span class='ocrx_word' id='word_1_240' title='bbox 769 2258 928 2338; x_wconf 81' lang='lat' dir='ltr'><strong>Quia</strong></span> <span class='ocrx_word' id='word_1_241' title='bbox 976 2261 1050 2324; x_wconf 92' lang='lat' dir='ltr'><strong>ut</strong></span> <span class='ocrx_word' id='word_1_242' title='bbox 1093 2259 1301 2323; x_wconf 86' lang='lat' dir='ltr'><strong>valida</strong></span> <span class='ocrx_word' id='word_1_243' title='bbox 1348 2259 1432 2324; x_wconf 90' lang='lat' dir='ltr'><strong>sit</strong></span> <span class='ocrx_word' id='word_1_244' title='bbox 1478 2259 1568 2322; x_wconf 90' lang='lat' dir='ltr'><strong>rei</strong></span> <span class='ocrx_word' id='word_1_245' title='bbox 1616 2257 1963 2340; x_wconf 87' lang='lat' dir='ltr'><strong>spiritualis</strong></span> <span class='ocrx_word' id='word_1_246' title='bbox 2015 2258 2367 2334; x_wconf 76' lang='lat' dir='ltr'><strong>translatio,</strong></span> <span class='ocrx_word' id='word_1_247' title='bbox 2402 2258 2535 2323; x_wconf 92' lang='lat' dir='ltr'><strong>iure</strong></span> <span class='ocrx_word' id='word_1_248' title='bbox 2583 2258 2794 2324; x_wconf 87' lang='lat' dir='ltr'><strong>divino</strong></span> <span class='ocrx_word' id='word_1_249' title='bbox 2827 2279 2952 2325; x_wconf 91' lang='lat' dir='ltr'><strong>non</strong></span> <span class='ocrx_word' id='word_1_250' title='bbox 2999 2261 3139 2343; x_wconf 88' lang='lat' dir='ltr'><strong>plus</strong></span> 
     </span>
     <span class='ocr_line' id='line_1_20' title="bbox 664 2359 3141 2446; baseline 0.001 -21"><span class='ocrx_word' id='word_1_251' title='bbox 664 2363 1030 2443; x_wconf 75' lang='lat' dir='ltr'><strong>requiritur,</strong></span> <span class='ocrx_word' id='word_1_252' title='bbox 1074 2381 1263 2444; x_wconf 90' lang='lat' dir='ltr'><strong>quam</strong></span> <span class='ocrx_word' id='word_1_253' title='bbox 1303 2363 1580 2444; x_wconf 86' lang='lat' dir='ltr'><strong>potestas</strong></span> <span class='ocrx_word' id='word_1_254' title='bbox 1614 2380 1751 2425; x_wconf 88' lang='lat' dir='ltr'><strong>eam</strong></span> <span class='ocrx_word' id='word_1_255' title='bbox 1792 2359 2202 2425; x_wconf 85' lang='lat' dir='ltr'><strong>transferendi</strong></span> <span class='ocrx_word' id='word_1_256' title='bbox 2232 2361 2296 2424; x_wconf 88' lang='lat' dir='ltr'><strong>in</strong></span> <span class='ocrx_word' id='word_1_257' title='bbox 2327 2362 2596 2444; x_wconf 91' lang='lat' dir='ltr'><strong>utroque</strong></span> <span class='ocrx_word' id='word_1_258' title='bbox 2619 2363 2827 2444; x_wconf 89' lang='lat' dir='ltr'><strong>quoad</strong></span> <span class='ocrx_word' id='word_1_259' title='bbox 2859 2383 2993 2428; x_wconf 87' lang='lat' dir='ltr'><strong>rem</strong></span> <span class='ocrx_word' id='word_1_260' title='bbox 3024 2364 3141 2446; x_wconf 88' lang='lat' dir='ltr'><strong>spi·</strong></span> 
     </span>
     <span class='ocr_line' id='line_1_21' title="bbox 666 2463 3139 2549; baseline 0.001 -21"><span class='ocrx_word' id='word_1_261' title='bbox 666 2465 983 2543; x_wconf 81' lang='lat' dir='ltr'><strong>ritualem,</strong></span> <span class='ocrx_word' id='word_1_262' title='bbox 1030 2465 1152 2530; x_wconf 86' lang='lat' dir='ltr'><strong>nisi</strong></span> <span class='ocrx_word' id='word_1_263' title='bbox 1187 2463 1445 2528; x_wconf 77' lang='lat' dir='ltr'><strong>aliunde</strong></span> <span class='ocrx_word' id='word_1_264' title='bbox 1476 2464 1541 2527; x_wconf 91' lang='lat' dir='ltr'><strong>in</strong></span> <span class='ocrx_word' id='word_1_265' title='bbox 1573 2463 1784 2544; x_wconf 87' lang='lat' dir='ltr'><strong>aliquo</strong></span> <span class='ocrx_word' id='word_1_266' title='bbox 1809 2481 2024 2527; x_wconf 86' lang='lat' dir='ltr'><strong>eorum</strong></span> <span class='ocrx_word' id='word_1_267' title='bbox 2056 2464 2140 2527; x_wconf 88' lang='lat' dir='ltr'><strong>sit</strong></span> <span class='ocrx_word' id='word_1_268' title='bbox 2185 2463 2478 2528; x_wconf 88' lang='lat' dir='ltr'><strong>defectus.</strong></span> <span class='ocrx_word' id='word_1_269' title='bbox 2519 2463 2686 2549; x_wconf 88' lang='lat' dir='ltr'><strong>Ergo</strong></span> <span class='ocrx_word' id='word_1_270' title='bbox 2723 2465 2958 2530; x_wconf 83' lang='lat' dir='ltr'><strong>valebit</strong></span> <span class='ocrx_word' id='word_1_271' title='bbox 3008 2467 3139 2530; x_wconf 84' lang='lat' dir='ltr'><strong>iure</strong></span> 
     </span>
     <span class='ocr_line' id='line_1_22' title="bbox 667 2564 3138 2641; baseline 0.001 -10"><span class='ocrx_word' id='word_1_272' title='bbox 667 2567 877 2632; x_wconf 75' lang='lat' dir='ltr'><strong>divino</strong></span> <span class='ocrx_word' id='word_1_273' title='bbox 925 2567 1279 2632; x_wconf 82' lang='lat' dir='ltr'><strong>translatiO.</strong></span> <span class='ocrx_word' id='word_1_274' title='bbox 1315 2564 1383 2630; x_wconf 86' lang='lat' dir='ltr'><strong>Si</strong></span> <span class='ocrx_word' id='word_1_275' title='bbox 1429 2567 1641 2629; x_wconf 87' lang='lat' dir='ltr'><strong>autem</strong></span> <span class='ocrx_word' id='word_1_276' title='bbox 1688 2565 1857 2629; x_wconf 84' lang='lat' dir='ltr'><strong>valet</strong></span> <span class='ocrx_word' id='word_1_277' title='bbox 1905 2565 2039 2630; x_wconf 87' lang='lat' dir='ltr'><strong>iure</strong></span> <span class='ocrx_word' id='word_1_278' title='bbox 2077 2564 2305 2641; x_wconf 84' lang='lat' dir='ltr'><strong>divino,</strong></span> <span class='ocrx_word' id='word_1_279' title='bbox 2341 2565 2576 2630; x_wconf 80' lang='lat' dir='ltr'><strong>valebit</strong></span> <span class='ocrx_word' id='word_1_280' title='bbox 2621 2567 2814 2632; x_wconf 85' lang='lat' dir='ltr'><strong>etiam</strong></span> <span class='ocrx_word' id='word_1_281' title='bbox 2847 2568 2981 2633; x_wconf 88' lang='lat' dir='ltr'><strong>iure</strong></span> <span class='ocrx_word' id='word_1_282' title='bbox 3031 2569 3138 2632; x_wconf 93' lang='lat' dir='ltr'><strong>hu-</strong></span> 
     </span>
     <span class='ocr_line' id='line_1_23' title="bbox 666 2667 3138 2753; baseline 0.001 -18"><span class='ocrx_word' id='word_1_283' title='bbox 666 2690 880 2746; x_wconf 80' lang='grc' dir='ltr'><strong>111311ος</strong></span> <span class='ocrx_word' id='word_1_284' title='bbox 916 2670 1065 2751; x_wconf 88' lang='lat' dir='ltr'><strong>quia</strong></span> <span class='ocrx_word' id='word_1_285' title='bbox 1097 2669 1174 2732; x_wconf 88' lang='lat' dir='ltr'><strong>ad</strong></span> <span class='ocrx_word' id='word_1_286' title='bbox 1207 2669 1324 2733; x_wconf 90' lang='lat' dir='ltr'><strong>hoc</strong></span> <span class='ocrx_word' id='word_1_287' title='bbox 1354 2687 1477 2732; x_wconf 90' lang='lat' dir='ltr'><strong>non</strong></span> <span class='ocrx_word' id='word_1_288' title='bbox 1510 2667 1904 2750; x_wconf 88' lang='lat' dir='ltr'><strong>reperiuntur</strong></span> <span class='ocrx_word' id='word_1_289' title='bbox 1932 2668 2217 2732; x_wconf 73' lang='lat' dir='ltr'><strong>irritatas</strong></span> <span class='ocrx_word' id='word_1_290' title='bbox 2255 2668 2376 2733; x_wconf 89' lang='lat' dir='ltr'><strong>nisi</strong></span> <span class='ocrx_word' id='word_1_291' title='bbox 2406 2668 2530 2733; x_wconf 90' lang='lat' dir='ltr'><strong>fere</strong></span> <span class='ocrx_word' id='word_1_292' title='bbox 2562 2670 2732 2734; x_wconf 86' lang='lat' dir='ltr'><strong>solae</strong></span> <span class='ocrx_word' id='word_1_293' title='bbox 2754 2671 3138 2753; x_wconf 73' lang='lat' dir='ltr'><strong>provisiones</strong></span> 
     </span>
     <span class='ocr_line' id='line_1_24' title="bbox 667 2770 3136 2855; baseline 0.001 -18"><span class='ocrx_word' id='word_1_294' title='bbox 667 2772 1050 2837; x_wconf 89' lang='lat' dir='ltr'><strong>beneficiales</strong></span> <span class='ocrx_word' id='word_1_295' title='bbox 1082 2772 1477 2836; x_wconf 84' lang='lat' dir='ltr'><strong>simoniacae.</strong></span> <span class='ocrx_word' id='word_1_296' title='bbox 1512 2772 1582 2834; x_wconf 88' lang='lat'><strong>3⁰</strong></span> <span class='ocrx_word' id='word_1_297' title='bbox 1616 2770 1777 2850; x_wconf 81' lang='lat' dir='ltr'><strong>Quia</strong></span> <span class='ocrx_word' id='word_1_298' title='bbox 1810 2771 2113 2855; x_wconf 84' lang='lat' dir='ltr'><strong>obligatio</strong></span> <span class='ocrx_word' id='word_1_299' title='bbox 2161 2771 2534 2836; x_wconf 87' lang='lat' dir='ltr'><strong>restituendi</strong></span> <span class='ocrx_word' id='word_1_300' title='bbox 2580 2773 2781 2838; x_wconf 91' lang='lat' dir='ltr'><strong>oritur</strong></span> <span class='ocrx_word' id='word_1_301' title='bbox 2813 2775 3023 2839; x_wconf 86' lang='lat' dir='ltr'><strong>solum</strong></span> <span class='ocrx_word' id='word_1_302' title='bbox 3066 2794 3136 2839; x_wconf 85' lang='lat' dir='ltr'><strong>ex</strong></span> 
     </span>
     <span class='ocr_line' id='line_1_25' title="bbox 666 2872 3134 2961; baseline -0.001 -18"><span class='ocrx_word' id='word_1_303' title='bbox 666 2878 1005 2943; x_wconf 84' lang='lat' dir='ltr'><strong>violatione</strong></span> <span class='ocrx_word' id='word_1_304' title='bbox 1028 2876 1336 2953; x_wconf 59' lang='lat' dir='ltr'><strong>iustitiam</strong></span> <span class='ocrx_word' id='word_1_305' title='bbox 1366 2875 1543 2957; x_wconf 89' lang='lat' dir='ltr'><strong>atqui</strong></span> <span class='ocrx_word' id='word_1_306' title='bbox 1566 2875 1631 2939; x_wconf 89' lang='lat' dir='ltr'><strong>in</strong></span> <span class='ocrx_word' id='word_1_307' title='bbox 1656 2875 1922 2939; x_wconf 90' lang='lat' dir='ltr'><strong>simonia</strong></span> <span class='ocrx_word' id='word_1_308' title='bbox 1947 2874 2235 2956; x_wconf 90' lang='lat' dir='ltr'><strong>peccatur</strong></span> <span class='ocrx_word' id='word_1_309' title='bbox 2257 2872 2504 2956; x_wconf 89' lang='lat' dir='ltr'><strong>quidem</strong></span> <span class='ocrx_word' id='word_1_310' title='bbox 2531 2875 2748 2939; x_wconf 88' lang='lat' dir='ltr'><strong>contra</strong></span> <span class='ocrx_word' id='word_1_311' title='bbox 2772 2876 3134 2961; x_wconf 85' lang='lat' dir='ltr'><strong>religionem</strong></span> 
     </span>
     <span class='ocr_line' id='line_1_26' title="bbox 664 2976 3134 3061; baseline 0 -18"><span class='ocrx_word' id='word_1_312' title='bbox 664 2978 773 3044; x_wconf 89' lang='lat' dir='ltr'><strong>sed</strong></span> <span class='ocrx_word' id='word_1_313' title='bbox 803 2997 926 3043; x_wconf 90' lang='lat' dir='ltr'><strong>non</strong></span> <span class='ocrx_word' id='word_1_314' title='bbox 957 2979 1249 3061; x_wconf 85' lang='lat' dir='ltr'><strong>peccatur</strong></span> <span class='ocrx_word' id='word_1_315' title='bbox 1272 2978 1489 3042; x_wconf 89' lang='lat' dir='ltr'><strong>contra</strong></span> <span class='ocrx_word' id='word_1_316' title='bbox 1525 2977 1857 3054; x_wconf 89' lang='lat' dir='ltr'><strong>iustitiam,</strong></span> <span class='ocrx_word' id='word_1_317' title='bbox 1885 2976 2006 3040; x_wconf 88' lang='lat' dir='ltr'><strong>nisi</strong></span> <span class='ocrx_word' id='word_1_318' title='bbox 2028 2976 2182 3040; x_wconf 85' lang='lat' dir='ltr'><strong>dans</strong></span> <span class='ocrx_word' id='word_1_319' title='bbox 2206 2976 2560 3058; x_wconf 86' lang='lat' dir='ltr'><strong>spiritualia</strong></span> <span class='ocrx_word' id='word_1_320' title='bbox 2585 2976 2886 3043; x_wconf 88' lang='lat' dir='ltr'><strong>damnum</strong></span> <span class='ocrx_word' id='word_1_321' title='bbox 2915 2980 3134 3045; x_wconf 86' lang='lat' dir='ltr'><strong>subeat</strong></span> 
     </span>
     <span class='ocr_line' id='line_1_27' title="bbox 671 3079 3130 3165; baseline -0 -19"><span class='ocrx_word' id='word_1_322' title='bbox 671 3083 770 3147; x_wconf 87' lang='lat' dir='ltr'><strong>vel</strong></span> <span class='ocrx_word' id='word_1_323' title='bbox 830 3080 1313 3157; x_wconf 85' lang='lat' dir='ltr'><strong>incommodum,</strong></span> <span class='ocrx_word' id='word_1_324' title='bbox 1380 3079 1546 3162; x_wconf 93' lang='lat' dir='ltr'><strong>quod</strong></span> <span class='ocrx_word' id='word_1_325' title='bbox 1607 3081 2039 3161; x_wconf 80' lang='lat' dir='ltr'><strong>compensetur</strong></span> <span class='ocrx_word' id='word_1_326' title='bbox 2101 3080 2432 3162; x_wconf 85' lang='lat' dir='ltr'><strong>temporali</strong></span> <span class='ocrx_word' id='word_1_327' title='bbox 2491 3081 2903 3148; x_wconf 88' lang='lat' dir='ltr'><strong>retributione</strong></span> <span class='ocrx_word' id='word_1_328' title='bbox 2974 3082 3130 3165; x_wconf 78' lang='lat' dir='ltr'><strong>(vid.</strong></span> 
     </span>
     <span class='ocr_line' id='line_1_28' title="bbox 668 3181 2838 3267; baseline 0 -19"><span class='ocrx_word' id='word_1_329' title='bbox 668 3183 974 3248; x_wconf 73' lang='lat' dir='ltr'><strong>SchmaIZ.</strong></span> <span class='ocrx_word' id='word_1_330' title='bbox 1009 3183 1052 3247; x_wconf 91' lang='lat' dir='ltr'><strong>l.</strong></span> <span class='ocrx_word' id='word_1_331' title='bbox 1087 3203 1137 3247; x_wconf 92' lang='lat' dir='ltr'><strong>c.</strong></span> <span class='ocrx_word' id='word_1_332' title='bbox 1172 3203 1232 3246; x_wconf 93' lang='lat' dir='ltr'><strong>n.</strong></span> <span class='ocrx_word' id='word_1_333' title='bbox 1272 3182 1422 3247; x_wconf 87' lang='grc'><strong>284.</strong></span> <span class='ocrx_word' id='word_1_334' title='bbox 1457 3184 1521 3246; x_wconf 87' lang='lat' dir='ltr'><strong>et</strong></span> <span class='ocrx_word' id='word_1_335' title='bbox 1555 3183 1708 3265; x_wconf 84' lang='lat'><strong>10.).</strong></span> <span class='ocrx_word' id='word_1_336' title='bbox 1745 3201 1803 3245; x_wconf 73' lang='lat' dir='ltr'><strong>V.</strong></span> <span class='ocrx_word' id='word_1_337' title='bbox 1844 3201 1937 3265; x_wconf 84' lang='lat' dir='ltr'><strong>gr.</strong></span> <span class='ocrx_word' id='word_1_338' title='bbox 1979 3181 2033 3245; x_wconf 89' lang='lat' dir='ltr'><strong>si</strong></span> <span class='ocrx_word' id='word_1_339' title='bbox 2071 3181 2436 3246; x_wconf 85' lang='lat' dir='ltr'><strong>beneficium</strong></span> <span class='ocrx_word' id='word_1_340' title='bbox 2464 3183 2838 3267; x_wconf 85' lang='lat' dir='ltr'><strong>resignetur.</strong></span> 
     </span>
    </p>

    <p class='ocr_par' dir='ltr' id='par_1_6' title="bbox 660 3283 3136 3878">
     <span class='ocr_line' id='line_1_29' title="bbox 754 3283 3132 3372; baseline 0.003 -24"><span class='ocrx_word' id='word_1_341' title='bbox 754 3286 1076 3363; x_wconf 85' lang='lat' dir='ltr'><strong>Doctrina,</strong></span> <span class='ocrx_word' id='word_1_342' title='bbox 1119 3285 1286 3367; x_wconf 92' lang='lat' dir='ltr'><strong>quod</strong></span> <span class='ocrx_word' id='word_1_343' title='bbox 1341 3284 1594 3349; x_wconf 89' lang='lat' dir='ltr'><strong>retineri</strong></span> <span class='ocrx_word' id='word_1_344' title='bbox 1625 3302 1745 3348; x_wconf 90' lang='lat' dir='ltr'><strong>non</strong></span> <span class='ocrx_word' id='word_1_345' title='bbox 1802 3283 2042 3366; x_wconf 88' lang='lat' dir='ltr'><strong>possint</strong></span> <span class='ocrx_word' id='word_1_346' title='bbox 2079 3284 2370 3349; x_wconf 90' lang='lat' dir='ltr'><strong>beneficia</strong></span> <span class='ocrx_word' id='word_1_347' title='bbox 2426 3285 2760 3351; x_wconf 88' lang='lat' dir='ltr'><strong>simoniace</strong></span> <span class='ocrx_word' id='word_1_348' title='bbox 2807 3289 3132 3372; x_wconf 85' lang='lat' dir='ltr'><strong>acquisita,</strong></span> 
     </span>
     <span class='ocr_line' id='line_1_30' title="bbox 666 3386 3134 3470; baseline 0.002 -18"><span class='ocrx_word' id='word_1_349' title='bbox 666 3387 1011 3453; x_wconf 88' lang='lat' dir='ltr'><strong>communis</strong></span> <span class='ocrx_word' id='word_1_350' title='bbox 1045 3389 1139 3451; x_wconf 88' lang='lat' dir='ltr'><strong>est</strong></span> <span class='ocrx_word' id='word_1_351' title='bbox 1171 3389 1235 3451; x_wconf 90' lang='lat' dir='ltr'><strong>et</strong></span> <span class='ocrx_word' id='word_1_352' title='bbox 1259 3388 1461 3462; x_wconf 82' lang='lat' dir='ltr'><strong>certa3</strong></span> <span class='ocrx_word' id='word_1_353' title='bbox 1497 3405 1857 3467; x_wconf 87' lang='lat' dir='ltr'><strong>quanquam</strong></span> <span class='ocrx_word' id='word_1_354' title='bbox 1894 3386 2043 3449; x_wconf 87' lang='lat' dir='ltr'><strong>haec</strong></span> <span class='ocrx_word' id='word_1_355' title='bbox 2074 3387 2393 3451; x_wconf 87' lang='lat' dir='ltr'><strong>restitutio</strong></span> <span class='ocrx_word' id='word_1_356' title='bbox 2441 3405 2563 3451; x_wconf 89' lang='lat' dir='ltr'><strong>non</strong></span> <span class='ocrx_word' id='word_1_357' title='bbox 2596 3388 2846 3470; x_wconf 88' lang='lat' dir='ltr'><strong>quidem</strong></span> <span class='ocrx_word' id='word_1_358' title='bbox 2896 3410 2968 3455; x_wconf 80' lang='lat' dir='ltr'><strong>ex</strong></span> <span class='ocrx_word' id='word_1_359' title='bbox 3004 3392 3134 3456; x_wconf 86' lang='lat' dir='ltr'><strong>iure</strong></span> 
     </span>
     <span class='ocr_line' id='line_1_31' title="bbox 660 3487 3128 3569; baseline 0.001 -14"><span class='ocrx_word' id='word_1_360' title='bbox 660 3489 938 3556; x_wconf 82' lang='lat' dir='ltr'><strong>naturali</strong></span> <span class='ocrx_word' id='word_1_361' title='bbox 1000 3488 1279 3554; x_wconf 85' lang='lat' dir='ltr'><strong>facienda</strong></span> <span class='ocrx_word' id='word_1_362' title='bbox 1333 3488 1436 3565; x_wconf 85' lang='lat' dir='ltr'><strong>sit,</strong></span> <span class='ocrx_word' id='word_1_363' title='bbox 1501 3488 1577 3551; x_wconf 90' lang='lat' dir='ltr'><strong>ut</strong></span> <span class='ocrx_word' id='word_1_364' title='bbox 1635 3487 1890 3569; x_wconf 90' lang='lat' dir='ltr'><strong>quidam</strong></span> <span class='ocrx_word' id='word_1_365' title='bbox 1938 3491 2280 3565; x_wconf 87' lang='lat' dir='ltr'><strong>senserunt,</strong></span> <span class='ocrx_word' id='word_1_366' title='bbox 2346 3489 2451 3553; x_wconf 87' lang='lat' dir='ltr'><strong>sed</strong></span> <span class='ocrx_word' id='word_1_367' title='bbox 2505 3489 2639 3554; x_wconf 89' lang='lat' dir='ltr'><strong>iure</strong></span> <span class='ocrx_word' id='word_1_368' title='bbox 2695 3493 3128 3558; x_wconf 83' lang='lat' dir='ltr'><strong>ecclesiastico.</strong></span> 
     </span>
     <span class='ocr_line' id='line_1_32' title="bbox 664 3590 3136 3679; baseline 0.002 -21"><span class='ocrx_word' id='word_1_369' title='bbox 664 3592 967 3659; x_wconf 88' lang='lat' dir='ltr'><strong>Schmalz.</strong></span> <span class='ocrx_word' id='word_1_370' title='bbox 1001 3593 1045 3657; x_wconf 92' lang='lat'><strong>1.</strong></span> <span class='ocrx_word' id='word_1_371' title='bbox 1073 3611 1124 3656; x_wconf 92' lang='lat' dir='ltr'><strong>c.</strong></span> <span class='ocrx_word' id='word_1_372' title='bbox 1164 3612 1224 3656; x_wconf 90' lang='lat' dir='ltr'><strong>n.</strong></span> <span class='ocrx_word' id='word_1_373' title='bbox 1262 3591 1411 3654; x_wconf 87' lang='grc'><strong>283.</strong></span> <span class='ocrx_word' id='word_1_374' title='bbox 1454 3590 1663 3668; x_wconf 78' lang='lat' dir='ltr'><strong>Ratio,</strong></span> <span class='ocrx_word' id='word_1_375' title='bbox 1703 3591 1850 3672; x_wconf 87' lang='lat' dir='ltr'><strong>quia</strong></span> <span class='ocrx_word' id='word_1_376' title='bbox 1897 3590 2036 3654; x_wconf 87' lang='lat' dir='ltr'><strong>iura</strong></span> <span class='ocrx_word' id='word_1_377' title='bbox 2083 3591 2144 3655; x_wconf 90' lang='lat' dir='ltr'><strong>in</strong></span> <span class='ocrx_word' id='word_1_378' title='bbox 2177 3610 2439 3674; x_wconf 87' lang='lat' dir='ltr'><strong>poenam</strong></span> <span class='ocrx_word' id='word_1_379' title='bbox 2486 3593 2619 3658; x_wconf 88' lang='lat' dir='ltr'><strong>tam</strong></span> <span class='ocrx_word' id='word_1_380' title='bbox 2666 3597 2880 3679; x_wconf 82' lang='lat' dir='ltr'><strong>gravis</strong></span> <span class='ocrx_word' id='word_1_381' title='bbox 2929 3598 3136 3662; x_wconf 83' lang='lat' dir='ltr'><strong>delicti</strong></span> 
     </span>
     <span class='ocr_line' id='line_1_33' title="bbox 661 3692 3132 3782; baseline 0.001 -22"><span class='ocrx_word' id='word_1_382' title='bbox 661 3697 935 3772; x_wconf 82' lang='lat' dir='ltr'><strong>obstant,</strong></span> <span class='ocrx_word' id='word_1_383' title='bbox 976 3694 1310 3776; x_wconf 89' lang='lat' dir='ltr'><strong>quominus</strong></span> <span class='ocrx_word' id='word_1_384' title='bbox 1356 3692 1654 3775; x_wconf 89' lang='lat' dir='ltr'><strong>recipiens</strong></span> <span class='ocrx_word' id='word_1_385' title='bbox 1702 3693 2067 3758; x_wconf 87' lang='lat' dir='ltr'><strong>beneficium</strong></span> <span class='ocrx_word' id='word_1_386' title='bbox 2099 3696 2212 3757; x_wconf 90' lang='lat' dir='ltr'><strong>aut</strong></span> <span class='ocrx_word' id='word_1_387' title='bbox 2246 3695 2537 3777; x_wconf 87' lang='lat' dir='ltr'><strong>pretium,</strong></span> <span class='ocrx_word' id='word_1_388' title='bbox 2586 3698 2786 3779; x_wconf 88' lang='lat' dir='ltr'><strong>possit</strong></span> <span class='ocrx_word' id='word_1_389' title='bbox 2820 3701 3132 3782; x_wconf 87' lang='lat' dir='ltr'><strong>acquirere</strong></span> 
     </span>
     <span class='ocr_line' id='line_1_34' title="bbox 664 3796 1296 3878; baseline -0.002 -18"><span class='ocrx_word' id='word_1_390' title='bbox 664 3796 1009 3861; x_wconf 89' lang='lat' dir='ltr'><strong>dominium</strong></span> <span class='ocrx_word' id='word_1_391' title='bbox 1042 3796 1296 3878; x_wconf 88' lang='lat' dir='ltr'><strong>accepti.</strong></span> 
     </span>
    </p>

    <p class='ocr_par' dir='ltr' id='par_1_7' title="bbox 652 3895 3148 4698">
     <span class='ocr_line' id='line_1_35' title="bbox 754 3895 3131 3983; baseline 0.003 -22"><span class='ocrx_word' id='word_1_392' title='bbox 754 3895 913 3961; x_wconf 87' lang='lat' dir='ltr'><strong>Cum</strong></span> <span class='ocrx_word' id='word_1_393' title='bbox 952 3898 1166 3961; x_wconf 89' lang='lat' dir='ltr'><strong>autem</strong></span> <span class='ocrx_word' id='word_1_394' title='bbox 1196 3897 1377 3960; x_wconf 88' lang='lat' dir='ltr'><strong>irrita</strong></span> <span class='ocrx_word' id='word_1_395' title='bbox 1409 3897 1494 3960; x_wconf 90' lang='lat' dir='ltr'><strong>sit</strong></span> <span class='ocrx_word' id='word_1_396' title='bbox 1525 3897 1589 3960; x_wconf 91' lang='lat' dir='ltr'><strong>et</strong></span> <span class='ocrx_word' id='word_1_397' title='bbox 1635 3897 1810 3961; x_wconf 85' lang='lat' dir='ltr'><strong>nulla</strong></span> <span class='ocrx_word' id='word_1_398' title='bbox 1860 3896 2106 3981; x_wconf 85' lang='lat' dir='ltr'><strong>adeptio</strong></span> <span class='ocrx_word' id='word_1_399' title='bbox 2146 3897 2443 3973; x_wconf 81' lang='lat' dir='ltr'><strong>beneficii,</strong></span> <span class='ocrx_word' id='word_1_400' title='bbox 2484 3917 2554 3963; x_wconf 91' lang='lat' dir='ltr'><strong>eo</strong></span> <span class='ocrx_word' id='word_1_401' title='bbox 2604 3900 2738 3983; x_wconf 88' lang='lat' dir='ltr'><strong>ipso</strong></span> <span class='ocrx_word' id='word_1_402' title='bbox 2788 3902 3131 3968; x_wconf 88' lang='lat' dir='ltr'><strong>dominium</strong></span> 
     </span>
     <span class='ocr_line' id='line_1_36' title="bbox 659 3998 3083 4083; baseline 0.002 -19"><span class='ocrx_word' id='word_1_403' title='bbox 659 4000 898 4083; x_wconf 87' lang='lat' dir='ltr'><strong>acquiri</strong></span> <span class='ocrx_word' id='word_1_404' title='bbox 922 4018 1046 4064; x_wconf 91' lang='lat' dir='ltr'><strong>non</strong></span> <span class='ocrx_word' id='word_1_405' title='bbox 1077 3998 1287 4081; x_wconf 87' lang='lat' dir='ltr'><strong>potuit</strong></span> <span class='ocrx_word' id='word_1_406' title='bbox 1310 3998 1502 4062; x_wconf 88' lang='lat' dir='ltr'><strong>etiam</strong></span> <span class='ocrx_word' id='word_1_407' title='bbox 1540 3998 1880 4075; x_wconf 80' lang='lat' dir='ltr'><strong>fructuum,</strong></span> <span class='ocrx_word' id='word_1_408' title='bbox 1918 4001 2106 4082; x_wconf 89' lang='lat' dir='ltr'><strong>atque</strong></span> <span class='ocrx_word' id='word_1_409' title='bbox 2139 3999 2290 4064; x_wconf 87' lang='lat' dir='ltr'><strong>adeo</strong></span> <span class='ocrx_word' id='word_1_410' title='bbox 2323 4000 2387 4063; x_wconf 91' lang='lat' dir='ltr'><strong>et</strong></span> <span class='ocrx_word' id='word_1_411' title='bbox 2418 3998 2484 4063; x_wconf 89' lang='lat' dir='ltr'><strong>hi</strong></span> <span class='ocrx_word' id='word_1_412' title='bbox 2520 4003 2669 4066; x_wconf 88' lang='lat' dir='ltr'><strong>sunt</strong></span> <span class='ocrx_word' id='word_1_413' title='bbox 2698 4005 3083 4071; x_wconf 88' lang='lat' dir='ltr'><strong>restituendi.</strong></span> 
     </span>
     <span class='ocr_line' id='line_1_37' title="bbox 652 4100 3136 4194; baseline 0.003 -26"><span class='ocrx_word' id='word_1_414' title='bbox 652 4146 659 4151; x_wconf 90' lang='lat'><em>-</em></span> <span class='ocrx_word' id='word_1_415' title='bbox 747 4104 949 4169; x_wconf 88' lang='lat' dir='ltr'><strong>Notat</strong></span> <span class='ocrx_word' id='word_1_416' title='bbox 978 4102 1076 4179; x_wconf 65' lang='lat' dir='ltr'><strong>A„</strong></span> <span class='ocrx_word' id='word_1_417' title='bbox 1112 4100 1453 4166; x_wconf 89' lang='lat' dir='ltr'><strong>secundum</strong></span> <span class='ocrx_word' id='word_1_418' title='bbox 1485 4101 1868 4166; x_wconf 88' lang='lat' dir='ltr'><strong>Bonacinam</strong></span> <span class='ocrx_word' id='word_1_419' title='bbox 1916 4102 2128 4168; x_wconf 90' lang='lat' dir='ltr'><strong>eadem</strong></span> <span class='ocrx_word' id='word_1_420' title='bbox 2175 4103 2332 4187; x_wconf 86' lang='lat' dir='ltr'><strong>lege,</strong></span> <span class='ocrx_word' id='word_1_421' title='bbox 2382 4121 2455 4167; x_wconf 91' lang='lat' dir='ltr'><strong>ac</strong></span> <span class='ocrx_word' id='word_1_422' title='bbox 2502 4103 2818 4181; x_wconf 88' lang='lat' dir='ltr'><strong>beneficia,</strong></span> <span class='ocrx_word' id='word_1_423' title='bbox 2863 4127 3136 4194; x_wconf 87' lang='lat' dir='ltr'><strong>compre-</strong></span> 
     </span>
     <span class='ocr_line' id='line_1_38' title="bbox 660 4204 3138 4288; baseline 0.003 -18"><span class='ocrx_word' id='word_1_424' title='bbox 660 4206 840 4271; x_wconf 90' lang='lat' dir='ltr'><strong>hendi</strong></span> <span class='ocrx_word' id='word_1_425' title='bbox 883 4206 1073 4270; x_wconf 85' lang='lat' dir='ltr'><strong>etiam</strong></span> <span class='ocrx_word' id='word_1_426' title='bbox 1102 4204 1443 4288; x_wconf 87' lang='lat' dir='ltr'><strong>pensiones,</strong></span> <span class='ocrx_word' id='word_1_427' title='bbox 1482 4204 1613 4268; x_wconf 87' lang='lat' dir='ltr'><strong>scil.</strong></span> <span class='ocrx_word' id='word_1_428' title='bbox 1652 4204 2037 4284; x_wconf 74' lang='lat' dir='ltr'><strong>spirituales,</strong></span> <span class='ocrx_word' id='word_1_429' title='bbox 2078 4205 2304 4287; x_wconf 90' lang='lat' dir='ltr'><strong>quippe</strong></span> <span class='ocrx_word' id='word_1_430' title='bbox 2336 4204 2409 4269; x_wconf 91' lang='lat' dir='ltr'><strong>de</strong></span> <span class='ocrx_word' id='word_1_431' title='bbox 2440 4204 2617 4271; x_wconf 86' lang='lat' dir='ltr'><strong>laicis</strong></span> <span class='ocrx_word' id='word_1_432' title='bbox 2656 4210 2767 4273; x_wconf 91' lang='lat' dir='ltr'><strong>aut</strong></span> <span class='ocrx_word' id='word_1_433' title='bbox 2792 4211 2987 4275; x_wconf 89' lang='lat' dir='ltr'><strong>etiam</strong></span> <span class='ocrx_word' id='word_1_434' title='bbox 3024 4214 3138 4277; x_wconf 88' lang='lat' dir='ltr'><strong>mi-</strong></span> 
     </span>
     <span class='ocr_line' id='line_1_39' title="bbox 663 4305 3134 4391; baseline 0.004 -20"><span class='ocrx_word' id='word_1_435' title='bbox 663 4308 786 4372; x_wconf 83' lang='lat' dir='ltr'><strong>xtis</strong></span> <span class='ocrx_word' id='word_1_436' title='bbox 821 4308 1027 4371; x_wconf 87' lang='lat' dir='ltr'><strong>minus</strong></span> <span class='ocrx_word' id='word_1_437' title='bbox 1060 4306 1453 4371; x_wconf 86' lang='lat' dir='ltr'><strong>difficultatis</strong></span> <span class='ocrx_word' id='word_1_438' title='bbox 1488 4308 1774 4370; x_wconf 87' lang='lat' dir='ltr'><strong>occurrit.</strong></span> <span class='ocrx_word' id='word_1_439' title='bbox 1810 4306 1953 4371; x_wconf 85' lang='lat' dir='ltr'><strong>Vid.</strong></span> <span class='ocrx_word' id='word_1_440' title='bbox 1982 4327 2118 4390; x_wconf 88' lang='lat' dir='ltr'><strong>sup.</strong></span> <span class='ocrx_word' id='word_1_441' title='bbox 2159 4328 2217 4370; x_wconf 89' lang='lat' dir='ltr'><strong>n.</strong></span> <span class='ocrx_word' id='word_1_442' title='bbox 2259 4306 2410 4371; x_wconf 83' lang='lat'><strong>476.</strong></span> <span class='ocrx_word' id='word_1_443' title='bbox 2439 4305 2568 4372; x_wconf 73' lang='lat' dir='ltr'><strong>&#39;Sed</strong></span> <span class='ocrx_word' id='word_1_444' title='bbox 2593 4309 2783 4375; x_wconf 88' lang='lat' dir='ltr'><strong>simul</strong></span> <span class='ocrx_word' id='word_1_445' title='bbox 2801 4312 3012 4379; x_wconf 90' lang='lat' dir='ltr'><strong>innuit</strong></span> <span class='ocrx_word' id='word_1_446' title='bbox 3034 4316 3134 4391; x_wconf 65' lang='lat' dir='ltr'><strong>A.‚</strong></span> 
     </span>
     <span class='ocr_line' id='line_1_40' title="bbox 663 4408 3134 4495; baseline 0.004 -22"><span class='ocrx_word' id='word_1_447' title='bbox 663 4409 726 4473; x_wconf 88' lang='lat' dir='ltr'><strong>id</strong></span> <span class='ocrx_word' id='word_1_448' title='bbox 766 4428 799 4472; x_wconf 88' lang='lat' dir='ltr'><strong>a</strong></span> <span class='ocrx_word' id='word_1_449' title='bbox 839 4409 1050 4474; x_wconf 87' lang='lat' dir='ltr'><strong>Lessio</strong></span> <span class='ocrx_word' id='word_1_450' title='bbox 1085 4408 1318 4493; x_wconf 82' lang='lat' dir='ltr'><strong>negari.</strong></span> <span class='ocrx_word' id='word_1_451' title='bbox 1354 4408 1435 4472; x_wconf 86' lang='lat' dir='ltr'><strong>Et</strong></span> <span class='ocrx_word' id='word_1_452' title='bbox 1473 4427 1619 4472; x_wconf 87' lang='lat' dir='ltr'><strong>sane</strong></span> <span class='ocrx_word' id='word_1_453' title='bbox 1658 4411 1730 4472; x_wconf 91' lang='lat' dir='ltr'><strong>ut</strong></span> <span class='ocrx_word' id='word_1_454' title='bbox 1765 4409 1854 4473; x_wconf 87' lang='lat' dir='ltr'><strong>ait</strong></span> <span class='ocrx_word' id='word_1_455' title='bbox 1904 4408 2283 4495; x_wconf 87' lang='lat' dir='ltr'><strong>Schmalzgr.</strong></span> <span class='ocrx_word' id='word_1_456' title='bbox 2318 4410 2360 4473; x_wconf 91' lang='lat'><strong>1.</strong></span> <span class='ocrx_word' id='word_1_457' title='bbox 2396 4430 2447 4475; x_wconf 92' lang='lat' dir='ltr'><strong>c.</strong></span> <span class='ocrx_word' id='word_1_458' title='bbox 2482 4430 2542 4475; x_wconf 91' lang='grc'><strong>11.</strong></span> <span class='ocrx_word' id='word_1_459' title='bbox 2579 4413 2750 4492; x_wconf 86' lang='grc'><strong>285.,</strong></span> <span class='ocrx_word' id='word_1_460' title='bbox 2801 4435 2946 4481; x_wconf 91' lang='lat' dir='ltr'><strong>cum</strong></span> <span class='ocrx_word' id='word_1_461' title='bbox 2994 4418 3134 4483; x_wconf 80' lang='lat' dir='ltr'><strong>iura</strong></span> 
     </span>
     <span class='ocr_line' id='line_1_41' title="bbox 664 4509 3148 4605; baseline 0.003 -28"><span class='ocrx_word' id='word_1_462' title='bbox 664 4513 938 4596; x_wconf 85' lang='lat' dir='ltr'><strong>allegata</strong></span> <span class='ocrx_word' id='word_1_463' title='bbox 976 4512 1317 4593; x_wconf 88' lang='lat' dir='ltr'><strong>loquantur</strong></span> <span class='ocrx_word' id='word_1_464' title='bbox 1364 4512 1570 4575; x_wconf 87' lang='lat' dir='ltr'><strong>solum</strong></span> <span class='ocrx_word' id='word_1_465' title='bbox 1608 4509 1681 4574; x_wconf 89' lang='lat' dir='ltr'><strong>de</strong></span> <span class='ocrx_word' id='word_1_466' title='bbox 1721 4511 2048 4587; x_wconf 77' lang='lat' dir='ltr'><strong>beneficiiS,</strong></span> <span class='ocrx_word' id='word_1_467' title='bbox 2089 4532 2210 4577; x_wconf 91' lang='lat' dir='ltr'><strong>non</strong></span> <span class='ocrx_word' id='word_1_468' title='bbox 2259 4516 2407 4577; x_wconf 87' lang='lat' dir='ltr'><strong>sunt</strong></span> <span class='ocrx_word' id='word_1_469' title='bbox 2444 4513 2820 4582; x_wconf 80' lang='lat' dir='ltr'><strong>extendenda</strong></span> <span class='ocrx_word' id='word_1_470' title='bbox 2868 4520 2948 4583; x_wconf 85' lang='lat' dir='ltr'><strong>ad</strong></span> <span class='ocrx_word' id='word_1_471' title='bbox 2996 4541 3148 4605; x_wconf 80' lang='lat' dir='ltr'><strong>pen-</strong></span> 
     </span>
     <span class='ocr_line' id='line_1_42' title="bbox 661 4611 2268 4698; baseline 0 -18"><span class='ocrx_word' id='word_1_472' title='bbox 661 4616 885 4694; x_wconf 80' lang='lat' dir='ltr'><strong>sioneS,</strong></span> <span class='ocrx_word' id='word_1_473' title='bbox 920 4615 1140 4698; x_wconf 85' lang='lat' dir='ltr'><strong>utpote</strong></span> <span class='ocrx_word' id='word_1_474' title='bbox 1167 4612 1399 4689; x_wconf 87' lang='lat' dir='ltr'><strong>odiosa,</strong></span> <span class='ocrx_word' id='word_1_475' title='bbox 1435 4611 1582 4694; x_wconf 88' lang='lat' dir='ltr'><strong>quia</strong></span> <span class='ocrx_word' id='word_1_476' title='bbox 1613 4613 1678 4677; x_wconf 90' lang='lat' dir='ltr'><strong>in</strong></span> <span class='ocrx_word' id='word_1_477' title='bbox 1710 4615 1974 4679; x_wconf 84' lang='lat' dir='ltr'><strong>materia</strong></span> <span class='ocrx_word' id='word_1_478' title='bbox 2006 4615 2268 4698; x_wconf 88' lang='lat' dir='ltr'><strong>poenali.</strong></span> 
     </span>
    </p>
   </div>
   <div class='ocr_carea' id='block_1_6' title="bbox 3467 2302 3473 3141">
    <p class='ocr_par' dir='ltr' id='par_1_8' title="bbox 3467 2302 3473 3141">
     <span class='ocr_line' id='line_1_43' title="bbox 3467 2302 3473 3141; baseline 0 0"><span class='ocrx_word' id='word_1_479' title='bbox 3467 2302 3473 3141; x_wconf 95' lang='lat' dir='ltr'><strong> </strong></span> 
     </span>
    </p>
   </div>
   <div class='ocr_carea' id='block_1_7' title="bbox 3467 4079 3473 4871">
    <p class='ocr_par' dir='ltr' id='par_1_9' title="bbox 3467 4079 3473 4871">
     <span class='ocr_line' id='line_1_44' title="bbox 3467 4079 3473 4871; baseline 0 0"><span class='ocrx_word' id='word_1_480' title='bbox 3467 4079 3473 4871; x_wconf 95' lang='lat' dir='ltr'><strong> </strong></span> 
     </span>
    </p>
   </div>
  </div>
 </body>
</html>
