<?xml version="1.0" encoding="UTF-8"?>
<!DOCTYPE html PUBLIC "-//W3C//DTD XHTML 1.0 Transitional//EN"
    "http://www.w3.org/TR/xhtml1/DTD/xhtml1-transitional.dtd">
<html xmlns="http://www.w3.org/1999/xhtml" xml:lang="en" lang="en">
 <head>
  <title>
</title>
<meta http-equiv="Content-Type" content="text/html;charset=utf-8" />
  <meta name='ocr-system' content='tesseract 3.04.00' />
  <meta name='ocr-capabilities' content='ocr_page ocr_carea ocr_par ocr_line ocrx_word'/>
</head>
<body>
  <div class='ocr_page' id='page_1' title='image "./opustheologicum00ballgoog/opustheologicum00ballgoog_0586.png"; bbox 0 0 3497 5147; ppageno 0'>
   <div class='ocr_carea' id='block_1_1' title="bbox 354 321 2815 398">
    <p class='ocr_par' dir='ltr' id='par_1_1' title="bbox 354 321 2815 398">
     <span class='ocr_line' id='line_1_1' title="bbox 354 321 2815 398; baseline 0.004 -20"><span class='ocrx_word' id='word_1_1' title='bbox 354 321 503 398; x_wconf 79' lang='lat'>[787]</span> <span class='ocrx_word' id='word_1_2' title='bbox 1112 340 1282 388; x_wconf 70' lang='lat' dir='ltr'>Qum</span> <span class='ocrx_word' id='word_1_3' title='bbox 1318 340 1621 382; x_wconf 67' lang='lat' dir='ltr'>Arriam-10</span> <span class='ocrx_word' id='word_1_4' title='bbox 1658 342 2058 390; x_wconf 66' lang='lat' dir='ltr'>nmmum-un</span> <span class='ocrx_word' id='word_1_5' title='bbox 2708 331 2815 387; x_wconf 83' lang='lat'>579</span> 
     </span>
    </p>
   </div>
   <div class='ocr_carea' id='block_1_2' title="bbox 356 433 2845 4521">
    <p class='ocr_par' dir='ltr' id='par_1_2' title="bbox 356 433 2823 1035">
     <span class='ocr_line' id='line_1_2' title="bbox 357 433 2815 525; baseline 0.004 -28"><span class='ocrx_word' id='word_1_6' title='bbox 357 433 640 510; x_wconf 81' lang='lat' dir='ltr'>Missam,</span> <span class='ocrx_word' id='word_1_7' title='bbox 665 453 790 499; x_wconf 93' lang='lat' dir='ltr'>non</span> <span class='ocrx_word' id='word_1_8' title='bbox 822 453 953 500; x_wconf 89' lang='lat' dir='ltr'>esse</span> <span class='ocrx_word' id='word_1_9' title='bbox 983 437 1362 502; x_wconf 90' lang='lat' dir='ltr'>contrariam</span> <span class='ocrx_word' id='word_1_10' title='bbox 1384 438 1734 522; x_wconf 78' lang='lat' dir='ltr'>impletioni</span> <span class='ocrx_word' id='word_1_11' title='bbox 1756 438 1944 504; x_wconf 90' lang='lat' dir='ltr'>huius</span> <span class='ocrx_word' id='word_1_12' title='bbox 1967 442 2297 525; x_wconf 76' lang='lat' dir='ltr'>praecepti,</span> <span class='ocrx_word' id='word_1_13' title='bbox 2330 443 2384 506; x_wconf 90' lang='lat' dir='ltr'>si</span> <span class='ocrx_word' id='word_1_14' title='bbox 2421 443 2669 507; x_wconf 84' lang='lat' dir='ltr'>aliunde</span> <span class='ocrx_word' id='word_1_15' title='bbox 2693 461 2815 509; x_wconf 92' lang='lat' dir='ltr'>non</span> 
     </span>
     <span class='ocr_line' id='line_1_3' title="bbox 356 535 2820 624; baseline 0.004 -25"><span class='ocrx_word' id='word_1_16' title='bbox 356 535 644 600; x_wconf 87' lang='lat' dir='ltr'>excludat</span> <span class='ocrx_word' id='word_1_17' title='bbox 690 537 1099 601; x_wconf 88' lang='lat' dir='ltr'>sufficientem</span> <span class='ocrx_word' id='word_1_18' title='bbox 1146 541 1575 605; x_wconf 75' lang='lat' dir='ltr'>attentionem.</span> <span class='ocrx_word' id='word_1_19' title='bbox 1622 541 1846 622; x_wconf 90' lang='lat' dir='ltr'>Itaque</span> <span class='ocrx_word' id='word_1_20' title='bbox 1892 542 2178 623; x_wconf 89' lang='lat' dir='ltr'>quamvis</span> <span class='ocrx_word' id='word_1_21' title='bbox 2215 543 2355 624; x_wconf 87' lang='lat' dir='ltr'>quis</span> <span class='ocrx_word' id='word_1_22' title='bbox 2391 545 2496 609; x_wconf 87' lang='lat' dir='ltr'>eat</span> <span class='ocrx_word' id='word_1_23' title='bbox 2527 544 2601 608; x_wconf 90' lang='lat' dir='ltr'>ad</span> <span class='ocrx_word' id='word_1_24' title='bbox 2636 546 2820 609; x_wconf 90' lang='lat' dir='ltr'>ecele-</span> 
     </span>
     <span class='ocr_line' id='line_1_4' title="bbox 358 638 2819 721; baseline 0.003 -18"><span class='ocrx_word' id='word_1_25' title='bbox 358 638 519 703; x_wconf 84' lang='lat' dir='ltr'>siam</span> <span class='ocrx_word' id='word_1_26' title='bbox 542 657 613 702; x_wconf 88' lang='lat' dir='ltr'>ex</span> <span class='ocrx_word' id='word_1_27' title='bbox 636 638 969 704; x_wconf 86' lang='lat' dir='ltr'>libidinosa</span> <span class='ocrx_word' id='word_1_28' title='bbox 992 641 1332 707; x_wconf 90' lang='lat' dir='ltr'>intentione</span> <span class='ocrx_word' id='word_1_29' title='bbox 1359 642 1604 708; x_wconf 85' lang='lat' dir='ltr'>videndi</span> <span class='ocrx_word' id='word_1_30' title='bbox 1627 642 1942 721; x_wconf 88' lang='lat' dir='ltr'>feminam,</span> <span class='ocrx_word' id='word_1_31' title='bbox 1968 644 2069 708; x_wconf 87' lang='lat' dir='ltr'>vel</span> <span class='ocrx_word' id='word_1_32' title='bbox 2090 645 2339 710; x_wconf 89' lang='lat' dir='ltr'>etiamsi</span> <span class='ocrx_word' id='word_1_33' title='bbox 2362 645 2565 711; x_wconf 89' lang='lat' dir='ltr'>officio</span> <span class='ocrx_word' id='word_1_34' title='bbox 2589 646 2819 711; x_wconf 79' lang='lat' dir='ltr'>Missae</span> 
     </span>
     <span class='ocr_line' id='line_1_5' title="bbox 357 741 2822 823; baseline 0.004 -19"><span class='ocrx_word' id='word_1_35' title='bbox 357 759 501 804; x_wconf 89' lang='lat' dir='ltr'>cum</span> <span class='ocrx_word' id='word_1_36' title='bbox 538 741 751 805; x_wconf 89' lang='lat' dir='ltr'>eadem</span> <span class='ocrx_word' id='word_1_37' title='bbox 785 741 1043 806; x_wconf 79' lang='lat' dir='ltr'>assistat</span> <span class='ocrx_word' id='word_1_38' title='bbox 1071 742 1436 823; x_wconf 89' lang='lat' dir='ltr'>intentione,</span> <span class='ocrx_word' id='word_1_39' title='bbox 1471 746 1699 823; x_wconf 88' lang='lat' dir='ltr'>tamen,</span> <span class='ocrx_word' id='word_1_40' title='bbox 1734 746 1789 810; x_wconf 90' lang='lat' dir='ltr'>si</span> <span class='ocrx_word' id='word_1_41' title='bbox 1819 764 1942 809; x_wconf 92' lang='lat' dir='ltr'>non</span> <span class='ocrx_word' id='word_1_42' title='bbox 1974 746 2244 811; x_wconf 82' lang='lat' dir='ltr'>excludit</span> <span class='ocrx_word' id='word_1_43' title='bbox 2279 748 2673 812; x_wconf 79' lang='lat' dir='ltr'>voluntatem</span> <span class='ocrx_word' id='word_1_44' title='bbox 2707 749 2822 813; x_wconf 93' lang='lat' dir='ltr'>im-</span> 
     </span>
     <span class='ocr_line' id='line_1_6' title="bbox 359 842 2823 932; baseline 0.004 -26"><span class='ocrx_word' id='word_1_45' title='bbox 359 842 565 926; x_wconf 89' lang='lat' dir='ltr'>plendi</span> <span class='ocrx_word' id='word_1_46' title='bbox 597 843 714 908; x_wconf 90' lang='lat' dir='ltr'>hoe</span> <span class='ocrx_word' id='word_1_47' title='bbox 735 847 1133 929; x_wconf 88' lang='lat' dir='ltr'>praeceptum</span> <span class='ocrx_word' id='word_1_48' title='bbox 1164 846 1651 911; x_wconf 81' lang='lat' dir='ltr'>ecclesiasticum</span> <span class='ocrx_word' id='word_1_49' title='bbox 1673 848 1737 911; x_wconf 90' lang='lat' dir='ltr'>et</span> <span class='ocrx_word' id='word_1_50' title='bbox 1761 847 2137 912; x_wconf 89' lang='lat' dir='ltr'>sufficienter</span> <span class='ocrx_word' id='word_1_51' title='bbox 2159 848 2246 913; x_wconf 87' lang='lat' dir='ltr'>sit</span> <span class='ocrx_word' id='word_1_52' title='bbox 2276 850 2576 929; x_wconf 87' lang='lat' dir='ltr'>attentus,</span> <span class='ocrx_word' id='word_1_53' title='bbox 2601 850 2823 932; x_wconf 89' lang='lat' dir='ltr'>implet</span> 
     </span>
     <span class='ocr_line' id='line_1_7' title="bbox 364 945 2191 1035; baseline 0.003 -26"><span class='ocrx_word' id='word_1_54' title='bbox 364 945 521 1010; x_wconf 77' lang='lat' dir='ltr'>illud</span> <span class='ocrx_word' id='word_1_55' title='bbox 552 971 613 1009; x_wconf 85' lang='lat'>».</span> <span class='ocrx_word' id='word_1_56' title='bbox 648 946 880 1011; x_wconf 88' lang='lat' dir='ltr'>Eadem</span> <span class='ocrx_word' id='word_1_57' title='bbox 911 948 1102 1013; x_wconf 88' lang='lat' dir='ltr'>habet</span> <span class='ocrx_word' id='word_1_58' title='bbox 1130 949 1307 1035; x_wconf 89' lang='lat' dir='ltr'>Lugo</span> <span class='ocrx_word' id='word_1_59' title='bbox 1339 950 1414 1013; x_wconf 82' lang='lat' dir='ltr'>de</span> <span class='ocrx_word' id='word_1_60' title='bbox 1446 949 1646 1015; x_wconf 75' lang='lat' dir='ltr'>Euch.</span> <span class='ocrx_word' id='word_1_61' title='bbox 1680 949 1837 1034; x_wconf 84' lang='lat' dir='ltr'>disp.</span> <span class='ocrx_word' id='word_1_62' title='bbox 1865 952 1971 1014; x_wconf 83' lang='lat'>22.</span> <span class='ocrx_word' id='word_1_63' title='bbox 1998 972 2057 1016; x_wconf 92' lang='lat' dir='ltr'>n.</span> <span class='ocrx_word' id='word_1_64' title='bbox 2086 953 2191 1016; x_wconf 82' lang='lat'>23.</span> 
     </span>
    </p>

    <p class='ocr_par' dir='ltr' id='par_1_3' title="bbox 361 1049 2825 1749">
     <span class='ocr_line' id='line_1_8' title="bbox 450 1049 2820 1139; baseline 0.003 -26"><span class='ocrx_word' id='word_1_65' title='bbox 450 1049 692 1133; x_wconf 85' lang='lat' dir='ltr'>Duplex</span> <span class='ocrx_word' id='word_1_66' title='bbox 718 1052 931 1115; x_wconf 91' lang='lat' dir='ltr'>autem</span> <span class='ocrx_word' id='word_1_67' title='bbox 949 1054 1045 1116; x_wconf 88' lang='lat' dir='ltr'>est</span> <span class='ocrx_word' id='word_1_68' title='bbox 1071 1052 1366 1118; x_wconf 85' lang='lat' dir='ltr'>attentio:</span> <span class='ocrx_word' id='word_1_69' title='bbox 1396 1053 1594 1117; x_wconf 87' lang='lat' dir='ltr'>altera</span> <span class='ocrx_word' id='word_1_70' title='bbox 1617 1054 1887 1129; x_wconf 89' lang='lat' dir='ltr'>externa,</span> <span class='ocrx_word' id='word_1_71' title='bbox 1910 1052 2036 1117; x_wconf 88' lang='lat' dir='ltr'>alia</span> <span class='ocrx_word' id='word_1_72' title='bbox 2049 1053 2314 1119; x_wconf 89' lang='lat' dir='ltr'>interna.</span> <span class='ocrx_word' id='word_1_73' title='bbox 2332 1054 2512 1139; x_wconf 91' lang='lat' dir='ltr'>Lugo</span> <span class='ocrx_word' id='word_1_74' title='bbox 2527 1057 2602 1120; x_wconf 83' lang='lat' dir='ltr'>de</span> <span class='ocrx_word' id='word_1_75' title='bbox 2619 1056 2820 1122; x_wconf 76' lang='lat' dir='ltr'>Euch.</span> 
     </span>
     <span class='ocr_line' id='line_1_9' title="bbox 362 1151 2820 1240; baseline 0.004 -24"><span class='ocrx_word' id='word_1_76' title='bbox 362 1151 519 1235; x_wconf 88' lang='lat' dir='ltr'>disp.</span> <span class='ocrx_word' id='word_1_77' title='bbox 554 1155 658 1216; x_wconf 90' lang='grc'>22.</span> <span class='ocrx_word' id='word_1_78' title='bbox 701 1173 759 1217; x_wconf 89' lang='grc'>11.</span> <span class='ocrx_word' id='word_1_79' title='bbox 798 1155 902 1217; x_wconf 84' lang='grc'><strong>25.</strong></span> <span class='ocrx_word' id='word_1_80' title='bbox 936 1154 1228 1219; x_wconf 72' lang='lat' dir='ltr'>Externa</span> <span class='ocrx_word' id='word_1_81' title='bbox 1263 1157 1551 1221; x_wconf 89' lang='lat' dir='ltr'>consistit</span> <span class='ocrx_word' id='word_1_82' title='bbox 1585 1157 1650 1220; x_wconf 91' lang='lat' dir='ltr'>in</span> <span class='ocrx_word' id='word_1_83' title='bbox 1686 1156 2018 1240; x_wconf 86' lang='lat' dir='ltr'>negatione</span> <span class='ocrx_word' id='word_1_84' title='bbox 2062 1156 2484 1223; x_wconf 81' lang='lat' dir='ltr'>distractionis</span> <span class='ocrx_word' id='word_1_85' title='bbox 2515 1161 2820 1240; x_wconf 84' lang='lat' dir='ltr'>externae,</span> 
     </span>
     <span class='ocr_line' id='line_1_10' title="bbox 361 1253 2825 1347; baseline 0.004 -29"><span class='ocrx_word' id='word_1_86' title='bbox 361 1274 522 1337; x_wconf 89' lang='lat' dir='ltr'>quae</span> <span class='ocrx_word' id='word_1_87' title='bbox 567 1276 640 1320; x_wconf 89' lang='lat' dir='ltr'>ex</span> <span class='ocrx_word' id='word_1_88' title='bbox 685 1275 749 1320; x_wconf 90' lang='lat' dir='ltr'>se</span> <span class='ocrx_word' id='word_1_89' title='bbox 796 1256 1136 1323; x_wconf 89' lang='lat' dir='ltr'>distrahere</span> <span class='ocrx_word' id='word_1_90' title='bbox 1181 1257 1402 1324; x_wconf 87' lang='lat' dir='ltr'>debeat</span> <span class='ocrx_word' id='word_1_91' title='bbox 1446 1261 1719 1324; x_wconf 90' lang='lat' dir='ltr'>mentem</span> <span class='ocrx_word' id='word_1_92' title='bbox 1766 1260 1844 1324; x_wconf 86' lang='lat' dir='ltr'>ab</span> <span class='ocrx_word' id='word_1_93' title='bbox 1892 1253 2211 1325; x_wconf 85' lang='lat' dir='ltr'>auditione</span> <span class='ocrx_word' id='word_1_94' title='bbox 2256 1260 2515 1327; x_wconf 87' lang='lat' dir='ltr'>Missae:</span> <span class='ocrx_word' id='word_1_95' title='bbox 2551 1282 2608 1327; x_wconf 73' lang='lat' dir='ltr'>V.</span> <span class='ocrx_word' id='word_1_96' title='bbox 2642 1283 2736 1347; x_wconf 90' lang='lat' dir='ltr'>gr.</span> <span class='ocrx_word' id='word_1_97' title='bbox 2770 1264 2825 1328; x_wconf 92' lang='lat' dir='ltr'>si</span> 
     </span>
     <span class='ocr_line' id='line_1_11' title="bbox 361 1359 2825 1449; baseline 0.003 -27"><span class='ocrx_word' id='word_1_98' title='bbox 361 1359 502 1439; x_wconf 88' lang='lat' dir='ltr'>quis</span> <span class='ocrx_word' id='word_1_99' title='bbox 532 1359 597 1422; x_wconf 93' lang='lat' dir='ltr'>in</span> <span class='ocrx_word' id='word_1_100' title='bbox 628 1359 823 1424; x_wconf 88' lang='lat' dir='ltr'>Missa</span> <span class='ocrx_word' id='word_1_101' title='bbox 854 1359 1179 1445; x_wconf 87' lang='lat' dir='ltr'>depingere</span> <span class='ocrx_word' id='word_1_102' title='bbox 1217 1361 1408 1427; x_wconf 83' lang='lat' dir='ltr'>vellet</span> <span class='ocrx_word' id='word_1_103' title='bbox 1437 1362 1535 1426; x_wconf 87' lang='lat' dir='ltr'>vel</span> <span class='ocrx_word' id='word_1_104' title='bbox 1565 1363 1768 1446; x_wconf 89' lang='lat' dir='ltr'>legere</span> <span class='ocrx_word' id='word_1_105' title='bbox 1800 1362 2095 1429; x_wconf 88' lang='lat' dir='ltr'>historias</span> <span class='ocrx_word' id='word_1_106' title='bbox 2128 1365 2242 1429; x_wconf 86' lang='lat' dir='ltr'>aut</span> <span class='ocrx_word' id='word_1_107' title='bbox 2271 1365 2664 1446; x_wconf 88' lang='lat' dir='ltr'>quaestiones</span> <span class='ocrx_word' id='word_1_108' title='bbox 2695 1385 2825 1449; x_wconf 91' lang='lat' dir='ltr'>spe-</span> 
     </span>
     <span class='ocr_line' id='line_1_12' title="bbox 361 1460 2824 1543; baseline 0.004 -20"><span class='ocrx_word' id='word_1_109' title='bbox 361 1460 691 1539; x_wconf 84' lang='lat' dir='ltr'>culativaS,</span> <span class='ocrx_word' id='word_1_110' title='bbox 715 1460 1119 1539; x_wconf 87' lang='lat' dir='ltr'>confabulari,</span> <span class='ocrx_word' id='word_1_111' title='bbox 1150 1463 1361 1528; x_wconf 91' lang='lat' dir='ltr'>ludere</span> <span class='ocrx_word' id='word_1_112' title='bbox 1398 1465 1463 1527; x_wconf 90' lang='lat' dir='ltr'>et</span> <span class='ocrx_word' id='word_1_113' title='bbox 1492 1464 1742 1543; x_wconf 89' lang='lat' dir='ltr'>similia,</span> <span class='ocrx_word' id='word_1_114' title='bbox 1780 1467 1929 1530; x_wconf 89' lang='lat' dir='ltr'>tune</span> <span class='ocrx_word' id='word_1_115' title='bbox 1971 1485 2095 1531; x_wconf 93' lang='lat' dir='ltr'>non</span> <span class='ocrx_word' id='word_1_116' title='bbox 2126 1466 2384 1531; x_wconf 89' lang='lat' dir='ltr'>haberet</span> <span class='ocrx_word' id='word_1_117' title='bbox 2412 1467 2824 1532; x_wconf 86' lang='lat' dir='ltr'>attentionem</span> 
     </span>
     <span class='ocr_line' id='line_1_13' title="bbox 367 1563 2823 1651; baseline 0.003 -25"><span class='ocrx_word' id='word_1_118' title='bbox 367 1565 700 1626; x_wconf 86' lang='lat' dir='ltr'>externam.</span> <span class='ocrx_word' id='word_1_119' title='bbox 734 1563 1020 1629; x_wconf 88' lang='lat' dir='ltr'>Attentio</span> <span class='ocrx_word' id='word_1_120' title='bbox 1053 1566 1306 1628; x_wconf 74' lang='lat' dir='ltr'>inte-rna</span> <span class='ocrx_word' id='word_1_121' title='bbox 1334 1566 1622 1631; x_wconf 85' lang='lat' dir='ltr'>consistit</span> <span class='ocrx_word' id='word_1_122' title='bbox 1650 1566 1716 1631; x_wconf 93' lang='lat' dir='ltr'>in</span> <span class='ocrx_word' id='word_1_123' title='bbox 1750 1567 2163 1651; x_wconf 86' lang='lat' dir='ltr'>applicatione</span> <span class='ocrx_word' id='word_1_124' title='bbox 2193 1569 2436 1634; x_wconf 89' lang='lat' dir='ltr'>interna</span> <span class='ocrx_word' id='word_1_125' title='bbox 2481 1569 2706 1634; x_wconf 88' lang='lat' dir='ltr'>mentis</span> <span class='ocrx_word' id='word_1_126' title='bbox 2744 1569 2823 1633; x_wconf 92' lang='lat' dir='ltr'>ad</span> 
     </span>
     <span class='ocr_line' id='line_1_14' title="bbox 364 1664 770 1749; baseline -0.002 -19"><span class='ocrx_word' id='word_1_127' title='bbox 364 1664 625 1730; x_wconf 87' lang='lat' dir='ltr'>Missam</span> <span class='ocrx_word' id='word_1_128' title='bbox 655 1665 770 1749; x_wconf 86' lang='lat' dir='ltr'>(a).</span> 
     </span>
    </p>

    <p class='ocr_par' dir='ltr' id='par_1_4' title="bbox 364 1767 2833 3287">
     <span class='ocr_line' id='line_1_15' title="bbox 454 1767 2826 1854; baseline 0.002 -22"><span class='ocrx_word' id='word_1_129' title='bbox 454 1767 750 1847; x_wconf 82' lang='lat' dir='ltr'>Quaestio</span> <span class='ocrx_word' id='word_1_130' title='bbox 781 1769 875 1847; x_wconf 90' lang='lat' dir='ltr'>fit,</span> <span class='ocrx_word' id='word_1_131' title='bbox 903 1787 984 1834; x_wconf 90' lang='lat' dir='ltr'>an</span> <span class='ocrx_word' id='word_1_132' title='bbox 1013 1769 1287 1834; x_wconf 89' lang='lat' dir='ltr'>sufficiat</span> <span class='ocrx_word' id='word_1_133' title='bbox 1317 1769 1450 1834; x_wconf 89' lang='lat' dir='ltr'>sola</span> <span class='ocrx_word' id='word_1_134' title='bbox 1474 1771 1743 1836; x_wconf 90' lang='lat' dir='ltr'>attentio</span> <span class='ocrx_word' id='word_1_135' title='bbox 1777 1772 2061 1849; x_wconf 81' lang='lat' dir='ltr'>exterior,</span> <span class='ocrx_word' id='word_1_136' title='bbox 2088 1773 2416 1837; x_wconf 82' lang='lat' dir='ltr'>coniuncta</span> <span class='ocrx_word' id='word_1_137' title='bbox 2439 1773 2657 1854; x_wconf 91' lang='lat' dir='ltr'>utique</span> <span class='ocrx_word' id='word_1_138' title='bbox 2682 1791 2826 1837; x_wconf 87' lang='lat' dir='ltr'>cum</span> 
     </span>
     <span class='ocr_line' id='line_1_16' title="bbox 366 1871 2825 1959; baseline 0.002 -25"><span class='ocrx_word' id='word_1_139' title='bbox 366 1871 721 1954; x_wconf 87' lang='lat' dir='ltr'>supradicta</span> <span class='ocrx_word' id='word_1_140' title='bbox 752 1871 1112 1936; x_wconf 86' lang='lat' dir='ltr'>intentione.</span> <span class='ocrx_word' id='word_1_141' title='bbox 1147 1872 1229 1935; x_wconf 85' lang='lat' dir='ltr'>Et</span> <span class='ocrx_word' id='word_1_142' title='bbox 1260 1872 1704 1938; x_wconf 87' lang='lat' dir='ltr'>affirmativam</span> <span class='ocrx_word' id='word_1_143' title='bbox 1737 1874 1961 1938; x_wconf 88' lang='lat' dir='ltr'>acriter</span> <span class='ocrx_word' id='word_1_144' title='bbox 1997 1873 2267 1939; x_wconf 88' lang='lat' dir='ltr'>defendit</span> <span class='ocrx_word' id='word_1_145' title='bbox 2295 1874 2476 1959; x_wconf 86' lang='lat' dir='ltr'>Lugo</span> <span class='ocrx_word' id='word_1_146' title='bbox 2507 1894 2653 1939; x_wconf 89' lang='lat' dir='ltr'>cum</span> <span class='ocrx_word' id='word_1_147' title='bbox 2683 1874 2825 1939; x_wconf 87' lang='lat' dir='ltr'>aliis</span> 
     </span>
     <span class='ocr_line' id='line_1_17' title="bbox 369 1973 2825 2057; baseline 0.002 -22"><span class='ocrx_word' id='word_1_148' title='bbox 369 1973 669 2055; x_wconf 88' lang='lat' dir='ltr'>pluribus,</span> <span class='ocrx_word' id='word_1_149' title='bbox 710 1993 905 2055; x_wconf 92' lang='lat' dir='ltr'>neque</span> <span class='ocrx_word' id='word_1_150' title='bbox 958 1974 1162 2039; x_wconf 91' lang='lat' dir='ltr'>solum</span> <span class='ocrx_word' id='word_1_151' title='bbox 1211 1975 1416 2056; x_wconf 90' lang='lat' dir='ltr'>quoad</span> <span class='ocrx_word' id='word_1_152' title='bbox 1471 1976 1841 2041; x_wconf 89' lang='lat' dir='ltr'>audiendam</span> <span class='ocrx_word' id='word_1_153' title='bbox 1886 1975 2166 2053; x_wconf 87' lang='lat' dir='ltr'>Missam,</span> <span class='ocrx_word' id='word_1_154' title='bbox 2216 1976 2322 2041; x_wconf 91' lang='lat' dir='ltr'>sed</span> <span class='ocrx_word' id='word_1_155' title='bbox 2374 1976 2566 2041; x_wconf 90' lang='lat' dir='ltr'>etiam</span> <span class='ocrx_word' id='word_1_156' title='bbox 2619 1975 2825 2057; x_wconf 87' lang='lat' dir='ltr'>quoad</span> 
     </span>
     <span class='ocr_line' id='line_1_18' title="bbox 371 2074 2828 2160; baseline 0.002 -23"><span class='ocrx_word' id='word_1_157' title='bbox 371 2074 586 2138; x_wconf 88' lang='lat' dir='ltr'>orandi</span> <span class='ocrx_word' id='word_1_158' title='bbox 632 2079 1024 2158; x_wconf 86' lang='lat' dir='ltr'>praeceptum</span> <span class='ocrx_word' id='word_1_159' title='bbox 1054 2077 1178 2141; x_wconf 86' lang='lat' dir='ltr'>vid.</span> <span class='ocrx_word' id='word_1_160' title='bbox 1226 2079 1300 2141; x_wconf 82' lang='lat' dir='ltr'>de</span> <span class='ocrx_word' id='word_1_161' title='bbox 1332 2078 1531 2142; x_wconf 80' lang='lat' dir='ltr'>Euch.</span> <span class='ocrx_word' id='word_1_162' title='bbox 1567 2077 1723 2160; x_wconf 91' lang='lat' dir='ltr'>disp.</span> <span class='ocrx_word' id='word_1_163' title='bbox 1762 2080 1866 2141; x_wconf 84' lang='lat'>22.</span> <span class='ocrx_word' id='word_1_164' title='bbox 1902 2097 1938 2143; x_wconf 90' lang='lat' dir='ltr'>a</span> <span class='ocrx_word' id='word_1_165' title='bbox 1970 2097 2029 2141; x_wconf 91' lang='lat' dir='ltr'>n.</span> <span class='ocrx_word' id='word_1_166' title='bbox 2066 2079 2202 2155; x_wconf 82' lang='lat'>29.;</span> <span class='ocrx_word' id='word_1_167' title='bbox 2238 2078 2514 2160; x_wconf 89' lang='lat' dir='ltr'>quinimo</span> <span class='ocrx_word' id='word_1_168' title='bbox 2546 2078 2670 2142; x_wconf 85' lang='lat' dir='ltr'>hue</span> <span class='ocrx_word' id='word_1_169' title='bbox 2698 2097 2828 2143; x_wconf 89' lang='lat' dir='ltr'>ma·</span> 
     </span>
     <span class='ocr_line' id='line_1_19' title="bbox 368 2177 2824 2265; baseline 0.002 -25"><span class='ocrx_word' id='word_1_170' title='bbox 368 2177 534 2241; x_wconf 85' lang='lat' dir='ltr'>xime</span> <span class='ocrx_word' id='word_1_171' title='bbox 558 2178 683 2242; x_wconf 83' lang='lat' dir='ltr'>vim</span> <span class='ocrx_word' id='word_1_172' title='bbox 709 2181 1222 2262; x_wconf 87' lang='lat' dir='ltr'>argumentorum</span> <span class='ocrx_word' id='word_1_173' title='bbox 1244 2181 1479 2265; x_wconf 85' lang='lat' dir='ltr'>dirigit,</span> <span class='ocrx_word' id='word_1_174' title='bbox 1506 2179 1733 2245; x_wconf 87' lang='lat' dir='ltr'>Suarez</span> <span class='ocrx_word' id='word_1_175' title='bbox 1759 2181 2153 2265; x_wconf 88' lang='lat' dir='ltr'>impugnans,</span> <span class='ocrx_word' id='word_1_176' title='bbox 2172 2180 2281 2261; x_wconf 91' lang='lat' dir='ltr'>qui</span> <span class='ocrx_word' id='word_1_177' title='bbox 2303 2179 2557 2244; x_wconf 83' lang='lat' dir='ltr'>deHor.</span> <span class='ocrx_word' id='word_1_178' title='bbox 2585 2179 2824 2245; x_wconf 74' lang='lat' dir='ltr'>Canon.</span> 
     </span>
     <span class='ocr_line' id='line_1_20' title="bbox 364 2279 2827 2365; baseline 0.002 -22"><span class='ocrx_word' id='word_1_179' title='bbox 364 2279 473 2344; x_wconf 90' lang='lat' dir='ltr'>lib.</span> <span class='ocrx_word' id='word_1_180' title='bbox 508 2281 569 2343; x_wconf 83' lang='lat'>4.</span> <span class='ocrx_word' id='word_1_181' title='bbox 597 2299 727 2363; x_wconf 88' lang='lat' dir='ltr'>cap.</span> <span class='ocrx_word' id='word_1_182' title='bbox 764 2281 868 2344; x_wconf 88' lang='grc'>26.</span> <span class='ocrx_word' id='word_1_183' title='bbox 903 2301 961 2345; x_wconf 91' lang='grc'>11.</span> <span class='ocrx_word' id='word_1_184' title='bbox 994 2283 1095 2345; x_wconf 85' lang='grc'>13.</span> <span class='ocrx_word' id='word_1_185' title='bbox 1133 2283 1482 2365; x_wconf 88' lang='lat' dir='ltr'>oppositam</span> <span class='ocrx_word' id='word_1_186' title='bbox 1513 2282 1888 2347; x_wconf 89' lang='lat' dir='ltr'>sententiam</span> <span class='ocrx_word' id='word_1_187' title='bbox 1918 2280 2176 2358; x_wconf 87' lang='lat' dir='ltr'>dixerat,</span> <span class='ocrx_word' id='word_1_188' title='bbox 2202 2282 2322 2346; x_wconf 87' lang='lat' dir='ltr'>sibi</span> <span class='ocrx_word' id='word_1_189' title='bbox 2351 2281 2674 2346; x_wconf 88' lang='lat' dir='ltr'>moraliter</span> <span class='ocrx_word' id='word_1_190' title='bbox 2703 2301 2827 2347; x_wconf 91' lang='lat' dir='ltr'>eer-</span> 
     </span>
     <span class='ocr_line' id='line_1_21' title="bbox 369 2382 2825 2469; baseline 0.001 -23"><span class='ocrx_word' id='word_1_191' title='bbox 369 2384 504 2446; x_wconf 88' lang='lat' dir='ltr'>tam</span> <span class='ocrx_word' id='word_1_192' title='bbox 550 2382 764 2447; x_wconf 89' lang='lat' dir='ltr'>videri.</span> <span class='ocrx_word' id='word_1_193' title='bbox 799 2383 882 2451; x_wconf 80' lang='lat' dir='ltr'>Et</span> <span class='ocrx_word' id='word_1_194' title='bbox 924 2386 1298 2449; x_wconf 88' lang='lat' dir='ltr'>sententiam</span> <span class='ocrx_word' id='word_1_195' title='bbox 1344 2404 1521 2449; x_wconf 88' lang='lat' dir='ltr'>suam</span> <span class='ocrx_word' id='word_1_196' title='bbox 1568 2385 1896 2450; x_wconf 88' lang='lat' dir='ltr'>confirmat</span> <span class='ocrx_word' id='word_1_197' title='bbox 1941 2383 2120 2469; x_wconf 89' lang='lat' dir='ltr'>Lugo</span> <span class='ocrx_word' id='word_1_198' title='bbox 2150 2384 2194 2448; x_wconf 95' lang='lat' dir='ltr'>l.</span> <span class='ocrx_word' id='word_1_199' title='bbox 2228 2404 2279 2450; x_wconf 91' lang='lat' dir='ltr'>c.</span> <span class='ocrx_word' id='word_1_200' title='bbox 2313 2403 2375 2447; x_wconf 90' lang='lat' dir='ltr'>n.</span> <span class='ocrx_word' id='word_1_201' title='bbox 2408 2385 2513 2448; x_wconf 85' lang='lat'>35.</span> <span class='ocrx_word' id='word_1_202' title='bbox 2549 2384 2825 2467; x_wconf 91' lang='lat' dir='ltr'>exemplo</span> 
     </span>
     <span class='ocr_line' id='line_1_22' title="bbox 368 2485 2828 2568; baseline 0.001 -19"><span class='ocrx_word' id='word_1_203' title='bbox 368 2485 562 2559; x_wconf 80' lang='lat' dir='ltr'>illius,</span> <span class='ocrx_word' id='word_1_204' title='bbox 601 2486 708 2568; x_wconf 90' lang='lat' dir='ltr'>qui</span> <span class='ocrx_word' id='word_1_205' title='bbox 746 2489 1023 2552; x_wconf 87' lang='lat' dir='ltr'>exerceat</span> <span class='ocrx_word' id='word_1_206' title='bbox 1060 2489 1271 2553; x_wconf 89' lang='lat' dir='ltr'>actum</span> <span class='ocrx_word' id='word_1_207' title='bbox 1300 2489 1584 2553; x_wconf 88' lang='lat' dir='ltr'>externae</span> <span class='ocrx_word' id='word_1_208' title='bbox 1616 2487 2018 2564; x_wconf 78' lang='lat' dir='ltr'>adorationiS,</span> <span class='ocrx_word' id='word_1_209' title='bbox 2058 2505 2218 2568; x_wconf 89' lang='lat' dir='ltr'>quae</span> <span class='ocrx_word' id='word_1_210' title='bbox 2247 2487 2346 2551; x_wconf 88' lang='lat' dir='ltr'>est</span> <span class='ocrx_word' id='word_1_211' title='bbox 2378 2487 2532 2551; x_wconf 87' lang='lat' dir='ltr'>nota</span> <span class='ocrx_word' id='word_1_212' title='bbox 2566 2486 2828 2551; x_wconf 86' lang='lat' dir='ltr'>submis-</span> 
     </span>
     <span class='ocr_line' id='line_1_23' title="bbox 375 2588 2829 2673; baseline 0 -20"><span class='ocrx_word' id='word_1_213' title='bbox 375 2589 566 2654; x_wconf 90' lang='lat' dir='ltr'>sionis</span> <span class='ocrx_word' id='word_1_214' title='bbox 613 2590 923 2667; x_wconf 82' lang='lat' dir='ltr'>internae;</span> <span class='ocrx_word' id='word_1_215' title='bbox 973 2610 1119 2655; x_wconf 86' lang='lat' dir='ltr'>nam</span> <span class='ocrx_word' id='word_1_216' title='bbox 1166 2591 1282 2655; x_wconf 79' lang='lat' dir='ltr'>etsi</span> <span class='ocrx_word' id='word_1_217' title='bbox 1327 2590 1663 2655; x_wconf 86' lang='lat' dir='ltr'>distraetus</span> <span class='ocrx_word' id='word_1_218' title='bbox 1694 2591 1779 2656; x_wconf 90' lang='lat' dir='ltr'>sit</span> <span class='ocrx_word' id='word_1_219' title='bbox 1824 2610 1931 2672; x_wconf 90' lang='lat' dir='ltr'>per</span> <span class='ocrx_word' id='word_1_220' title='bbox 1963 2590 2119 2655; x_wconf 87' lang='lat' dir='ltr'>alias</span> <span class='ocrx_word' id='word_1_221' title='bbox 2152 2588 2584 2673; x_wconf 88' lang='lat' dir='ltr'>cogitationes,</span> <span class='ocrx_word' id='word_1_222' title='bbox 2617 2590 2829 2653; x_wconf 86' lang='lat' dir='ltr'>tamen</span> 
     </span>
     <span class='ocr_line' id='line_1_24' title="bbox 368 2690 2832 2777; baseline 0 -22"><span class='ocrx_word' id='word_1_223' title='bbox 368 2692 426 2755; x_wconf 89' lang='lat' dir='ltr'>si</span> <span class='ocrx_word' id='word_1_224' title='bbox 457 2692 609 2755; x_wconf 86' lang='lat' dir='ltr'>velit</span> <span class='ocrx_word' id='word_1_225' title='bbox 638 2693 925 2776; x_wconf 88' lang='lat' dir='ltr'>prosequi</span> <span class='ocrx_word' id='word_1_226' title='bbox 964 2695 1176 2756; x_wconf 90' lang='lat' dir='ltr'>actum</span> <span class='ocrx_word' id='word_1_227' title='bbox 1205 2695 1526 2757; x_wconf 88' lang='lat' dir='ltr'>externum</span> <span class='ocrx_word' id='word_1_228' title='bbox 1558 2692 1960 2766; x_wconf 89' lang='lat' dir='ltr'>adorationis,</span> <span class='ocrx_word' id='word_1_229' title='bbox 1993 2712 2052 2757; x_wconf 79' lang='lat' dir='ltr'>V.</span> <span class='ocrx_word' id='word_1_230' title='bbox 2086 2712 2181 2776; x_wconf 89' lang='lat' dir='ltr'>gr.</span> <span class='ocrx_word' id='word_1_231' title='bbox 2212 2690 2700 2777; x_wconf 86' lang='lat' dir='ltr'>genuflexionem</span> <span class='ocrx_word' id='word_1_232' title='bbox 2731 2691 2832 2756; x_wconf 87' lang='lat' dir='ltr'>vel</span> 
     </span>
     <span class='ocr_line' id='line_1_25' title="bbox 370 2793 2832 2879; baseline 0 -21"><span class='ocrx_word' id='word_1_233' title='bbox 370 2794 594 2878; x_wconf 88' lang='lat' dir='ltr'>capitis</span> <span class='ocrx_word' id='word_1_234' title='bbox 640 2794 1142 2859; x_wconf 87' lang='lat' dir='ltr'>humiliationem</span> <span class='ocrx_word' id='word_1_235' title='bbox 1189 2795 1266 2859; x_wconf 87' lang='lat' dir='ltr'>ad</span> <span class='ocrx_word' id='word_1_236' title='bbox 1316 2794 1788 2879; x_wconf 87' lang='lat' dir='ltr'>significandam</span> <span class='ocrx_word' id='word_1_237' title='bbox 1832 2794 2308 2859; x_wconf 83' lang='lat' dir='ltr'>submissionem</span> <span class='ocrx_word' id='word_1_238' title='bbox 2352 2793 2680 2873; x_wconf 89' lang='lat' dir='ltr'>internam,</span> <span class='ocrx_word' id='word_1_239' title='bbox 2729 2794 2832 2858; x_wconf 87' lang='lat' dir='ltr'>hic</span> 
     </span>
     <span class='ocr_line' id='line_1_26' title="bbox 365 2895 2832 2976; baseline 0 -15"><span class='ocrx_word' id='word_1_240' title='bbox 365 2899 532 2962; x_wconf 90' lang='lat' dir='ltr'>certe</span> <span class='ocrx_word' id='word_1_241' title='bbox 578 2898 815 2963; x_wconf 85' lang='lat' dir='ltr'>exercet</span> <span class='ocrx_word' id='word_1_242' title='bbox 859 2917 1077 2962; x_wconf 86' lang='lat' dir='ltr'>verum</span> <span class='ocrx_word' id='word_1_243' title='bbox 1120 2901 1183 2962; x_wconf 90' lang='lat' dir='ltr'>et</span> <span class='ocrx_word' id='word_1_244' title='bbox 1228 2897 1705 2962; x_wconf 87' lang='lat' dir='ltr'>substantialem</span> <span class='ocrx_word' id='word_1_245' title='bbox 1753 2898 1963 2962; x_wconf 90' lang='lat' dir='ltr'>aetum</span> <span class='ocrx_word' id='word_1_246' title='bbox 2017 2896 2420 2962; x_wconf 88' lang='lat' dir='ltr'>adorationis.</span> <span class='ocrx_word' id='word_1_247' title='bbox 2462 2895 2639 2976; x_wconf 84' lang='lat' dir='ltr'>Quod</span> <span class='ocrx_word' id='word_1_248' title='bbox 2684 2916 2832 2962; x_wconf 90' lang='lat' dir='ltr'>sane</span> 
     </span>
     <span class='ocr_line' id='line_1_27' title="bbox 375 2997 2829 3084; baseline 0 -20"><span class='ocrx_word' id='word_1_249' title='bbox 375 3002 723 3084; x_wconf 89' lang='lat' dir='ltr'>exemplum</span> <span class='ocrx_word' id='word_1_250' title='bbox 745 3002 949 3084; x_wconf 89' lang='lat' dir='ltr'>magis</span> <span class='ocrx_word' id='word_1_251' title='bbox 974 3000 1241 3082; x_wconf 86' lang='lat' dir='ltr'>quadrat</span> <span class='ocrx_word' id='word_1_252' title='bbox 1262 2998 1327 3063; x_wconf 89' lang='lat' dir='ltr'>in</span> <span class='ocrx_word' id='word_1_253' title='bbox 1352 2998 1735 3064; x_wconf 89' lang='lat' dir='ltr'>auditionem</span> <span class='ocrx_word' id='word_1_254' title='bbox 1757 2998 1987 3064; x_wconf 89' lang='lat' dir='ltr'>Missae</span> <span class='ocrx_word' id='word_1_255' title='bbox 2012 2997 2091 3063; x_wconf 90' lang='lat' dir='ltr'>ad</span> <span class='ocrx_word' id='word_1_256' title='bbox 2113 3017 2323 3080; x_wconf 87' lang='lat' dir='ltr'>quam,</span> <span class='ocrx_word' id='word_1_257' title='bbox 2351 3000 2425 3064; x_wconf 90' lang='lat' dir='ltr'>ut</span> <span class='ocrx_word' id='word_1_258' title='bbox 2454 3000 2618 3065; x_wconf 88' lang='lat' dir='ltr'>aits.</span> <span class='ocrx_word' id='word_1_259' title='bbox 2642 3001 2829 3082; x_wconf 86' lang='lat' dir='ltr'>Alph.</span> 
     </span>
     <span class='ocr_line' id='line_1_28' title="bbox 372 3100 2833 3185; baseline 0 -18"><span class='ocrx_word' id='word_1_260' title='bbox 372 3123 432 3167; x_wconf 93' lang='grc'>11.</span> <span class='ocrx_word' id='word_1_261' title='bbox 462 3104 634 3177; x_wconf 78' lang='grc'><strong>313..</strong></span> <span class='ocrx_word' id='word_1_262' title='bbox 662 3122 786 3167; x_wconf 84' lang='grc'><strong>11011</strong></span> <span class='ocrx_word' id='word_1_263' title='bbox 825 3121 979 3185; x_wconf 88' lang='lat' dir='ltr'>opus</span> <span class='ocrx_word' id='word_1_264' title='bbox 1012 3105 1106 3166; x_wconf 90' lang='lat' dir='ltr'>est</span> <span class='ocrx_word' id='word_1_265' title='bbox 1139 3120 1333 3178; x_wconf 89' lang='lat' dir='ltr'>orare,</span> <span class='ocrx_word' id='word_1_266' title='bbox 1368 3100 1473 3165; x_wconf 91' lang='lat' dir='ltr'>sed</span> <span class='ocrx_word' id='word_1_267' title='bbox 1504 3101 1737 3166; x_wconf 88' lang='lat' dir='ltr'>sufficit</span> <span class='ocrx_word' id='word_1_268' title='bbox 1783 3101 1941 3166; x_wconf 85' lang='lat' dir='ltr'>velle</span> <span class='ocrx_word' id='word_1_269' title='bbox 1988 3100 2285 3167; x_wconf 89' lang='lat' dir='ltr'>adsistere</span> <span class='ocrx_word' id='word_1_270' title='bbox 2314 3101 2685 3167; x_wconf 90' lang='lat' dir='ltr'>intendendo</span> <span class='ocrx_word' id='word_1_271' title='bbox 2717 3102 2833 3167; x_wconf 89' lang='lat' dir='ltr'>Dei</span> 
     </span>
     <span class='ocr_line' id='line_1_29' title="bbox 378 3202 2629 3287; baseline -0.001 -19"><span class='ocrx_word' id='word_1_272' title='bbox 378 3205 641 3281; x_wconf 85' lang='lat' dir='ltr'>cultum,</span> <span class='ocrx_word' id='word_1_273' title='bbox 677 3224 866 3286; x_wconf 89' lang='lat' dir='ltr'>quam</span> <span class='ocrx_word' id='word_1_274' title='bbox 911 3205 975 3269; x_wconf 89' lang='lat' dir='ltr'>in</span> <span class='ocrx_word' id='word_1_275' title='bbox 1024 3204 1388 3282; x_wconf 90' lang='lat' dir='ltr'>orationem,</span> <span class='ocrx_word' id='word_1_276' title='bbox 1426 3223 1536 3286; x_wconf 88' lang='lat' dir='ltr'>pro</span> <span class='ocrx_word' id='word_1_277' title='bbox 1585 3223 1710 3285; x_wconf 90' lang='lat' dir='ltr'>qua</span> <span class='ocrx_word' id='word_1_278' title='bbox 1756 3205 1966 3269; x_wconf 89' lang='lat' dir='ltr'>tamen</span> <span class='ocrx_word' id='word_1_279' title='bbox 2001 3203 2160 3267; x_wconf 80' lang='lat' dir='ltr'>illud</span> <span class='ocrx_word' id='word_1_280' title='bbox 2203 3202 2384 3287; x_wconf 89' lang='lat' dir='ltr'>Lugo</span> <span class='ocrx_word' id='word_1_281' title='bbox 2432 3203 2629 3267; x_wconf 85' lang='lat' dir='ltr'>affert.</span> 
     </span>
    </p>

    <p class='ocr_par' dir='ltr' id='par_1_5' title="bbox 370 3305 2836 3698">
     <span class='ocr_line' id='line_1_30' title="bbox 463 3305 2835 3392; baseline -0.001 -19"><span class='ocrx_word' id='word_1_282' title='bbox 463 3309 545 3373; x_wconf 87' lang='lat' dir='ltr'>Et</span> <span class='ocrx_word' id='word_1_283' title='bbox 582 3310 713 3392; x_wconf 90' lang='lat' dir='ltr'>ipse</span> <span class='ocrx_word' id='word_1_284' title='bbox 746 3328 794 3371; x_wconf 91' lang='lat' dir='ltr'>s.</span> <span class='ocrx_word' id='word_1_285' title='bbox 829 3308 1013 3391; x_wconf 88' lang='lat' dir='ltr'>Alph.</span> <span class='ocrx_word' id='word_1_286' title='bbox 1047 3327 1106 3370; x_wconf 90' lang='lat' dir='ltr'>n.</span> <span class='ocrx_word' id='word_1_287' title='bbox 1143 3308 1294 3371; x_wconf 85' lang='lat'>313.</span> <span class='ocrx_word' id='word_1_288' title='bbox 1327 3309 1662 3389; x_wconf 86' lang='lat' dir='ltr'>postquam</span> <span class='ocrx_word' id='word_1_289' title='bbox 1694 3306 1961 3383; x_wconf 87' lang='lat' dir='ltr'>notavit,</span> <span class='ocrx_word' id='word_1_290' title='bbox 1994 3306 2210 3390; x_wconf 88' lang='lat' dir='ltr'>negari</span> <span class='ocrx_word' id='word_1_291' title='bbox 2253 3324 2376 3370; x_wconf 91' lang='lat' dir='ltr'>non</span> <span class='ocrx_word' id='word_1_292' title='bbox 2422 3324 2620 3387; x_wconf 89' lang='lat' dir='ltr'>posse,</span> <span class='ocrx_word' id='word_1_293' title='bbox 2669 3305 2835 3387; x_wconf 90' lang='lat' dir='ltr'>quod</span> 
     </span>
     <span class='ocr_line' id='line_1_31' title="bbox 376 3406 2836 3493; baseline -0.002 -17"><span class='ocrx_word' id='word_1_294' title='bbox 376 3412 462 3476; x_wconf 89' lang='lat' dir='ltr'>sit</span> <span class='ocrx_word' id='word_1_295' title='bbox 484 3410 640 3475; x_wconf 88' lang='lat' dir='ltr'>satis</span> <span class='ocrx_word' id='word_1_296' title='bbox 664 3409 999 3493; x_wconf 89' lang='lat' dir='ltr'>probabile,</span> <span class='ocrx_word' id='word_1_297' title='bbox 1019 3408 1299 3473; x_wconf 88' lang='lat' dir='ltr'>sufficere</span> <span class='ocrx_word' id='word_1_298' title='bbox 1320 3410 1638 3472; x_wconf 87' lang='lat' dir='ltr'>externam</span> <span class='ocrx_word' id='word_1_299' title='bbox 1662 3409 2074 3474; x_wconf 87' lang='lat' dir='ltr'>attentionem</span> <span class='ocrx_word' id='word_1_300' title='bbox 2098 3407 2174 3472; x_wconf 89' lang='lat' dir='ltr'>ad</span> <span class='ocrx_word' id='word_1_301' title='bbox 2200 3406 2417 3472; x_wconf 86' lang='lat' dir='ltr'>orandi</span> <span class='ocrx_word' id='word_1_302' title='bbox 2438 3408 2836 3489; x_wconf 88' lang='lat' dir='ltr'>praeceptum</span> 
     </span>
     <span class='ocr_line' id='line_1_32' title="bbox 376 3507 2832 3598; baseline -0.004 -19"><span class='ocrx_word' id='word_1_303' title='bbox 376 3514 774 3598; x_wconf 85' lang='lat' dir='ltr'>implendum,</span> <span class='ocrx_word' id='word_1_304' title='bbox 810 3512 1142 3589; x_wconf 87' lang='lat' dir='ltr'>concludit,</span> <span class='ocrx_word' id='word_1_305' title='bbox 1185 3531 1221 3575; x_wconf 88' lang='lat' dir='ltr'>a</span> <span class='ocrx_word' id='word_1_306' title='bbox 1256 3510 1504 3575; x_wconf 86' lang='lat' dir='ltr'>fortiori</span> <span class='ocrx_word' id='word_1_307' title='bbox 1532 3510 1597 3573; x_wconf 92' lang='lat' dir='ltr'>id</span> <span class='ocrx_word' id='word_1_308' title='bbox 1643 3510 1848 3574; x_wconf 86' lang='lat' dir='ltr'>valere</span> <span class='ocrx_word' id='word_1_309' title='bbox 1893 3509 2099 3591; x_wconf 89' lang='lat' dir='ltr'>quoad</span> <span class='ocrx_word' id='word_1_310' title='bbox 2135 3508 2398 3573; x_wconf 87' lang='lat' dir='ltr'>Missam</span> <span class='ocrx_word' id='word_1_311' title='bbox 2445 3507 2832 3585; x_wconf 90' lang='lat' dir='ltr'>audiendam,</span> 
     </span>
     <span class='ocr_line' id='line_1_33' title="bbox 370 3611 1934 3698; baseline -0.006 -15"><span class='ocrx_word' id='word_1_312' title='bbox 370 3618 475 3683; x_wconf 89' lang='lat' dir='ltr'>cui</span> <span class='ocrx_word' id='word_1_313' title='bbox 519 3617 751 3682; x_wconf 87' lang='lat' dir='ltr'>sufficit</span> <span class='ocrx_word' id='word_1_314' title='bbox 798 3618 1110 3698; x_wconf 90' lang='lat' dir='ltr'>praestare</span> <span class='ocrx_word' id='word_1_315' title='bbox 1155 3612 1570 3698; x_wconf 87' lang='lat' dir='ltr'>praesentiam</span> <span class='ocrx_word' id='word_1_316' title='bbox 1614 3611 1934 3677; x_wconf 86' lang='lat' dir='ltr'>moralem.</span> 
     </span>
    </p>

    <p class='ocr_par' dir='ltr' id='par_1_6' title="bbox 373 3712 2845 4521">
     <span class='ocr_line' id='line_1_34' title="bbox 506 3712 2838 3799; baseline -0.007 -7"><span class='ocrx_word' id='word_1_317' title='bbox 506 3717 680 3792; x_wconf 81' lang='lat'>787.</span> <span class='ocrx_word' id='word_1_318' title='bbox 723 3720 1010 3786; x_wconf 84' lang='lat' dir='ltr'>Ceterum</span> <span class='ocrx_word' id='word_1_319' title='bbox 1060 3720 1111 3784; x_wconf 89' lang='lat' dir='ltr'>si</span> <span class='ocrx_word' id='word_1_320' title='bbox 1158 3717 1578 3799; x_wconf 85' lang='lat' dir='ltr'>inspiciamus,</span> <span class='ocrx_word' id='word_1_321' title='bbox 1617 3714 1767 3797; x_wconf 91' lang='lat' dir='ltr'>quid</span> <span class='ocrx_word' id='word_1_322' title='bbox 1805 3714 1914 3779; x_wconf 88' lang='lat' dir='ltr'>alii</span> <span class='ocrx_word' id='word_1_323' title='bbox 1958 3715 2279 3796; x_wconf 88' lang='lat' dir='ltr'>requirant</span> <span class='ocrx_word' id='word_1_324' title='bbox 2316 3714 2391 3779; x_wconf 90' lang='lat' dir='ltr'>ad</span> <span class='ocrx_word' id='word_1_325' title='bbox 2427 3712 2838 3779; x_wconf 88' lang='lat' dir='ltr'>attentionem</span> 
     </span>
     <span class='ocr_line' id='line_1_35' title="bbox 377 3814 2840 3901; baseline -0.004 -13"><span class='ocrx_word' id='word_1_326' title='bbox 377 3824 702 3900; x_wconf 86' lang='lat' dir='ltr'>internam,</span> <span class='ocrx_word' id='word_1_327' title='bbox 740 3824 839 3887; x_wconf 84' lang='lat' dir='ltr'>vix</span> <span class='ocrx_word' id='word_1_328' title='bbox 870 3822 1073 3886; x_wconf 87' lang='lat' dir='ltr'>differt</span> <span class='ocrx_word' id='word_1_329' title='bbox 1110 3821 1235 3885; x_wconf 86' lang='lat' dir='ltr'>alia</span> <span class='ocrx_word' id='word_1_330' title='bbox 1273 3820 1352 3885; x_wconf 90' lang='lat' dir='ltr'>ab</span> <span class='ocrx_word' id='word_1_331' title='bbox 1400 3819 1523 3885; x_wconf 88' lang='lat' dir='ltr'>alia</span> <span class='ocrx_word' id='word_1_332' title='bbox 1571 3817 1875 3901; x_wconf 88' lang='lat' dir='ltr'>opinione.</span> <span class='ocrx_word' id='word_1_333' title='bbox 1912 3816 2076 3882; x_wconf 90' lang='lat' dir='ltr'>Nam</span> <span class='ocrx_word' id='word_1_334' title='bbox 2123 3815 2349 3882; x_wconf 88' lang='lat' dir='ltr'>Suarez</span> <span class='ocrx_word' id='word_1_335' title='bbox 2386 3837 2446 3882; x_wconf 80' lang='lat' dir='ltr'>v.</span> <span class='ocrx_word' id='word_1_336' title='bbox 2480 3836 2574 3901; x_wconf 90' lang='lat' dir='ltr'>gr.</span> <span class='ocrx_word' id='word_1_337' title='bbox 2623 3814 2840 3883; x_wconf 88' lang='lat' dir='ltr'>scribit</span> 
     </span>
     <span class='ocr_line' id='line_1_36' title="bbox 375 3917 2840 4009; baseline -0.003 -18"><span class='ocrx_word' id='word_1_338' title='bbox 375 3926 450 3991; x_wconf 80' lang='lat' dir='ltr'>de</span> <span class='ocrx_word' id='word_1_339' title='bbox 482 3927 680 3992; x_wconf 77' lang='lat' dir='ltr'>Euch.</span> <span class='ocrx_word' id='word_1_340' title='bbox 716 3927 871 4009; x_wconf 88' lang='lat' dir='ltr'>disp.</span> <span class='ocrx_word' id='word_1_341' title='bbox 907 3926 1010 3989; x_wconf 84' lang='lat'>88.</span> <span class='ocrx_word' id='word_1_342' title='bbox 1048 3927 1193 3989; x_wconf 87' lang='lat' dir='ltr'>sect.</span> <span class='ocrx_word' id='word_1_343' title='bbox 1224 3925 1317 3988; x_wconf 85' lang='lat'>3.:</span> <span class='ocrx_word' id='word_1_344' title='bbox 1357 3949 1393 3982; x_wconf 67' lang='grc' dir='ltr'><em>α</em></span> <span class='ocrx_word' id='word_1_345' title='bbox 1424 3922 1567 3987; x_wconf 85' lang='grc' dir='ltr'><strong>Α113</strong></span> <span class='ocrx_word' id='word_1_346' title='bbox 1614 3923 1709 3987; x_wconf 89' lang='lat' dir='ltr'>est</span> <span class='ocrx_word' id='word_1_347' title='bbox 1755 3921 1918 3985; x_wconf 89' lang='lat' dir='ltr'>enim</span> <span class='ocrx_word' id='word_1_348' title='bbox 1964 3920 2230 3986; x_wconf 87' lang='lat' dir='ltr'>attentio</span> <span class='ocrx_word' id='word_1_349' title='bbox 2266 3921 2345 3985; x_wconf 88' lang='lat' dir='ltr'>ad</span> <span class='ocrx_word' id='word_1_350' title='bbox 2388 3939 2481 3999; x_wconf 88' lang='lat' dir='ltr'>ea,</span> <span class='ocrx_word' id='word_1_351' title='bbox 2523 3939 2681 4002; x_wconf 88' lang='lat' dir='ltr'>quae</span> <span class='ocrx_word' id='word_1_352' title='bbox 2733 3917 2840 3983; x_wconf 86' lang='lat' dir='ltr'>Sa-</span> 
     </span>
     <span class='ocr_line' id='line_1_37' title="bbox 377 4021 2836 4110; baseline -0.003 -18"><span class='ocrx_word' id='word_1_353' title='bbox 377 4029 587 4093; x_wconf 88' lang='lat' dir='ltr'>cerdos</span> <span class='ocrx_word' id='word_1_354' title='bbox 626 4028 777 4093; x_wconf 89' lang='lat' dir='ltr'>dicit</span> <span class='ocrx_word' id='word_1_355' title='bbox 810 4029 907 4092; x_wconf 90' lang='lat' dir='ltr'>vel</span> <span class='ocrx_word' id='word_1_356' title='bbox 938 4027 1105 4104; x_wconf 85' lang='lat' dir='ltr'>facit,</span> <span class='ocrx_word' id='word_1_357' title='bbox 1140 4046 1261 4091; x_wconf 92' lang='lat' dir='ltr'>non</span> <span class='ocrx_word' id='word_1_358' title='bbox 1295 4026 1463 4090; x_wconf 88' lang='lat' dir='ltr'>ultra</span> <span class='ocrx_word' id='word_1_359' title='bbox 1488 4024 1929 4110; x_wconf 90' lang='lat' dir='ltr'>progrediendo</span> <span class='ocrx_word' id='word_1_360' title='bbox 1954 4044 2065 4090; x_wconf 91' lang='lat' dir='ltr'>nec</span> <span class='ocrx_word' id='word_1_361' title='bbox 2095 4023 2384 4089; x_wconf 85' lang='lat' dir='ltr'>distincte</span> <span class='ocrx_word' id='word_1_362' title='bbox 2413 4021 2836 4106; x_wconf 89' lang='lat' dir='ltr'>intelligendo,</span> 
     </span>
     <span class='ocr_line' id='line_1_38' title="bbox 373 4122 2842 4211; baseline -0.003 -16"><span class='ocrx_word' id='word_1_363' title='bbox 373 4130 479 4195; x_wconf 88' lang='lat' dir='ltr'>sed</span> <span class='ocrx_word' id='word_1_364' title='bbox 527 4131 730 4195; x_wconf 90' lang='lat' dir='ltr'>solum</span> <span class='ocrx_word' id='word_1_365' title='bbox 779 4129 1147 4194; x_wconf 71' lang='lat' dir='ltr'>attendendo</span> <span class='ocrx_word' id='word_1_366' title='bbox 1194 4131 1268 4192; x_wconf 87' lang='lat' dir='ltr'>ut</span> <span class='ocrx_word' id='word_1_367' title='bbox 1305 4128 1382 4194; x_wconf 88' lang='lat' dir='ltr'>ad</span> <span class='ocrx_word' id='word_1_368' title='bbox 1412 4148 1543 4192; x_wconf 91' lang='lat' dir='ltr'>rem</span> <span class='ocrx_word' id='word_1_369' title='bbox 1591 4128 1905 4211; x_wconf 88' lang='lat' dir='ltr'>quandam</span> <span class='ocrx_word' id='word_1_370' title='bbox 1951 4145 2212 4202; x_wconf 85' lang='lat' dir='ltr'>sacram,</span> <span class='ocrx_word' id='word_1_371' title='bbox 2245 4126 2410 4192; x_wconf 89' lang='lat' dir='ltr'>sicut</span> <span class='ocrx_word' id='word_1_372' title='bbox 2452 4142 2641 4211; x_wconf 88' lang='lat' dir='ltr'>supra</span> <span class='ocrx_word' id='word_1_373' title='bbox 2686 4122 2842 4187; x_wconf 86' lang='lat' dir='ltr'>dice·</span> 
     </span>
     <span class='ocr_line' id='line_1_39' title="bbox 375 4224 2842 4313; baseline -0.004 -15"><span class='ocrx_word' id='word_1_374' title='bbox 375 4234 541 4313; x_wconf 89' lang='lat' dir='ltr'>bam,</span> <span class='ocrx_word' id='word_1_375' title='bbox 577 4237 641 4299; x_wconf 88' lang='lat' dir='ltr'>et</span> <span class='ocrx_word' id='word_1_376' title='bbox 685 4235 836 4299; x_wconf 86' lang='lat' dir='ltr'>haee</span> <span class='ocrx_word' id='word_1_377' title='bbox 884 4231 1150 4297; x_wconf 88' lang='lat' dir='ltr'>attentio</span> <span class='ocrx_word' id='word_1_378' title='bbox 1198 4233 1293 4295; x_wconf 91' lang='lat' dir='ltr'>est</span> <span class='ocrx_word' id='word_1_379' title='bbox 1322 4230 1536 4295; x_wconf 85' lang='lat' dir='ltr'>infima</span> <span class='ocrx_word' id='word_1_380' title='bbox 1586 4231 1884 4308; x_wconf 90' lang='lat' dir='ltr'>omnium,</span> <span class='ocrx_word' id='word_1_381' title='bbox 1916 4231 2126 4296; x_wconf 88' lang='lat' dir='ltr'>tamen</span> <span class='ocrx_word' id='word_1_382' title='bbox 2171 4228 2516 4303; x_wconf 79' lang='lat' dir='ltr'>sufficiens3</span> <span class='ocrx_word' id='word_1_383' title='bbox 2551 4224 2699 4307; x_wconf 89' lang='lat' dir='ltr'>quia</span> <span class='ocrx_word' id='word_1_384' title='bbox 2731 4224 2842 4288; x_wconf 85' lang='grc'><strong>1113</strong></span> 
     </span>
     <span class='ocr_line' id='line_1_40' title="bbox 380 4328 2845 4416; baseline -0.004 -16"><span class='ocrx_word' id='word_1_385' title='bbox 380 4336 535 4400; x_wconf 82' lang='lat' dir='ltr'>satis</span> <span class='ocrx_word' id='word_1_386' title='bbox 582 4339 695 4412; x_wconf 89' lang='lat' dir='ltr'>est,</span> <span class='ocrx_word' id='word_1_387' title='bbox 731 4335 805 4398; x_wconf 88' lang='lat' dir='ltr'>ut</span> <span class='ocrx_word' id='word_1_388' title='bbox 850 4334 959 4398; x_wconf 87' lang='grc'><strong>1113</strong></span> <span class='ocrx_word' id='word_1_389' title='bbox 990 4332 1220 4396; x_wconf 84' lang='lat' dir='ltr'>Missae</span> <span class='ocrx_word' id='word_1_390' title='bbox 1251 4332 1488 4397; x_wconf 88' lang='lat' dir='ltr'>auditio</span> <span class='ocrx_word' id='word_1_391' title='bbox 1520 4352 1631 4397; x_wconf 90' lang='lat' dir='ltr'>seu</span> <span class='ocrx_word' id='word_1_392' title='bbox 1666 4333 2016 4416; x_wconf 85' lang='lat' dir='ltr'>praesentia</span> <span class='ocrx_word' id='word_1_393' title='bbox 2048 4333 2132 4397; x_wconf 88' lang='lat' dir='ltr'>sit</span> <span class='ocrx_word' id='word_1_394' title='bbox 2162 4333 2456 4411; x_wconf 88' lang='lat' dir='ltr'>humana,</span> <span class='ocrx_word' id='word_1_395' title='bbox 2491 4328 2747 4395; x_wconf 85' lang='lat' dir='ltr'>moralis</span> <span class='ocrx_word' id='word_1_396' title='bbox 2779 4330 2845 4392; x_wconf 88' lang='lat' dir='ltr'>et</span> 
     </span>
     <span class='ocr_line' id='line_1_41' title="bbox 378 4436 1140 4521; baseline -0.007 -20"><span class='ocrx_word' id='word_1_397' title='bbox 378 4457 449 4501; x_wconf 89' lang='lat' dir='ltr'>ex</span> <span class='ocrx_word' id='word_1_398' title='bbox 484 4439 721 4502; x_wconf 85' lang='lat' dir='ltr'>obiecto</span> <span class='ocrx_word' id='word_1_399' title='bbox 755 4436 1045 4521; x_wconf 87' lang='lat' dir='ltr'>religiosa</span> <span class='ocrx_word' id='word_1_400' title='bbox 1081 4460 1140 4496; x_wconf 84' lang='lat'>».</span> 
     </span>
    </p>
   </div>
   <div class='ocr_carea' id='block_1_3' title="bbox 380 4569 448 4577">
    <p class='ocr_par' dir='ltr' id='par_1_7' title="bbox 380 4569 448 4577">
     <span class='ocr_line' id='line_1_42' title="bbox 380 4569 448 4577; baseline 0.015 -1"><span class='ocrx_word' id='word_1_401' title='bbox 380 4569 448 4577; x_wconf 55' lang='lat' dir='ltr'>u—</span> 
     </span>
    </p>
   </div>
   <div class='ocr_carea' id='block_1_4' title="bbox 455 4569 665 4577">
    <p class='ocr_par' dir='ltr' id='par_1_8' title="bbox 455 4569 665 4577">
     <span class='ocr_line' id='line_1_43' title="bbox 455 4569 665 4577; baseline 0 570"><span class='ocrx_word' id='word_1_402' title='bbox 455 4569 665 4577; x_wconf 95' lang='lat' dir='ltr'> </span> 
     </span>
    </p>
   </div>
   <div class='ocr_carea' id='block_1_5' title="bbox 458 4610 2517 4677">
    <p class='ocr_par' dir='ltr' id='par_1_9' title="bbox 458 4610 2517 4677">
     <span class='ocr_line' id='line_1_44' title="bbox 458 4610 2517 4677; baseline -0.002 -11"><span class='ocrx_word' id='word_1_403' title='bbox 458 4626 518 4677; x_wconf 73' lang='grc' dir='ltr'><strong>(ιι)</strong></span> <span class='ocrx_word' id='word_1_404' title='bbox 549 4623 625 4666; x_wconf 81' lang='lat' dir='ltr'>of.</span> <span class='ocrx_word' id='word_1_405' title='bbox 651 4622 865 4667; x_wconf 73' lang='lat' dir='ltr'>dicenda</span> <span class='ocrx_word' id='word_1_406' title='bbox 891 4625 960 4667; x_wconf 79' lang='lat' dir='ltr'>tr.</span> <span class='ocrx_word' id='word_1_407' title='bbox 989 4621 1077 4664; x_wconf 82' lang='lat' dir='ltr'>1x.</span> <span class='ocrx_word' id='word_1_408' title='bbox 1108 4633 1151 4664; x_wconf 87' lang='lat' dir='ltr'>o.</span> <span class='ocrx_word' id='word_1_409' title='bbox 1178 4622 1221 4665; x_wconf 79' lang='grc'><strong>2.</strong></span> <span class='ocrx_word' id='word_1_410' title='bbox 1251 4620 1315 4664; x_wconf 81' lang='lat' dir='ltr'>de</span> <span class='ocrx_word' id='word_1_411' title='bbox 1345 4618 1630 4663; x_wconf 78' lang='lat' dir='ltr'>attentione</span> <span class='ocrx_word' id='word_1_412' title='bbox 1658 4610 1719 4661; x_wconf 48' lang='lat' dir='ltr'>in‘</span> <span class='ocrx_word' id='word_1_413' title='bbox 1742 4618 2006 4663; x_wconf 74' lang='lat' dir='ltr'>recitando</span> <span class='ocrx_word' id='word_1_414' title='bbox 2030 4618 2208 4663; x_wconf 76' lang='lat' dir='ltr'>divino</span> <span class='ocrx_word' id='word_1_415' title='bbox 2235 4617 2414 4662; x_wconf 79' lang='lat' dir='ltr'>officio.</span> <span class='ocrx_word' id='word_1_416' title='bbox 2458 4617 2517 4662; x_wconf 79' lang='grc' dir='ltr'><strong>Ε.</strong></span> 
     </span>
    </p>
   </div>
  </div>
 </body>
</html>
