3497 5147
703 352 818 407 370
928 365 1145 406 TRAC'r.
1174 365 1254 406 vl.
1277 363 1439 405 enzer.
1468 364 1506 403 1.
1532 363 1617 402 ms
1642 362 1833 403 ritmo
1861 362 2077 404 PRAEC.
2103 362 2433 404 oneramur.
2453 361 2589 404 cAP.
2615 364 2678 403 11.
2698 364 2841 406 nun.
2871 364 2960 404 111.
3033 350 3174 424 [484]

704 462 956 546 quidem
1003 463 1207 526 solum
1270 462 1333 525 in
1384 461 1719 536 ordinibuS,
1770 460 1833 524 in
1883 458 2188 524 beneficiis
2237 461 2301 524 et
2346 460 2410 524 in
2473 460 2757 545 ingressu
2811 461 3171 545 religionis:

708 562 778 628 2⁰
812 565 890 630 ob
938 564 1268 629 simoniam
1317 563 1832 635 confidentialem‚
1873 581 2032 645 quae
2062 563 2270 627 locum
2299 562 2491 627 habet
2521 563 2586 628 in
2615 563 2750 627 sola
2787 565 3050 628 materia
3083 565 3175 628 be-

709 667 1043 731 neficiaria.

820 806 947 858 th.
974 807 1124 871 Resp.
1153 807 1201 858 2.
1228 806 1303 859 Ob
1342 803 1656 858 simoniacam
1693 802 2005 856 collationem
2044 811 2092 856 et
2131 801 2492 868 susceptionem
2528 801 2780 866 ordinum,
2805 800 2955 856 etiam
2996 802 3171 869 primae

710 897 959 952 tonsurae,
985 889 1250 944 incurritur
1287 888 1725 944 excommunicatio
1766 896 1814 942 et
1853 887 2109 955 suspensio
2141 885 2349 954 papalis.
2376 889 2515 940 Less.
2541 889 2588 940 d.
2619 887 2702 940 24.
2731 890 2901 951 Laym.
2928 889 2961 942 1.
2987 904 3029 940 c..
3053 891 3137 952 (a).

802 995 987 1069 484.
1020 999 1291 1063 Additur
1326 998 1538 1082 poenis
1571 997 1914 1062 ordinantis
1960 996 2361 1061 interdictum
2395 996 2473 1059 ab
2519 996 2804 1081 ingressu
2835 996 3168 1061 Ecclesiae:

712 1122 765 1167 s.
800 1102 983 1186 Alph.
1041 1123 1102 1166 n.
1142 1104 1288 1166 109.
1348 1102 1517 1165 Inter
1554 1119 1783 1183 poenas
1830 1101 2045 1164 contra
2089 1100 2425 1163 simoniace
2481 1098 2800 1162 ordinatos
2846 1100 2982 1162 erat
3029 1099 3172 1162 olim

714 1205 909 1269 etiam
944 1204 1309 1268 inhabilitas
1341 1222 1450 1267 seu
1480 1203 1801 1286 suspensio
1836 1222 1872 1265 a
1904 1221 2009 1285 spe
2043 1200 2403 1266 ascendendi
2429 1200 2506 1264 ad
2540 1200 2780 1265 ordines
2814 1201 3170 1283 superiores.

713 1305 929 1372 Const.
964 1306 1123 1372 sixti
1150 1306 1223 1369 V.
1260 1304 1561 1370 Sanctum
1593 1306 1650 1387 ξ.
1687 1305 1748 1368 3.

805 1411 999 1476 Porro
1032 1429 1175 1475 cum
1220 1409 1544 1488 suspensio
1573 1429 1615 1471 a
1645 1427 1752 1487 spe
1783 1406 2160 1471 ascendendi
2202 1406 2293 1470 ad
2343 1404 2613 1470 Ordines
2657 1406 3004 1485 superiores
3048 1425 3169 1470 nou

714 1514 800 1577 sit
833 1513 1075 1596 proprie
1100 1531 1377 1589 censura,
1412 1511 1517 1576 sed
1550 1511 1759 1594 potius
1800 1509 2266 1591 inmutav-itas,
2291 1509 2518 1574 idcirco
2551 1509 2702 1573 haec
2725 1509 2789 1572 in
2814 1527 2930 1573 suo
2960 1509 3172 1574 robore

710 1634 959 1679 manere
992 1614 1255 1678 videtur.
1294 1614 1409 1678 Per
1454 1611 1979 1678 Constitutionem
2015 1614 2178 1676 enim
2223 1610 2622 1691 Apostolicac
2672 1610 2853 1675 Sedis
2896 1611 3174 1676 sublatae

712 1717 939 1798 utique
979 1718 1129 1781 sunt
1174 1733 1468 1780 censurae
1518 1733 1747 1788 omnes⁹
1784 1717 2028 1797 praeter
2065 1733 2190 1791 eas,
2225 1731 2381 1796 quas
2427 1711 2515 1777 ibi
2562 1712 2856 1778 Summus
2895 1713 3173 1778 Pontifex

711 1819 919 1903 vigere
966 1818 1307 1882 declaravit
1355 1818 1419 1881 et
1451 1817 1712 1892 statuit3
1751 1820 1817 1880 at
1864 1816 2068 1898 quoad
2102 1816 2258 1880 alias
2291 1834 2539 1898 poenas,
2589 1835 2748 1898 quae
2777 1815 3023 1899 proprie
3047 1836 3174 1879 ecn-

710 1940 899 1984 surae
946 1920 1193 1984 nomine
1238 1938 1360 1984 non
1408 1919 1683 1995 veniunt,
1725 1919 1882 1983 nihil
1942 1920 2006 1982 in
2054 1938 2125 1983 ea
2170 1917 2634 1984 Constitutione
2702 1919 3023 1984 decretum
3068 1921 3174 1982 aut

709 2024 1079 2087 innovatum
1126 2024 1240 2086 est.
1290 2023 1354 2087 Si
1401 2023 1610 2086 tamen
1657 2023 1887 2086 crimen
1927 2023 2011 2086 sit
2043 2021 2376 2098 occultum,
2411 2022 2719 2105 poteritne
2767 2021 2846 2086 ab
2892 2022 3007 2086 hac
3037 2023 3176 2086 irre-

710 2125 1056 2210 gularitate
1091 2124 1445 2207 dispensare
1493 2124 1685 2188 etiam
1732 2125 2074 2209 Episcopus
2122 2144 2194 2188 ex
2224 2144 2356 2207 cap.
2392 2124 2664 2188 Liceat?
2689 2124 3056 2210 Negandum
3086 2124 3177 2188 vi·

711 2228 918 2303 detur;
954 2246 1101 2291 nam
1148 2225 1360 2292 Sixtus
1409 2226 1485 2289 V.
1523 2227 1729 2308 quoad
1775 2246 2003 2310 poenas
2034 2228 2178 2291 huic
2210 2227 2455 2291 crimini
2491 2226 2781 2302 inflictas,
2818 2227 3108 2292 facultati
3140 2246 3175 2290 a

711 2329 879 2392 Trid.
919 2327 1165 2414 Synodo
1204 2329 1524 2412 Episcopis
1576 2329 1779 2394 factae
1811 2329 2221 2408 dispensandi
2249 2330 2313 2393 in
2346 2329 2801 2414 irregularibus
2835 2329 2913 2394 ob
2946 2329 3174 2393 crimen

713 2431 1027 2496 occultum
1059 2430 1405 2516 derogavit.
1462 2431 1837 2514 Excipietur‚
1886 2432 2007 2495 nisi
2053 2429 2438 2496 Constitutio
2488 2432 2718 2496 alicubi
2762 2435 3010 2516 recepta
3056 2451 3173 2496 usu

709 2552 832 2599 non
882 2534 984 2598 sit.

816 2661 920 2712 Lx.
948 2662 1096 2725 Resp.
1118 2660 1165 2710 3.
1187 2659 1260 2711 Ob
1289 2656 1545 2710 simoniam
1574 2660 1770 2710 Realem
1799 2657 1846 2709 in
1878 2658 2113 2712 beneflcio
2139 2657 2486 2711 Ecclesiastico
2511 2657 2780 2712 incurritur
2811 2662 2830 2711 -t
2847 2697 2858 2709 .
2897 2674 3170 2713 excommn-

706 2743 886 2796 nicatio
913 2741 1128 2809 papalis:
1151 2745 1200 2795 2.
1226 2741 1366 2795 irrita
1392 2749 1467 2795 est
1494 2741 1685 2801 electio,
1709 2743 2054 2808 praesentatio,
2076 2742 2382 2797 confirmatio
2406 2750 2455 2796 et
2480 2741 2740 2797 institutio.
2763 2744 2905 2797 Unde
2939 2744 3053 2798 talis
3079 2758 3169 2798 non

705 2827 821 2881 tacit
846 2832 1033 2881 tructus
1070 2843 1186 2881 suos
1210 2827 1359 2893 idque
1384 2826 1551 2890 etiam,
1579 2826 1693 2880 licet
1720 2842 1746 2880 a
1779 2827 1923 2880 tertia
1957 2841 2163 2893 persona
2206 2827 2368 2881 taliter
2394 2826 2625 2894 provisus
2648 2827 2699 2881 id
2725 2827 3048 2892 ignoraverit,
3078 2827 3169 2882 nisi

707 2919 868 2965 tamen
893 2911 1267 2978 contradixerit,
1290 2914 1368 2965 vel
1396 2911 1488 2963 nisi
1514 2926 1539 2963 a
1570 2910 1711 2964 tertio
1738 2914 1850 2965 data
1882 2911 2024 2965 ruerit
2052 2911 2252 2980 pecunia
2283 2926 2371 2978 per
2397 2914 2635 2977 fraudem,
2659 2917 2711 2966 ut
2731 2914 3023 2968 redderetur
3042 2914 3168 2968 inha-

707 2996 835 3058 bilis,
859 3000 935 3049 vel
967 2996 1058 3050 nisi
1080 3000 1205 3049 bona
1232 2998 1326 3049 tide
1354 2996 1630 3063 possederit
1659 2996 1944 3050 beneficium
1976 3011 2061 3063 per
2080 2996 2360 3051 triennium.
2385 2999 2521 3051 LeSS.
2544 3000 2574 3050 1.
2593 2999 2804 3051 2.e.35.
2829 3000 2877 3052 d.
2903 3001 3169 3064 3t.1.aym.

707 3085 740 3135 Ι.
768 3082 819 3136 4.
844 3089 880 3134 t.
909 3084 926 3133 t
944 3084 989 3133 0.
1011 3096 1116 3147 cap.
1139 3084 1225 3133 ult.
1249 3083 1369 3133 Bon.
1397 3082 1444 3132 d.
1474 3082 1515 3131 t.
1538 3096 1583 3146 q.
1604 3081 1655 3133 7.
1678 3096 1723 3147 p.
1746 3084 1796 3134 2.
1825 3096 1869 3134 n.
1894 3084 1977 3134 20.
2002 3096 2061 3134 ex
2089 3084 2230 3135 Gom.
2250 3085 2399 3136 Garz.
2422 3090 2515 3136 etc.
2533 3084 2581 3135 3.
2604 3081 2827 3135 Efficitur
2851 3082 3079 3138 inhabilis
3108 3087 3168 3136 ad

704 3166 833 3219 idem
864 3164 1166 3226 beneficium,
1193 3162 1338 3217 etiam
1378 3178 1465 3230 per
1501 3164 1915 3230 dispensationem
1955 3165 2183 3232 Episcopi
2221 3165 2559 3230 obtinendum,
2587 3166 2696 3221 aliis
2738 3174 2902 3222 tamen
2930 3167 3172 3221 beneflciis

705 3250 810 3303 iure
846 3250 956 3315 ipso
994 3263 1090 3301 non
1118 3248 1358 3314 privatur,
1385 3263 1473 3303 nec
1501 3250 1559 3302 ad
1588 3249 1680 3303 alia
1708 3248 1968 3303 obtinenda
1996 3252 2049 3303 tit
2074 3249 2305 3305 inhabilis
2343 3259 2455 3305 ante
2496 3251 2786 3306 sententiam
2816 3253 3011 3307 iudicis.
3037 3256 3168 3307 suar.

707 3351 751 3389 c.
779 3337 865 3389 54.
894 3350 940 3388 n.
968 3336 1019 3387 7.

793 3439 973 3514 485.
1008 3444 1219 3509 Prima
1251 3461 1448 3526 poena
1496 3444 1573 3508 ob
1605 3443 1937 3508 simoniam
1968 3445 2027 3508 in
2079 3446 2342 3510 materia
2373 3446 2759 3512 beneficiaria
2801 3450 2900 3512 est
2935 3467 3169 3514 excom-

705 3548 1047 3614 municatio
1080 3548 1288 3631 Papae
1316 3547 1630 3612 reservata
1667 3548 1731 3610 et
1763 3547 1897 3629 ipso
1936 3548 2102 3615 facto
2136 3549 2519 3616 incurrenda.

792 3651 972 3714 Hanc
1003 3669 1263 3733 poenam
1293 3650 1622 3713 incurrunt
1657 3669 1780 3714 non
1819 3651 2023 3714 solum
2049 3651 2361 3717 conferens
2393 3656 2456 3718 et
2487 3653 2807 3737 recipienS‚
2842 3654 2952 3719 sed
2984 3656 3164 3720 etiam

702 3753 767 3829 ii,
803 3772 1069 3833 quorum
1094 3752 1466 3818 mediatione
1492 3754 1556 3817 et
1579 3753 2011 3836 cooperatione
2036 3756 2393 3820 contractus
2424 3756 2801 3821 simoniacus
2835 3757 3161 3841 perficitur.

701 3853 867 3917 Nam
913 3854 978 3917 in
1025 3852 1236 3918 Const.
1290 3853 1689 3933 Apostolicae
1740 3854 1920 3919 Sedis
1955 3855 2117 3919 inter
2163 3858 2830 3923 excommunicationes
2870 3860 2945 3924 R.
2981 3861 3050 3925 P.
3085 3879 3170 3924 re-

702 3957 981 4019 servatas
1029 3956 1295 4020 habetur
1339 3956 1599 4021 disserte
1648 3958 2164 4022 excommunicari
2211 3979 2350 4024 rcos
2378 3961 2682 4025 simoniae
2728 3960 2928 4026 realis
2963 3964 3032 4026 in
3079 3962 3171 4026 be·

697 4058 943 4139 neficiis
973 4057 1460 4139 quibuscumque
1497 4079 1827 4139 eorumque
1877 4059 2219 4138 complices.

792 4161 856 4226 Si
905 4161 1221 4226 occultum
1266 4161 1351 4225 sit
1397 4161 1645 4237 crimen,
1681 4161 1760 4224 ab
1792 4162 1907 4225 hac
1940 4164 2573 4230 excommunicatione
2620 4166 2942 4231 absolvere
2966 4170 3176 4251 potest

700 4263 1038 4347 Episcopus
1070 4282 1142 4328 ex
1187 4282 1319 4345 cap.
1370 4260 1608 4325 Liceat.
1662 4263 1762 4326 Ita
1796 4265 1959 4328 enim
1993 4264 2252 4330 disserte
2283 4267 2349 4331 in
2381 4267 2486 4332 cit.
2523 4265 2734 4333 Const.
2769 4268 3176 4349 Apostolicae

781 4467 842 4517 (a)
873 4466 1122 4516 Quoniam
1148 4466 1259 4509 iure
1288 4465 1560 4508 novissimo
1576 4465 1750 4510 const.
1771 4467 2061 4520 Apostolicae
2090 4470 2220 4514 Sedis
2262 4473 2564 4527 antiquatae
2593 4477 2715 4516 sunt
2749 4487 3002 4522 censui-ne
3033 4479 3178 4523 latae

699 4533 980 4575 sententiae
1011 4536 1190 4575 contra
1216 4531 1513 4574 simoniacos
1541 4532 1597 4574 in
1626 4533 1898 4577 collatione
1928 4539 1979 4577 et
2011 4537 2326 4591 susceptione
2356 4539 2613 4593 ordinum,
2634 4540 2924 4586 omittimus
2941 4556 3020 4591 οι.
3042 4558 3182 4600 qnae

704 4598 967 4651 Butler-ini,
996 4598 1092 4640 hac
1119 4610 1271 4652 super
1299 4610 1372 4647 re,
1402 4598 1552 4651 longa
1582 4602 1633 4641 et
1664 4599 1866 4642 erudita
1895 4602 2121 4647 oratione
2151 4604 2457 4658 disputavit.

783 4664 958 4715 Quoad
985 4664 1253 4708 simoniam
1282 4664 1555 4708 admr’ssam
1582 4666 1638 4709 in
1665 4667 1913 4711 electione
1941 4669 2001 4711 R.
2024 4670 2077 4713 P.
2099 4670 2162 4715 of.
2178 4670 2476 4715 Tractatum
2504 4674 2558 4716 de
2582 4673 2813 4718 censuris.
2836 4675 2898 4719 E.
