3497 5147
702 362 812 418 366
899 377 1115 418 TRAG‘r.
1143 377 1221 418 vr.
1248 376 1410 416 snc‘r.
1437 376 1476 414 1.
1505 376 1589 414 nm
1614 375 1806 416 pruno
1831 374 2047 415 mam.
2075 373 2402 416 nmanoon
2428 373 2561 415 cap,
2589 374 2652 414 11.
2680 373 2821 415 nnn.
2849 374 2939 413 111.
3019 359 3171 435 [4ffl]

787 475 876 538 Et
907 492 1018 556 pro
1056 473 1189 537 foro
1222 472 1472 554 quidem
1518 473 1927 536 conscientiae
1973 490 2069 536 res
2112 474 2282 536 caret
2326 471 2723 547 difficultate;
2758 490 2905 534 nam
2949 471 3013 534 in
3051 471 3167 536 hoc

695 576 834 641 foro
875 575 1221 640 attenditur
1251 575 1547 656 cuiusque
1581 576 1954 639 conscientia
1986 577 2050 639 et
2083 574 2411 657 inspicitur
2433 575 2567 638 eius
2595 592 2769 638 mens
2793 576 2857 637 et
2878 573 3163 638 intentio.

789 678 861 741 In
896 678 1030 742 foro
1066 679 1277 742 autem
1310 679 1557 741 externo
1590 677 2100 741 considerandum
2130 677 2244 741 est.

888 782 953 842 1⁰
986 780 1084 844 An
1124 783 1377 863 pactum
1411 779 1843 843 intercesserit.
1881 777 2044 843 Nam
2082 779 2135 843 si
2167 779 2515 843 intercessit
2534 780 2808 861 pactum,
2835 778 3036 842 maior
3073 780 3165 842 est

702 883 1127 966 praesumptio
1152 882 1470 958 simoniae,
1490 901 1679 963 quam
1703 900 1846 945 cum
1869 881 2232 963 simpliciter
2253 880 2573 963 quidpiam
2587 880 2928 962 temporale
2946 879 3163 944 datum

696 987 824 1061 est;
878 986 1026 1067 quia
1081 1004 1161 1048 ss.
1202 983 1480 1048 Canones
1527 984 1707 1047 valde
1752 984 2107 1066 improbant
2143 984 2326 1066 pacta
2371 982 2435 1045 in
2481 981 2839 1046 huiusmodi
2874 980 3159 1065 negotiis,

698 1087 996 1168 quamvis
1028 1087 1220 1150 etiam
1266 1085 1578 1151 interdum
1610 1087 1794 1168 pacta
1840 1086 2100 1149 honesta
2146 1085 2280 1149 fieri
2324 1084 2565 1167 possint
2594 1084 2725 1148 sine
2770 1084 3055 1160 simonia,
3088 1086 3164 1148 ut

700 1189 777 1252 ad
826 1188 1249 1253 redimendam
1296 1208 1535 1266 veram,
1585 1188 1662 1252 ad
1709 1187 2229 1271 compensandum
2275 1187 2716 1251 accidentalem
2762 1187 2826 1250 et
2889 1188 3161 1250 extraor-

697 1289 1015 1354 dinarium
1051 1292 1346 1366 laborem,
1382 1290 1456 1354 ad
1506 1291 1904 1354 securitatem
1936 1289 2226 1372 stipendii
2256 1292 2371 1354 etc.

887 1395 956 1456 2⁰
1007 1391 1533 1458 Considerandum
1580 1393 1693 1468 est,
1745 1412 1822 1456 an
1867 1393 1933 1455 in
1980 1392 2097 1456 tali
2126 1391 2461 1476 largitione
2504 1391 2908 1456 intervenerit
2950 1392 3155 1473 aliqua

694 1515 905 1569 causa,
956 1497 1033 1560 ob
1084 1514 1272 1578 quam
1311 1496 1481 1560 datio
1530 1494 1891 1578 temporalis
1937 1495 2328 1559 cohonestari
2373 1495 2439 1559 et
2481 1495 2762 1558 excusari
2810 1513 2846 1558 a
2895 1494 3156 1559 simonia

695 1599 911 1682 possit.
958 1598 1121 1663 Nam
1159 1599 1213 1662 si
1258 1599 1406 1663 talis
1454 1617 1643 1662 causa
1689 1597 1910 1674 subsit,
1960 1597 2270 1679 praesumi
2317 1597 2580 1662 simonia
2627 1615 2750 1661 non
2796 1596 2998 1673 debet,
3040 1596 3154 1661 nisi

694 1702 854 1765 aliae
902 1701 1407 1766 circumstantiae
1455 1704 1517 1765 et
1563 1700 1952 1764 coniecturae
1998 1699 2318 1764 moraliter
2364 1700 2438 1763 ad
2487 1699 2550 1762 id
2595 1702 2857 1783 cogant:
2900 1698 3050 1780 quia
3093 1700 3154 1762 in

694 1803 883 1867 dubio
910 1805 1191 1868 tenemur
1222 1803 1481 1867 alterius
1511 1802 1677 1866 facta
1702 1803 1766 1866 in
1797 1802 2115 1866 meliorem
2137 1803 2379 1885 partem
2402 1801 2814 1884 interpretari,
2842 1801 2897 1865 si
2921 1801 3152 1866 factum

697 1905 845 1968 talis
870 1906 1400 1987 interpretationis
1434 1905 1517 1969 sit
1540 1924 1752 1988 capax.
1786 1903 2163 1969 Huiusmodi
2188 1922 2376 1967 causa
2399 1903 2659 1968 honesta
2682 1906 2746 1967 et
2767 1903 2997 1968 titulus
3026 1922 3154 1968 3333

696 2008 904 2089 potest
927 2007 1026 2070 vel
1056 2008 1296 2071 ratione
1321 2007 1638 2091 gratuitae
1661 2006 2015 2072 donationis
2040 2005 2138 2070 vel
2160 2024 2232 2068 31
2255 2005 2636 2090 obligatione
2657 2005 2942 2071 iustitiae
2963 2007 3058 2070 vel
3080 2025 3154 2071 31

694 2110 830 2194 lege
864 2111 977 2174 aut
1008 2110 1468 2175 consuetudine.

876 2213 945 2274 3⁰
979 2211 1435 2276 Consideranda
1472 2214 1567 2276 est
1603 2231 1863 2294 persona
1900 2212 2104 2275 dantis
2136 2213 2201 2276 et
2237 2212 2621 2294 accipientis:
2655 2232 2804 2276 nam
2835 2211 3147 2287 nobilitas,

689 2315 1227 2399 consanguinitaS,
1262 2314 1543 2397 specialis
1583 2314 1878 2390 amicitia,
1903 2314 2194 2380 honestas
2217 2332 2463 2379 morum
2486 2315 2603 2379 etc.
2629 2315 2694 2379 in
2718 2314 2907 2379 dante
2929 2315 3030 2379 vel
3059 2334 3151 2379 ac-

691 2415 957 2499 cipiente
989 2420 1084 2481 est
1114 2418 1365 2502 signum
1395 2417 1747 2480 donationis
1771 2416 2106 2500 gratuitae.

872 2520 943 2583 40
971 2518 1429 2586 Consideranda
1453 2521 1548 2583 est
1577 2519 1899 2601 quantitas
1923 2519 2014 2584 rei
2043 2520 2405 2604 temporalis
2429 2519 2632 2586 datae.
2657 2519 2823 2585 Nam
2847 2521 2903 2586 si
2925 2520 3152 2586 modici

690 2622 874 2705 pretii
912 2623 1015 2697 sit,
1051 2641 1160 2705 pro
1198 2621 1393 2685 nihilo
1423 2622 1785 2703 reputatum
1821 2623 1968 2703 quia
1999 2641 2121 2687 non
2153 2625 2248 2687 est
2277 2623 2630 2702 verisimile,
2664 2622 2823 2687 illud
2853 2623 2991 2688 dari
3020 2626 3152 2688 tan·

688 2742 875 2804 quam
913 2723 1183 2805 pretium
1232 2740 1342 2805 pro
1390 2741 1455 2785 re
1501 2725 1633 2786 tam
1679 2725 2056 2806 praestante.
2089 2724 2295 2803 833113,
2328 2726 2381 2790 31
2418 2744 2516 2792 133
2562 2726 2647 2789 sit
2690 2726 2908 2809 magni
2945 2727 3146 2810 pretii,

688 2824 837 2888 licet
869 2826 952 2889 sit
985 2826 1199 2908 magni
1231 2825 1415 2908 pretii
1446 2827 1695 2891 tantum
1724 2828 2063 2910 respective
2095 2829 2171 2892 ad
2209 2828 2460 2894 dantem
2506 2829 2607 2894 vel
2638 2829 3061 2913 accipientem.

868 2927 939 2990 5⁰
971 2925 1361 2991 Considerari
1391 2928 1572 2992 debet
1602 2930 1842 2994 occasio
1874 2930 2166 2995 dationis.
2198 2931 2361 2995 Nam
2392 2932 2445 2996 si
2475 2931 2590 2997 fiat
2636 2934 2900 3016 urgente
2942 2932 3145 3015 aliqua

686 3030 1076 3107 necessitate,
1127 3030 1274 3111 quia
1318 3031 1392 3107 is,
1427 3031 1526 3095 cui
1564 3031 1770 3107 datur,
1805 3032 1941 3096 heic
1977 3033 2042 3097 et
2085 3051 2248 3097 nunc
2293 3034 2408 3097 tali
2456 3052 2522 3098 re
2566 3033 2827 3118 indiget,
2858 3037 3137 3099 censetur

686 3133 901 3215 potius
934 3133 1083 3197 data
1116 3152 1187 3197 ex
1218 3133 1595 3198 liberalitate
1627 3138 1690 3199 et
1723 3135 1798 3198 ad
1832 3135 2263 3200 necessitatem
2293 3137 2755 3201 sublevandam.
2932 3153 2944 3162 ·

865 3236 934 3298 6⁰
971 3236 1250 3317 Denique
1296 3236 1734 3301 consideranda
1783 3238 1879 3301 est
1923 3237 2393 3304 circumstantia
2436 3240 2755 3323 temporis,
2803 3259 3025 3324 nempe
3069 3259 3139 3305 an

685 3355 914 3402 munus
960 3339 1300 3420 temporale
1347 3338 1528 3403 detur
1574 3340 1717 3403 ante
1763 3340 2174 3422 receptionem
2220 3342 2584 3424 spiritualis,
2633 3342 2733 3407 vel
2786 3343 3138 3408 immediate

686 3441 829 3523 post
859 3440 1057 3519 illam,
1094 3460 1171 3505 an
1204 3460 1349 3506 vero
1382 3461 1454 3506 31
1482 3442 1835 3506 intervallo.
1874 3441 2037 3507 Nam
2069 3444 2121 3508 si
2154 3446 2298 3509 ante
2320 3446 2751 3530 receptionem,
2778 3446 2879 3510 vel
2915 3447 2979 3511 in
3011 3448 3138 3530 ipsa

679 3543 1023 3626 receptione
1057 3546 1170 3607 aut
1199 3543 1555 3608 immediate
1592 3547 1735 3627 post
1772 3563 1909 3608 eam
1946 3544 2078 3624 fiat,
2110 3565 2209 3612 res
2250 3547 2609 3630 temporalis
2654 3566 2776 3613 non
2824 3548 2921 3612 ita
2968 3548 3137 3613 facile

679 3645 1099 3726 praesumitur
1121 3645 1271 3709 data
1295 3665 1366 3709 31
1390 3665 1558 3710 111313
1580 3647 1978 3725 liberalitate,
2005 3648 2108 3713 sed
2134 3649 2343 3731 potius
2367 3669 2438 3715 31
2463 3651 2865 3735 obligationis
2888 3651 3138 3716 necessi-

678 3746 829 3809 tate.
884 3745 1069 3810 Secus
1102 3748 1156 3811 si
1188 3748 1360 3813 datio
1391 3748 1509 3812 fiat
1536 3768 1606 3813 ex
1642 3749 2001 3828 intervall03
2041 3752 2192 3816 tunc
2222 3752 2382 3816 enim
2429 3751 2674 3817 facilius
2719 3753 3139 3837 praesumitur

674 3843 841 3909 facta
882 3866 952 3910 ex
984 3847 1362 3915 liberalitate
1401 3852 1465 3914 et
1494 3852 1898 3936 gratitudine.

766 3946 984 4027 Quoad
1017 3968 1107 4027 ea,
1143 3971 1302 4033 quae
1333 3954 1522 4018 habet
1558 3955 1633 4019 A.
1669 3956 1735 4019 in
1782 3956 1922 4034 fine,
1957 3956 2031 4022 de
2062 3956 2413 4035 donatione,
2446 3959 2871 4042 promissione,
2903 3958 3130 4043 legate,

672 4052 789 4116 sub
821 4052 1170 4118 conditione
1204 4055 1402 4137 operis
1440 4057 1807 4140 spiritualia
1840 4058 2079 4125 dictum
2109 4061 2206 4125 est
2239 4080 2300 4125 n.
2334 4060 2485 4124 436.
2512 4061 2571 4125 5.
