3497 5147
296 314 433 391 [504]
902 332 1170 375 amoma,
1205 335 1289 376 AN
1333 335 1605 377 mmmm
1643 334 2123 378 aazsr1wssnnun
2644 321 2752 377 587

399 428 574 481 Lxm.
601 430 750 495 Resp.
779 430 828 481 2.
870 428 1082 483 Pretium
1120 436 1371 498 acceptum
1410 444 1500 496 pro
1538 429 1793 493 1100011010,
1830 429 2093 484 collatione
2130 429 2381 496 ordinum,
2421 434 2753 483 sacramento-

300 527 399 567 rum
438 520 488 566 et
514 512 960 578 sacramentalium,
992 513 1033 567 si
1060 515 1343 569 notabiliter
1366 516 1589 580 excedat,
1620 515 1687 579 id,
1714 516 1846 581 quod
1881 530 1970 582 pro
1997 515 2349 568 sustentatione
2388 514 2518 578 exigi
2545 521 2754 580 poterat,

301 597 405 650 item
433 611 528 663 pro
564 595 864 650 admissione
900 599 961 650 ad
1006 597 1327 663 Religionem,
1355 599 1462 652 iure
1501 598 1715 666 positivo
1755 599 2107 652 restituendum
2147 604 2238 652 est.
2267 601 2371 652 Hoc
2409 606 2568 653 tamen
2595 606 2757 666 poste·

301 681 396 736 rius
434 680 630 734 nonnisi
655 687 769 749 post
793 684 938 736 latam
962 682 1267 748 sententiam,
1297 683 1339 737 si
1365 683 1607 738 admissus
1631 683 1680 737 in
1705 683 2052 738 monasterium
2080 691 2301 750 maneat;
2325 684 2441 750 quia
2469 688 2755 750 plerumque

305 766 488 821 ratione
513 766 855 820 alimentorum
883 766 1083 821 retineri
1109 775 1287 835 potest,
1319 771 1466 822 modo
1490 768 1540 822 in
1565 784 1872 824 communem
1902 785 2042 824 usum
2071 775 2404 824 convertatur.
2426 773 2489 823 V.
2512 772 2635 823 Bon.
2659 772 2690 822 Ι.
2711 784 2755 822 0.

303 853 431 906 Less.
465 854 497 904 1.
522 854 571 903 2.
596 866 640 904 c.
668 852 753 905 35.
779 851 828 904 d.
855 852 941 905 30.

388 1018 568 1092 504.
633 1020 851 1101 Quoad
899 1023 1062 1087 hunc
1120 1023 1327 1088 locum
1378 1025 1689 1102 AuctoriS,
1755 1026 1909 1089 illud
1961 1026 2363 1091 horatianum
2422 1027 2756 1091 habemus:

305 1125 529 1191 Brezds
575 1144 707 1189 esse
754 1124 987 1204 laboro,
1035 1125 1288 1190 obscuro
1334 1127 1437 1207 sie.
1472 1127 1737 1207 Quidam
1785 1148 2022 1212 semper
2081 1129 2535 1194 restituendum
2582 1131 2761 1212 puta·

309 1230 450 1294 runt
488 1248 560 1292 ex
591 1228 881 1312 Gregorii
912 1228 1024 1292 IX.
1059 1229 1301 1294 decreto
1339 1229 1447 1293 inf.
1482 1250 1542 1294 n.
1584 1231 1732 1294 506.
1769 1231 2180 1297 Distinctione
2217 1231 2430 1314 itaque
2462 1231 2761 1296 utendum

314 1335 417 1408 est,
476 1350 553 1394 an
631 1330 951 1414 quidpiam
1019 1331 1351 1396 simoniace
1416 1336 1657 1396 tantum
1725 1336 2040 1417 receptum
2087 1335 2189 1412 sit,
2240 1354 2317 1399 an
2378 1353 2523 1398 vero
2572 1335 2761 1398 etiam

306 1435 549 1498 iniuste.

390 1535 455 1600 Si
503 1535 855 1600 intercessit
904 1540 1228 1619 peccatum
1276 1537 1664 1602 solummodo
1712 1538 2033 1616 simoniae,
2068 1557 2191 1602 non
2222 1557 2364 1603 vero
2395 1536 2759 1612 iniustitiae,

311 1658 425 1704 non
476 1639 665 1702 datur
698 1638 998 1723 obligatio
1044 1639 1414 1704 restituendi
1462 1640 1729 1722 pretium
1776 1642 1919 1704 ante
1967 1639 2336 1704 sententiam
2367 1640 2586 1703 iudicis
2625 1658 2763 1703 con-

310 1741 775 1818 demnatoriam,
838 1741 959 1805 nisi
1019 1743 1287 1825 pretium
1337 1743 1589 1807 excedat
1634 1743 2134 1808 aestimationem
2180 1740 2486 1806 commodi
2533 1742 2765 1824 tempo-

311 1844 480 1920 raliS,
527 1843 688 1925 quod
736 1863 879 1907 cum
900 1851 989 1907 're
1021 1844 1334 1927 spirituali
1366 1846 1430 1909 in
1463 1846 1730 1909 alterum
1762 1845 2140 1909 translatum
2179 1845 2290 1919 est,
2340 1846 2414 1907 ut
2443 1843 2604 1907 recte
2637 1861 2767 1923 mo·

314 1948 463 2012 nent
495 1945 758 2022 Lessius,
800 1944 1048 2023 Suarez,
1097 1946 1440 2031 Laymann‚
1468 1947 1870 2011 Reiffenstuel
1917 1949 2031 2011 etc.
2082 1946 2244 2030 apud
2291 1945 2668 2030 Schmalzgr.
2702 1945 2763 2010 h.

309 2049 409 2112 tit.
444 2069 507 2112 n.
544 2049 687 2112 286.

393 2150 559 2215 Hinc
609 2152 676 2214 1ο
705 2169 829 2215 11011
876 2150 1193 2236 obligatur
1238 2152 1315 2216 ad
1347 2153 1533 2236 pretii
1563 2154 1797 2235 accepti
1829 2153 2308 2230 restitutionem,
2356 2152 2462 2234 qui
2495 2152 2771 2217 vendidit

314 2273 457 2318 vasa
507 2272 705 2331 sacra,
740 2253 1028 2333 chrisma,
1056 2254 1155 2318 vel
1188 2255 1393 2320 oleum
1439 2274 1705 2333 sacrum,
1756 2256 1809 2320 si
1854 2256 1936 2334 id,
1986 2255 2152 2338 quod
2197 2255 2451 2337 accepit,
2500 2274 2622 2320 non
2668 2274 2770 2319 ex-

312 2357 486 2421 cedat
538 2356 826 2421 valorem
872 2355 1044 2421 illius
1091 2358 1409 2436 materiae,
1474 2358 1760 2440 quamvis
1798 2360 2083 2422 teneatur
2129 2358 2473 2434 restituere,
2524 2358 2579 2421 si
2622 2358 2771 2439 quid

310 2459 541 2543 accepit
591 2458 831 2523 ratione
879 2459 1354 2524 consecrationis
1403 2460 1498 2524 vel
1546 2460 2007 2536 benedictionis
2034 2479 2191 2542 quae
2224 2459 2419 2541 pretio
2455 2460 2772 2523 aestimari

306 2584 428 2629 non
452 2563 687 2647 potest.
718 2562 927 2642 Ratio,
961 2562 1109 2645 quia
1138 2562 1255 2627 hae
1285 2583 1381 2628 res
1412 2584 1519 2648 per
1549 2564 2073 2629 consecrationem
2103 2582 2226 2628 non
2253 2562 2558 2627 amittunt
2587 2581 2773 2627 suum

306 2666 616 2751 pretium3
668 2684 814 2750 ergo
864 2665 972 2748 qui
1019 2684 1128 2749 pro
1174 2666 1302 2730 illis
1347 2668 1523 2731 iuxta
1570 2667 2069 2731 aestimationem
2114 2666 2413 2730 materiae
2473 2663 2584 2729 dat
2643 2684 2776 2748 pre-

302 2769 485 2848 tium,
537 2770 657 2833 aut
703 2768 942 2833 nullam
990 2768 1237 2833 omnino
1285 2770 1614 2834 simoniam
1661 2769 2022 2843 committit,
2089 2768 2200 2832 aut
2244 2786 2366 2832 non
2434 2767 2778 2832 committit

304 2872 528 2937 saltem
556 2872 891 2936 simoniam
916 2871 1070 2936 iuris
1090 2872 1283 2937 divini
1300 2873 1363 2936 et
1378 2873 1704 2936 naturalis.
1719 2870 1899 2936 Suar.
1918 2872 1981 2935 et
2001 2870 2262 2956 Pirhing
2282 2870 2444 2953 apud
2470 2869 2773 2934 Schmalz.

303 2974 345 3037 1.
378 2994 428 3039 c.
461 2996 524 3040 n.
572 2974 726 3037 287.

481 3078 551 3140 2ο
584 3073 646 3138 N
650 3094 728 3139 on
758 3075 1077 3160 obligatur
1109 3076 1186 3140 ad
1212 3078 1445 3161 accepti
1468 3077 1652 3160 pretii
1677 3076 2155 3152 restitutionem,
2191 3074 2299 3157 qui
2322 3077 2536 3139 contra
2560 3092 2640 3139 ss·
2668 3071 2782 3138 Ca-

304 3196 496 3242 nones
523 3177 716 3242 alteri
740 3177 953 3242 vendit
979 3177 1253 3242 officium
1281 3180 1620 3262 temporale
1643 3180 1971 3255 Ecclesiae,
1998 3199 2057 3242 V.
2082 3198 2176 3264 gr.
2203 3176 2498 3254 custodia,
2523 3174 2780 3261 syndici,

303 3280 636 3346 oeconomi
685 3280 799 3345 etc.
853 3280 1047 3345 Ratio
1096 3281 1243 3363 quia
1281 3281 1399 3346 etsi
1435 3282 1794 3346 committat
1831 3281 2178 3358 simoniam,
2211 3298 2334 3343 non
2364 3280 2574 3342 tamen
2621 3296 2783 3343 com-

299 3387 508 3451 mittit
542 3385 968 3463 iniustitiam3
1004 3386 1229 3469 quippe
1259 3386 1459 3451 dando
1493 3387 1619 3451 tale
1654 3387 1928 3452 officium
1959 3387 2166 3469 privat
2189 3403 2253 3449 se
2276 3383 2600 3448 commodo
2631 3385 2786 3447 tem-

300 3490 525 3572 porali.
566 3488 772 3564 Suar.,
811 3487 1057 3573 Laym.,
1092 3488 1341 3553 Lessius
1380 3490 1496 3553 ete.
1538 3489 1701 3572 apud
1734 3488 2036 3552 Schmalz.
2069 3487 2153 3551 ib.
2186 3506 2246 3551 n.
2282 3485 2432 3548 288.

486 3592 563 3655 3⁰
612 3591 705 3655 Ex
753 3590 966 3656 eadem
1021 3591 1263 3656 ratione
1328 3591 1406 3655 ad
1467 3590 1928 3655 restitutionem
1989 3588 2193 3672 pretii,
2256 3588 2532 3669 spectato
2581 3586 2786 3651 solum

303 3695 591 3761 naturali
625 3694 780 3773 iure,
808 3712 934 3758 non
961 3694 1277 3779 obligatur
1301 3695 1491 3759 etiam
1516 3694 1589 3771 ia,
1618 3694 1725 3775 qui
1762 3692 1942 3757 alteri
1967 3690 2178 3755 vendit
2199 3706 2371 3754 SUUM
2401 3688 2783 3754 beneficium.

302 3796 432 3864 Nec
484 3797 726 3872 obstat,
776 3795 943 3878 quod
992 3815 1114 3861 non
1163 3795 1247 3861 sit
1293 3797 1580 3863 dominus
1636 3795 1733 3860 sui
1779 3794 2082 3872 beneficii;
2132 3793 2280 3876 quia
2324 3812 2446 3858 non
2493 3793 2789 3858 transfert

303 3900 671 3964 dominium
708 3898 1004 3976 beneficii,
1032 3898 1136 3963 sed
1168 3900 1370 3966 instar
1417 3899 1889 3976 usufructuarii,
1925 3897 2317 3963 commodum
2350 3897 2437 3961 rei
2474 3897 2793 3962 beneficia-

305 4002 469 4067 riae:
512 4002 585 4065 in
630 4018 751 4081 quo
800 3999 920 4065 etsi
968 4002 1327 4066 committat
1373 4004 1701 4069 simoniam
1751 4003 1904 4068 iuris
1942 4021 2187 4085 quoque
2231 4001 2443 4079 divini,
2482 4003 2558 4065 ut
2603 3999 2790 4064 multi

304 4105 567 4169 malunt
603 4122 750 4167 cum
797 4102 1180 4189 Schmalzgr.
1212 4105 1255 4168 1.
1296 4125 1346 4169 c.
1388 4127 1446 4170 n.
1499 4106 1669 4182 224.,
1711 4126 1833 4171 11011
1874 4109 2083 4172 tamen
2121 4107 2333 4189 peccat
2363 4105 2578 4167 contra
2616 4100 2795 4164 iusti-

306 4206 491 4272 tiam.
531 4204 848 4270 Schmalz.
886 4205 970 4269 ib.
1007 4206 1156 4271 288.

493 4310 571 4372 4⁰
614 4306 918 4372 Similiter
942 4308 1022 4373 ad
1045 4309 1508 4376 restitutionem
1540 4331 1661 4377 non
1702 4314 1950 4377 tenetur
1978 4307 2446 4383 monasterium,
2483 4304 2535 4369 si
2560 4303 2796 4388 accepit

313 4412 662 4497 pecuniam
715 4430 825 4494 pro
881 4410 1253 4477 admissione
1316 4414 1578 4479 alicuius
1634 4414 1711 4478 ad
1759 4414 2142 4498 religionem.
2198 4410 2386 4473 Ratio
2435 4407 2601 4490 quia,
2648 4407 2796 4472 licet

318 4514 627 4580 admissio
681 4512 768 4577 sit
814 4515 989 4579 actus
1045 4515 1409 4599 spiritualiS,
1467 4516 1724 4598 ideoque
1780 4516 1909 4580 sine
1969 4513 2233 4579 simonia
2288 4510 2480 4594 accipi
2528 4509 2798 4593 pretium
