3497 5147
697 299 808 355 808
984 314 1199 355 mac-r.
1229 315 1308 356 vr.
1337 314 1499 356 sacr.
1527 315 1631 355 vn.
1658 315 1744 355 nn
1769 311 2006 357 OCTAVO
2031 313 2247 356 vaano.
2272 313 2601 356 omanem.
2626 316 2768 357 nus.
2797 317 2863 357 11.
2983 303 3176 378 [1088]

786 411 852 475 Si
899 431 1229 478 consensus
1262 412 1581 495 scriptoris
1606 430 1925 495 expressus
1961 411 2056 476 vel
2089 411 2603 494 interpretativus
2636 413 2828 489 adest,
2864 414 3038 479 nulla
3072 420 3170 480 est

696 515 1034 579 difficultas
1069 516 1235 597 quod
1266 515 1511 597 possint
1549 515 1786 579 alienae
1818 515 2065 579 litterae
2113 513 2358 596 aperiri.

787 612 995 687 1⁰88.
1033 619 1101 681 2⁰
1126 617 1245 697 Qui
1278 619 1408 682 sine
1441 637 1627 682 causa
1659 618 1828 681 iusta
1869 616 2068 699 aperit
2105 618 2167 680 et
2190 615 2347 699 legit
2378 615 2624 681 litteras
2649 616 2926 695 alterius,
2963 619 3167 684 existi-

693 738 870 783 mans
918 738 1041 784 non
1088 720 1391 785 contineri
1437 739 1533 784 res
1581 719 1797 803 magni
1843 719 2163 795 momenti,
2221 720 2434 800 peccat
2481 720 2731 801 peccato
2780 720 3161 786 curiositatis

692 825 757 888 et
820 825 1037 888 contra
1084 824 1415 901 iustitiam,
1481 823 1588 887 sed
1636 824 1885 886 tantum
1934 821 2277 898 venialiter,
2320 821 2571 885 auctore
2608 820 2787 906 Lugo
2836 821 2992 906 disp.
3055 825 3152 888 14.

691 945 750 988 n.
792 926 940 989 148.
975 926 1266 991 Advertit
1312 928 1522 990 tamen
1570 944 1619 989 s.
1654 925 2013 1007 Alphonsus
2060 923 2102 987 l.
2140 925 2200 987 5.
2238 943 2297 986 n.
2336 924 2439 986 70.
2487 924 2766 1008 graviter
2802 945 2979 1008 posse
3026 946 3158 1009 pec-

690 1029 837 1104 cari,
871 1030 1088 1092 contra
1125 1029 1456 1093 caritatem
1503 1027 1757 1103 scilicet,
1792 1027 1846 1091 si
1894 1025 2137 1091 noverit
2183 1044 2438 1109 gravem
2486 1025 2816 1090 tristitiam
2865 1047 2937 1093 ex
2973 1048 3042 1092 ea
3087 1049 3153 1094 re

689 1148 820 1194 esse
859 1150 1190 1212 passurum
1238 1133 1303 1196 et
1347 1131 1526 1195 valde
1560 1150 1742 1214 aegre
1773 1131 2076 1194 laturum.

779 1230 1068 1297 Ceterum
1115 1233 1467 1298 mortaliter
1515 1234 1727 1315 peccat
1773 1252 1880 1315 per
1916 1251 1980 1295 se
2025 1230 2351 1313 loquendo,
2387 1229 2496 1313 qui
2542 1231 2786 1295 litteras
2841 1232 3151 1318 sigillatas

686 1335 927 1415 aperiat
973 1338 1037 1399 et
1082 1335 1254 1419 legat
1301 1336 1399 1400 vel
1445 1337 1636 1401 etiam
1684 1336 1737 1399 si
1776 1337 2022 1417 apertas
2071 1333 2348 1398 inveniat
2385 1333 2449 1397 in
2495 1333 2632 1399 loco
2681 1336 2891 1398 tamen
2939 1336 3149 1402 clauso

685 1435 781 1498 vel
830 1438 1096 1519 privato,
1154 1442 1226 1503 ut
1278 1438 1434 1503 satis
1480 1439 1722 1503 constet
1770 1456 1874 1501 eas
1921 1455 2051 1501 esse
2101 1436 2302 1500 adhuc
2348 1435 2463 1499 sub
2511 1434 2783 1500 dominio
2831 1437 3149 1521 scriptoris

679 1556 788 1601 nec
828 1539 967 1603 aliis
998 1540 1368 1605 facultatem
1415 1540 1660 1624 legendi
1692 1540 1910 1605 facere.
1961 1539 2295 1604 Peccatum
2327 1557 2434 1621 per
2471 1557 2535 1602 se
2583 1540 2679 1601 est
2725 1542 2944 1604 contra
2974 1540 3150 1605 iusti-

676 1639 869 1715 tiam3
910 1642 1059 1724 quia
1092 1643 1360 1726 quilibet
1407 1645 1506 1708 ius
1540 1643 1730 1708 habet
1769 1662 1882 1708 sua
1922 1645 2157 1706 secreta
2195 1639 2500 1705 servandi.
2536 1638 2628 1704 Cf.
2664 1640 2843 1725 Lugo
2882 1641 2926 1705 l.
2961 1662 3011 1706 c.

856 1743 926 1806 3⁰
963 1743 1082 1823 Qui
1143 1764 1286 1810 vero
1334 1746 1579 1810 litteras
1636 1764 1673 1809 a
1725 1745 1978 1809 domino
2034 1744 2339 1808 laceratas
2372 1743 2530 1808 etin
2579 1742 2896 1826 publicum
2943 1744 3147 1811 locum

677 1843 950 1909 abiectas
987 1847 1267 1912 collectis
1302 1851 1365 1912 et
1396 1848 1757 1930 compositis
1791 1846 2157 1930 fragmentis
2190 1846 2383 1931 legat,
2416 1845 2759 1911 concedunt
2804 1846 2985 1933 Lugo
3020 1847 3060 1911 l.
3095 1868 3147 1913 c.

680 1965 737 2007 n.
780 1948 926 2010 150.
962 1951 1024 2012 et
1070 1949 1394 2034 Laymann
1431 1950 1538 2015 lib.
1575 1951 1636 2014 3.
1671 1952 1752 2013 tr.
1789 1950 1851 2013 3.
1888 1969 1945 2031 p.
1985 1950 2042 2012 1.
2079 1968 2130 2012 c.
2165 1950 2226 2012 4.
2261 1968 2321 2012 n.
2355 1949 2416 2012 4.
2467 1966 2590 2013 non
2638 1968 2887 2032 peccare
2933 1953 3150 2016 contra

676 2045 1020 2125 iustitiam3
1065 2052 1212 2132 quia
1259 2070 1330 2115 ea
1378 2052 1754 2134 proiectione
1802 2050 1864 2115 in
1912 2051 2119 2115 locum
2167 2050 2486 2133 publicum
2532 2050 2821 2116 dominus
2884 2052 3142 2118 cuilibet

678 2148 808 2212 iure
846 2168 958 2215 suo
992 2154 1196 2218 cessit.

767 2254 827 2317 S.
857 2254 1038 2337 Alph.
1075 2259 1285 2322 tamen
1312 2258 1354 2321 l.
1382 2260 1441 2321 5.
1477 2278 1536 2321 n.
1576 2258 1676 2321 70.
1714 2256 2098 2339 probabilius
2131 2258 2358 2332 censet,
2393 2256 2559 2338 quod
2610 2254 2701 2320 ait
2748 2253 2951 2332 Croix,
2987 2257 3147 2322 hanc

674 2355 1113 2422 lacerationem
1166 2361 1509 2425 habendam
1550 2379 1680 2424 esse
1710 2380 1821 2425 ceu
1869 2359 2184 2435 indicium,
2220 2358 2386 2440 quod
2423 2358 2532 2440 qui
2555 2357 2647 2422 ita
2683 2358 3003 2436 laceravit,
3037 2378 3143 2425 no·

672 2457 793 2521 luit
839 2460 964 2543 legi
1013 2461 1091 2524 ab
1140 2462 1278 2527 aliis
1312 2482 1381 2525 ac
1418 2463 1540 2525 iuri
1579 2481 1692 2526 suo
1725 2462 1953 2526 cedere.
1988 2462 2074 2525 At
2106 2462 2311 2544 potest
2334 2481 2409 2525 ne
2441 2460 2735 2543 impedire
2767 2481 2843 2525 ne
2882 2462 3037 2526 alius
3067 2482 3137 2525 re

670 2559 734 2624 in
780 2561 988 2627 locum
1035 2564 1352 2646 publicum
1399 2564 1673 2648 proiecta
1721 2565 1940 2630 utatur
2002 2565 2191 2647 prout
2235 2563 2352 2647 ipsi
2416 2563 2631 2628 lubet?
2693 2561 2920 2629 Merito
2985 2583 3132 2649 ergo

668 2663 845 2748 Lugo
894 2686 1035 2730 cum
1082 2667 1224 2732 aliis
1255 2667 1425 2733 videt
1469 2668 1533 2731 in
1580 2667 1697 2732 hac
1742 2667 2118 2752 proiectione
2164 2667 2501 2732 cessionem
2547 2666 2722 2731 iuris.
2757 2666 3136 2733 Dilaceratio

667 2767 878 2830 autem
913 2788 983 2832 eo
1017 2771 1256 2851 spectat
1296 2773 1367 2835 ut
1413 2771 1781 2836 difficillima
1830 2771 2123 2836 reddatur
2154 2771 2358 2847 lecti0,
2392 2755 2504 2835 sed
2541 2789 2662 2836 non
2714 2773 2810 2836 est
2839 2771 3137 2837 indicium

666 2868 887 2930 retenti
937 2870 1109 2947 iuris,
1160 2873 1257 2936 cui
1304 2874 1542 2938 ceditur
1588 2875 1723 2957 ipsa
1772 2874 2172 2957 proiectione:
2215 2873 2380 2955 quod
2427 2874 2481 2938 si
2527 2874 2676 2938 talis
2730 2874 3025 2939 voluntas
3071 2876 3136 2940 in

666 2967 1023 3048 proiiciente
1069 2977 1299 3048 manet,
1336 2995 1476 3040 cum
1526 2977 1583 3040 ei
1632 2979 1809 3040 actus
1842 2976 2190 3041 contrarius
2240 2975 2524 3054 obsistat,
2583 2994 2705 3041 non
2762 2977 2860 3041 est
2905 2996 3019 3041 cur
3063 2978 3136 3043 de

664 3067 799 3151 ipsa
846 3072 1008 3138 ratio
1041 3074 1364 3140 habeatur.
1392 3076 1519 3141 Cur
1564 3096 1684 3141 non
1733 3078 1990 3159 proiecit
2021 3079 2084 3141 in
2123 3079 2377 3161 ignem?

754 3173 967 3239 Monet
994 3178 1199 3242 tamen
1232 3179 1408 3263 Lugo
1441 3179 1589 3243 ibid.
1630 3200 1687 3243 n.
1734 3181 1881 3243 151.
1909 3200 1980 3244 ex
2013 3180 2355 3264 Laymann,
2380 3182 2545 3264 quod
2577 3182 2631 3246 si
2663 3202 2734 3247 ex
2764 3180 3131 3267 fragmentis

663 3276 938 3342 collectis
971 3279 1206 3362 aliquid
1237 3300 1455 3346 noscas
1495 3282 1670 3346 cuius
1703 3282 2127 3347 manifestatio
2165 3284 2537 3350 redundaret
2568 3286 2632 3350 in
2666 3286 2965 3350 damnum
2997 3285 3128 3350 eius

660 3379 767 3459 qui
799 3379 1042 3447 litteras
1091 3383 1368 3466 proiecit,
1396 3383 1620 3448 teneris
1660 3404 1730 3449 ex
1779 3385 2039 3450 caritate
2078 3389 2382 3452 secretum
2416 3407 2661 3452 servare
2709 3390 2772 3452 et
2820 3387 3124 3473 obligatio

658 3500 787 3546 esse
820 3487 1027 3567 potest
1056 3486 1267 3569 gravis
1306 3486 1480 3550 iuxta
1517 3505 1872 3552 mensuram
1905 3487 2133 3552 damni.
2883 3487 2888 3492 ’

837 3587 906 3648 4⁰
938 3588 1098 3652 Item
1131 3589 1184 3652 si
1216 3589 1354 3670 quis
1404 3589 1645 3655 auferat
1692 3593 1756 3655 et
1801 3591 1972 3676 legat
2018 3593 2249 3675 scripta
2296 3597 2530 3660 secreta
2577 3596 2857 3673 alteriuS,
2907 3599 3122 3679 peccat

653 3690 867 3753 contra
900 3689 1212 3756 iustitiam
1245 3693 1308 3756 et
1337 3695 1658 3775 peccatum
1690 3713 1882 3778 grave
1914 3713 2044 3759 esse
2081 3698 2308 3777 potest,
2343 3697 2395 3761 si
2428 3698 2725 3763 damnum
2757 3699 2898 3764 inde
2928 3719 3121 3785 grave

655 3790 894 3853 oriatur
918 3792 1185 3857 domino.
1214 3795 1437 3860 Peccat
1471 3797 1660 3861 etiam
1693 3799 1910 3861 contra
1937 3797 2283 3876 caritatem,
2311 3799 2366 3864 si
2390 3800 2687 3866 tristitiae
2719 3821 2906 3867 causa
2934 3803 3117 3868 alteri

652 3891 914 3955 exsistit.

758 4025 886 4080 xm.
915 4028 964 4078 6.
991 4026 1114 4080 Hinc
1151 4043 1362 4095 quoquc,
1390 4031 1429 4083 si
1469 4030 1577 4096 quis
1614 4030 1795 4086 iniuste
1835 4033 1983 4087 laedit
2022 4037 2193 4086 tamam
2234 4042 2380 4098 tuam,
2408 4049 2497 4090 nec
2536 4043 2678 4103 potes
2714 4051 2822 4092 eam
2858 4040 2987 4094 meri
3025 4055 3115 4096 nec

647 4124 937 4177 recuperare
976 4113 1068 4167 alia
1109 4114 1205 4175 via,
1232 4130 1376 4181 quam
1414 4115 1743 4171 imminuendo
1786 4133 1978 4184 quoque
2018 4123 2189 4173 tamam
2228 4120 2378 4186 illiue,
2419 4122 2468 4176 id
2510 4124 2639 4189 licet,
2683 4127 2951 4182 dummodo
2992 4133 3112 4183 ‘alsa

645 4209 739 4248 non
779 4196 928 4260 dicae,
957 4198 1095 4252 *hoc
1134 4199 1261 4252 enim
1303 4201 1591 4265 prohibetur
1630 4205 1690 4255 ab
1731 4205 1893 4256 innoc.
1935 4205 2021 4257 xl.
2050 4204 2096 4257 in
2137 4206 2383 4272 proposit.
2425 4208 2508 4262 44.
2549 4208 2678 4263 inter
2715 4213 2968 4267 damnatas
2989 4215 3037 4278 ’ᾗ
3064 4214 3115 4267 ἰη

647 4288 828 4335 tantun}
869 4291 1098 4348 quantum
1138 4286 1198 4337 ad
1240 4294 1368 4338 tuam
1410 4289 1580 4338 lainam
1627 4291 2011 4342 conservandam
2051 4304 2250 4344 neccsse
2289 4299 2379 4355 est,
2420 4307 2508 4346 nec
2549 4295 2702 4358 magis
2741 4298 2925 4362 laedas,
2966 4314 3110 4364 quam

646 4367 867 4428 laedariS,
894 4370 1070 4422 collata
1107 4375 1191 4421 tua
1228 4376 1277 4422 et
1314 4369 1515 4423 alterius
1555 4385 1781 4436 persona.
1814 4372 1938 4428 Vide
1977 4373 2122 4428 Card.
2150 4377 2210 4427 de
2251 4379 2385 4442 Lugo
2427 4393 2471 4431 n.
2500 4380 2585 4432 50.

740 4472 947 4545 1089.
982 4478 1172 4542 Addit
1204 4499 1252 4541 s.
1289 4479 1471 4561 Alph.
1510 4499 1568 4542 n.
1604 4480 1783 4544 972:
1827 4502 2000 4548 secus
2035 4487 2262 4562 tamen,
2300 4488 2351 4551 si
2399 4509 2494 4554 res
2528 4492 2755 4574 agatur
2788 4492 2849 4555 in
2881 4493 3110 4558 iudicio

645 4581 707 4643 et
757 4581 825 4643 tu
876 4580 1046 4643 nullo
1095 4581 1277 4645 modo
1328 4582 1524 4663 possis
1573 4583 1831 4664 probare
1877 4585 2047 4651 illius
2085 4588 2342 4668 crimen3
2378 4591 2525 4673 quia
2557 4593 2915 4661 huiusmodi
2947 4596 3109 4661 infa-
