3497 5147
342 358 490 436 [764]
667 375 839 424 Quas:
874 374 1114 419 cassu:
1150 374 1483 431 monum,
1523 378 1602 419 u'r
1637 378 1902 420 menam·
1938 379 2141 420 oram
2176 379 2467 423 smnvmu
2699 369 2808 425 56ss

1027 503 1088 566 6.
1122 502 1224 567 De
1251 504 1601 584 pistoribus
1645 509 1709 569 et
1752 504 2129 572 laniom'bus.

437 637 611 712 760.
639 640 930 706 Venditio
955 641 1234 706 carnium
1257 642 1480 706 saltem
1505 642 1584 707 ad
1615 644 1917 725 quasdam
1941 645 2127 710 horas
2158 648 2439 711 censetur
2461 648 2804 712 necessaria

349 747 762 924 przwgbllltis,
796 865 955 929 quae
987 865 1036 909 s.
1070 846 1255 928 Alph.
1290 846 1476 910 refert
1514 865 1587 910 ex
1609 848 1768 924 DD.‚
1810 847 1961 912 haec
1992 850 2306 914 notentur.

532 950 598 1013 1⁰
636 948 852 1030 Quoad
884 950 1182 1033 pistores:
1218 950 1524 1031 quatenus
1556 949 1826 1016 deservit
1854 970 2062 1015 recens
2094 953 2270 1035 panis
2316 973 2427 1038 pro
2460 974 2581 1020 usu
2611 974 2810 1019 emen-

352 1052 533 1129 tium,
567 1053 735 1117 licite
761 1052 838 1116 ab
868 1052 946 1116 iis
977 1051 1299 1115 conficitur
1331 1052 1393 1115 et
1423 1051 1574 1116 haec
1610 1053 1991 1118 consuetudo
2024 1054 2489 1121 611611111611166
2525 1058 2715 1141 viget.

530 1158 599 1219 2⁰
631 1154 847 1234 Quoad
881 1155 1055 1231 alios,
1089 1154 1258 1219 licite
1281 1153 1619 1219 conficiunt
1642 1173 1884 1237 panem,
1917 1156 1972 1220 si
1995 1175 2106 1239 pro
2137 1175 2210 1221 ea
2234 1157 2332 1222 die
2354 1158 2672 1235 inserviat,
2699 1161 2812 1224 aut

353 1257 479 1321 alia
508 1258 674 1321 iusta
706 1275 895 1321 causa
927 1256 1109 1334 adsit,
1143 1274 1303 1338 quae
1338 1256 1666 1339 multiplex
1712 1257 2052 1342 excogitari
2089 1261 2315 1342 potest.

1224 1413 1281 1476 7.
1322 1411 1423 1476 De
1454 1410 1798 1494 cbiruryiis
1835 1418 1943 1477 etc,

441 1562 593 1637 761.
628 1567 720 1630 De
765 1564 862 1630 his
893 1565 1067 1629 nulla
1099 1583 1229 1629 esse
1274 1564 1482 1647 potest
1512 1564 1794 1645 quaestio
1843 1566 1907 1629 et
1950 1566 2113 1630 ratio
2147 1568 2340 1650 patet.
2380 1568 2597 1647 Quoad
2635 1570 2814 1653 phar-

353 1669 706 1751 macopolas
737 1666 1016 1751 intellige
1062 1665 1135 1729 de
1181 1666 1257 1729 iis
1294 1665 1497 1740 1611113,
1545 1684 1704 1747 quae
1743 1685 1899 1749 opus
1931 1670 2078 1732 sunt
2124 1686 2196 1732 ea
2234 1669 2350 1747 die,
2384 1688 2504 1735 non
2544 1690 2709 1751 ver0,
2759 1674 2812 1737 si

363 1771 609 1837 servilia
641 1770 768 1835 sint
804 1771 868 1834 et
896 1769 1070 1833 nulla
1101 1768 1185 1833 sit
1230 1787 1418 1832 causa
1449 1769 1814 1849 exsequendi
1860 1768 1958 1834 die
1989 1769 2167 1835 festo.

847 1927 906 1991 8.
942 1923 1043 1990 De
1074 1922 1519 2003 conflatoribus
1563 1923 1741 2005 ferri,
1775 1925 1946 2000 vitri,
1984 1925 2176 1991 calcis
2210 1931 2321 1992 ete.

448 2063 619 2137 762.
654 2067 842 2131 Ratio
868 2065 1043 2148 patet
1075 2065 1153 2129 ob
1184 2063 1480 2130 damnum
1513 2081 1586 2127 ex
1615 2062 2070 2130 intermissione
2101 2067 2482 2131 secuturum.

448 2169 507 2235 S.
544 2170 730 2253 Alph.
769 2189 828 2233 n.
864 2170 1014 2233 300.
1065 2166 1257 2239 addit,
1291 2166 1407 2230 hoc
1455 2183 1610 2247 opus
1646 2183 1826 2248 posse
1858 2166 2049 2231 etiam
2081 2166 2178 2231 die
2224 2167 2382 2233 festo
2413 2168 2712 2246 inchoari,
2759 2170 2814 2234 si

362 2274 518 2338 alias
549 2291 740 2357 grave
769 2270 1031 2335 instaret
1061 2269 1377 2333 damnum.

443 2373 505 2441 S.
539 2374 725 2456 Alph.
759 2393 831 2437 ex
862 2371 1178 2438 communi
1208 2370 1514 2435 sententia
1539 2367 1731 2446 addit,
1757 2369 1940 2434 licere
1961 2369 2190 2435 ferrare
2221 2371 2501 2437 iumenta
2532 2374 2645 2437 aut
2667 2374 2815 2438 actu

360 2477 733 2554 itinerantis,
774 2476 888 2541 aut
916 2494 1060 2541 mox
1095 2473 1434 2571 ingressuri
1465 2473 1602 2537 iter.

442 2583 727 2663 Itemque
757 2578 1001 2644 reficere
1033 2596 1311 2642 vomeres
1359 2578 1544 2657 atque
1592 2575 1718 2640 alia
1748 2575 2164 2641 instrumenta
2201 2594 2436 2656 eorum,
2484 2578 2594 2661 qui
2640 2598 2814 2645 secus

358 2684 454 2750 die
491 2681 772 2766 sequenti
807 2700 931 2746 non
963 2681 1213 2764 possent
1242 2678 1545 2743 laborare.

446 2785 626 2866 Quod
648 2802 793 2849 vero
819 2783 1056 2847 dictum
1103 2782 1198 2845 est
1234 2781 1307 2844 de
1345 2778 1645 2843 ferrandis
1676 2779 1990 2857 iumentiS,
2039 2780 2284 2846 dicatur
2313 2782 2387 2847 de
2434 2783 2817 2849 resarcienda

360 2891 502 2955 rota
528 2888 627 2952 vel
659 2888 902 2951 temone
926 2885 1065 2960 etc„
1091 2882 1145 2947 si
1170 2882 1247 2946 ad
1278 2882 1397 2946 iter
1427 2880 1511 2945 sit
1542 2898 1786 2945 necesse
1808 2883 1925 2946 ete.
1951 2882 2129 2962 Quod
2159 2885 2369 2950 tamen
2395 2904 2570 2969 opus,
2595 2889 2817 2970 utpote

366 2989 719 3055 diuturnius
745 2988 810 3051 et
830 2984 1223 3061 laboriosius,
1247 2981 1669 3068 urgentiorem
1700 3000 1955 3048 causam
1979 2984 2279 3066 postulat,
2313 2987 2389 3050 ut
2410 3006 2483 3051 ex
2505 2989 2820 3053 communi

355 3111 544 3158 sensu
566 3092 758 3175 patet.

1028 3210 1088 3273 9.
1128 3206 1230 3271 De
1274 3205 1666 3270 molitoribus
1702 3210 1765 3269 et
1806 3205 2140 3272 nauclemzs.

447 3351 629 3425 763.
652 3354 745 3418 De
770 3351 1168 3417 molitoribus
1190 3348 1473 3430 superius
1496 3347 1735 3412 dictum
1759 3351 1854 3413 est
1876 3348 2020 3413 dub.
2048 3368 2247 3432 praec.
2272 3369 2430 3432 resp.
2463 3350 2520 3413 1.
2547 3352 2729 3417 resol.
2755 3353 2817 3417 4.

358 3455 676 3541 quomodo
714 3474 927 3520 eorum
962 3471 1116 3537 opus
1148 3471 1186 3514 a
1222 3469 1406 3515 censu
1443 3450 1763 3514 servilium
1796 3468 2049 3532 operum
2074 3452 2274 3534 possit
2307 3453 2594 3535 expungi.

448 3560 630 3624 Nunc
652 3555 1077 3622 consideratur
1098 3551 1368 3618 molendi
1390 3551 1743 3629 necessitas,
1778 3552 1924 3616 licet
1947 3552 2279 3616 haberetur
2301 3555 2376 3617 ut
2399 3553 2618 3617 servile
2643 3572 2818 3637 opus,

360 3663 711 3729 Necessitas
737 3661 948 3726 autem
981 3659 1191 3723 adesse
1221 3657 1430 3740 potest
1464 3653 1533 3718 1⁰
1566 3655 1715 3737 quia
1747 3672 1903 3736 opus
1934 3656 2031 3718 est
2058 3655 2295 3719 farina:
2333 3658 2402 3719 2⁰
2431 3656 2580 3738 quia
2612 3675 2823 3741 exspe-

363 3767 532 3831 ctare
580 3763 834 3847 quidam
879 3761 1009 3826 sine
1055 3760 1280 3825 damno
1327 3777 1449 3823 non
1497 3757 1778 3841 possunt,
1817 3758 1892 3820 ut
1927 3755 2174 3822 rustici:
2215 3754 2287 3821 3⁰
2321 3758 2565 3823 ratione
2611 3759 2823 3825 damni

358 3868 521 3934 circa
553 3883 753 3949 aquae
785 3863 1316 3947 opportunitatem
1349 3880 1473 3926 non
1498 3859 1926 3925 amittendam.

449 3972 541 4035 De
577 3967 883 4033 naucleris
919 3965 1082 4030 ratio
1120 3966 1314 4049 patet.
1350 3963 1581 4029 Deinde
1614 3963 1730 4028 hoc
1761 3965 1858 4028 est
1889 3962 2007 4028 iter
2042 3963 2259 4030 facere.

1021 4118 1123 4181 10.
1162 4115 1265 4180 De
1282 4115 1709 4197 piscatoribus
1739 4114 2020 4180 halecum
2056 4119 2164 4182 ete.

453 4261 627 4336 764.
664 4265 754 4328 De
786 4260 1128 4347 piscatione
1150 4260 1494 4344 generatim
1525 4259 1764 4324 dictum
1796 4260 1893 4325 est
1922 4279 2105 4343 super
2136 4262 2179 4325 1.
2211 4281 2264 4327 6.
2298 4262 2480 4328 16361.
2515 4263 2598 4341 8.,
2632 4282 2824 4347 quam

365 4389 416 4436 s.
441 4370 626 4453 Alph.
654 4366 988 4433 excusabat
1018 4382 1055 4427 a
1087 4362 1451 4439 servffitate,
1489 4362 1547 4426 si
1576 4362 1819 4428 modico
1859 4382 2001 4428 cum
2031 4363 2242 4429 labore
2272 4365 2464 4431 fieret.

450 4472 633 4538 Nunc
664 4488 831 4547 vero,
866 4469 1205 4546 utcumque
1235 4464 1512 4527 laborem
1548 4463 1864 4546 importet,
1900 4465 2390 4531 considerabitur
2419 4469 2582 4534 ratio
2615 4469 2827 4535 damni

369 4573 713 4660 sequuturi.
770 4570 1002 4636 Eadem
1047 4567 1245 4653 'prope
1301 4567 1397 4630 est
1440 4565 1623 4643 ratio,
1675 4584 1746 4629 ac
1792 4586 1903 4651 pro
1950 4569 2267 4651 coquenda
2313 4571 2478 4637 calce
2537 4573 2639 4637 vel
2683 4592 2828 4638 con-

370 4678 571 4744 flando
608 4678 795 4742 vitro.
