3497 5147
400 366 545 443 [819]
886 382 971 422 AD
1008 381 1160 429 Qum
1197 383 1567 426 TENDANTUR
1605 383 1816 424 mnam
1855 382 2023 424 112qu
2061 381 2380 423 Panum-ms
2754 367 2863 422 603

402 481 657 547 sinistra
683 480 1161 565 apprehensione
1187 483 1283 547 vel
1314 483 1642 565 parentum
1663 480 2160 566 indispositione:
2201 479 2300 544 cui
2336 478 2581 562 reponit
2612 478 2859 562 s.Alph.

400 584 565 649 laedi
620 586 769 649 tunc
814 584 1091 669 graviter
1137 584 1231 649 sin
1277 584 1483 649 miuus
1530 585 1957 661 reverentiam,
1992 583 2216 647 saltem
2254 600 2526 647 amorem
2559 581 2654 645 illi
2701 581 2863 645 debi-

403 688 563 765 tum,
599 705 704 752 eos
726 687 857 751 sine
894 704 1083 751 causa
1118 686 1396 770 graviter
1426 686 1874 752 contristando.
1924 684 2040 750 Sed
2087 685 2247 749 forte
2279 682 2647 749 conciliandi
2679 684 2860 758 sunt3

403 806 553 853 nam
582 788 637 853 si
667 789 935 863 constat,
967 788 1352 853 iracundiam
1385 789 1688 855 eiusmodi
1719 791 2094 865 secuturam,
2129 806 2320 872 grave
2350 786 2489 861 erit,
2529 785 2863 849 deliberate

406 892 471 955 et
505 891 767 954 scienter
802 909 940 954 eam
971 908 1246 967 causare,
1286 893 1360 955 ut
1391 891 1484 957 ait
1530 910 1577 955 6.
1618 891 1840 974 Alph.,
1890 891 1946 954 si
1974 889 2147 954 deest
2175 889 2300 953 ista
2336 886 2663 972 praevisiO,
2713 888 2863 951 tunc

406 1010 553 1056 vera
584 994 678 1056 est
708 992 991 1057 doctrina
1019 991 1217 1056 Elbel.

495 1092 587 1158 Ut
616 1094 920 1176 quaedam
968 1094 1296 1159 afferamus
1343 1097 1640 1180 exempla,
1690 1115 1738 1160 s.
1774 1095 1960 1178 Alph.
1998 1094 2147 1158 ibid.
2189 1092 2477 1167 advertit,
2517 1111 2640 1157 non
2688 1110 2865 1173 posse

407 1213 445 1258 a
475 1195 732 1259 mortali
778 1197 1073 1273 excusari,
1107 1198 1215 1279 qui
1261 1201 1526 1262 matrem
1557 1198 1727 1263 dicat
1741 1217 1973 1278 pazzar,
2011 1195 2332 1272 abbr-saca,
2367 1194 2583 1268 bestia,
2631 1197 2863 1275 gereya,

408 1295 596 1359 ladra
619 1298 683 1362 et
704 1298 1097 1363 huiusmodi:
1124 1319 1246 1364 non
1271 1319 1451 1382 posse
1482 1319 1625 1365 vero
1660 1300 1946 1365 absolute
1969 1317 2076 1382 per
2099 1317 2163 1362 se
2186 1297 2261 1362 de
2284 1295 2539 1361 mortali
2563 1294 2865 1372 damnari,

407 1398 557 1481 quia
603 1417 736 1462 eam
784 1403 964 1465 vocet
1008 1400 1272 1479 vechz-ia,
1303 1403 1588 1481 stordsta,
1630 1403 1962 1485 iynorante
2007 1402 2070 1465 et
2107 1400 2357 1477 similia,
2397 1397 2528 1462 scil.
2563 1398 2867 1478 inquieta,

407 1501 787 1582 importuna,
820 1500 1287 1567 chiacchierona
1319 1506 1434 1569 etc.

500 1602 617 1668 Sed
647 1605 799 1669 haec
829 1605 1138 1681 dicuntur,
1171 1627 1237 1673 re
1267 1609 1331 1672 in
1364 1628 1428 1673 se
1462 1609 1760 1691 spectata.
1793 1606 1959 1671 Nam
1990 1606 2123 1671 fieri
2161 1604 2388 1688 potest,
2428 1604 2504 1667 ut
2539 1602 2749 1687 gravis
2784 1601 2871 1666 of-

411 1704 600 1782 fensa,
640 1707 859 1772 habita
893 1709 1135 1774 ratione
1180 1711 1812 1783 circumstantiarum,
1862 1727 2283 1793 personarum,
2323 1725 2569 1772 morum
2594 1708 2731 1782 etc.,
2781 1723 2869 1769 se·

411 1809 643 1890 quatur
673 1828 744 1873 ex
774 1811 1058 1877 secundis
1088 1812 1392 1891 formulis,
1426 1833 1549 1879 non
1582 1831 1726 1879 vero
1761 1832 1834 1877 ex
1862 1811 2193 1895 prioribus.

502 1909 599 1974 Ad
645 1912 731 1974 5¹¹¹
763 1913 837 1977 de
883 1914 1315 1980 maledictione
1362 1917 1424 1981 et
1471 1916 1781 1981 convicio:
1830 1914 1995 1997 quod
2042 1933 2232 1998 grave
2279 1931 2410 1978 esse
2440 1912 2761 1995 peccatum
2808 1910 2872 1974 et

415 2013 584 2076 Deus
616 2014 884 2079 ostendit
926 2016 992 2080 in
1024 2017 1101 2081 V.
1142 2017 1211 2081 L.
1245 2019 1445 2083 morte
1491 2020 1763 2101 plectens
1807 2018 1925 2082 hoc
1955 2017 2184 2080 crimen
2221 2015 2330 2080 Ex.
2371 2014 2543 2078 XXI.
2582 2014 2685 2078 17.
2735 2013 2873 2077 Iam

414 2132 559 2179 vero
594 2115 841 2181 adverte
870 2138 1012 2183 cum
1044 2138 1093 2183 s.
1127 2121 1311 2203 Alph.
1366 2121 1434 2184 1⁰
1462 2121 1753 2206 intelligi,
1803 2120 1856 2184 si
1887 2121 2038 2184 haec
2074 2118 2231 2183 fiant
2279 2117 2485 2182 animo
2518 2116 2694 2199 plene
2725 2114 2872 2178 deli-

415 2218 665 2284 berato:
720 2221 880 2285 unde
937 2224 1189 2305 propter
1236 2224 1411 2288 actus
1458 2222 2030 2288 indeliberationem
2079 2240 2259 2304 saepe
2307 2240 2343 2284 a
2391 2220 2568 2304 gravi
2615 2218 2730 2281 filii
2776 2238 2872 2282 ex-

413 2324 730 2387 cusantur.

594 2423 664 2487 2⁰
708 2421 774 2488 Si
819 2424 933 2490 fiat
974 2426 1039 2490 in
1086 2446 1299 2493 eorum
1348 2429 1731 2511 praesentia:
1781 2426 2061 2510 intellige
2108 2424 2320 2502 etiam,
2370 2423 2424 2488 si
2461 2422 2870 2486 contumelias

413 2528 688 2613 proferat
731 2548 941 2595 coram
990 2532 1148 2611 aliie,
1183 2533 1292 2616 qui
1336 2535 1547 2600 tamen
1577 2553 1709 2599 rem
1738 2531 2035 2609 referant3
2077 2531 2225 2614 quia
2255 2527 2633 2595 contumelia
2679 2525 2873 2611 exigit

414 2632 1013 2699 manifestationem:
1063 2636 1288 2720 excipe,
1336 2637 1456 2702 nisi
1506 2638 1751 2702 animus
1798 2657 1905 2719 per
1950 2656 2014 2701 se
2061 2636 2146 2700 sit
2191 2633 2468 2719 graviter
2504 2630 2868 2695 malevolus,

412 2733 576 2799 Nam
600 2735 655 2799 si
684 2736 963 2800 nesciant
980 2741 1286 2820 parentes,
1309 2758 1430 2805 non
1451 2740 1674 2805 accidit
1690 2739 2107 2815 contristatio,
2133 2739 2225 2802 ait
2248 2756 2297 2802 s.
2326 2737 2579 2801 Doctor.
2601 2733 2661 2799 S.
2683 2733 2868 2816 Alph.

412 2837 561 2902 ibid.
594 2839 659 2902 in
690 2838 794 2902 fin.
832 2844 1157 2918 memorat,
1208 2844 1282 2906 ut
1326 2843 1727 2925 probabilem,
1764 2843 1890 2906 imo
1938 2860 2149 2906 veram
2180 2839 2546 2914 doctrinam,
2579 2856 2703 2903 non
2735 2856 2875 2920 pec-

416 2959 553 3005 eare
583 2942 862 3025 graviter
890 2942 1111 3022 filium,
1151 2946 1260 3027 qui
1290 2946 1532 3029 parenti
1562 2946 1691 3011 sive
1738 2946 1882 3009 vivo
1921 2945 2049 3008 sive
2088 2943 2376 3008 defuncto
2414 2941 2764 3018 maledicat,
2806 2941 2874 3004 at
2954 3018 2966 3034 .

418 3042 623 3108 solum
655 3045 941 3109 oretenus
972 3046 1101 3111 sine
1135 3048 1340 3112 animo
1373 3048 1700 3113 malevole.
1742 3046 1860 3112 Sed
1890 3046 2104 3112 vivum
2133 3044 2414 3128 intellige
2447 3043 2782 3106 absentem.

597 3147 668 3210 3⁰
698 3144 1061 3213 Convicium
1093 3150 1402 3215 committi
1435 3151 1642 3234 potest
1672 3150 1866 3215 etiam
1897 3168 2065 3214 111610
2089 3149 2292 3233 gestu,
2326 3166 2436 3211 seu
2460 3145 2599 3210 visu
2624 3144 2879 3208 subsan-

415 3249 681 3314 natori0.

505 3351 602 3416 Ad
636 3352 723 3415 6¹¹¹
759 3353 814 3417 si
848 3353 1201 3419 dissimulet
1249 3374 1578 3439 agnoscere
1624 3357 1928 3437 parentes.
1972 3351 2190 3427 CasuS,
2230 3352 2293 3415 in
2327 3350 2551 3432 quibus
2583 3369 2706 3415 non
2738 3370 2878 3414 cen-

418 3455 634 3518 sentur
648 3454 713 3517 hi
744 3457 1021 3539 graviter
1050 3475 1160 3521 seu
1190 3457 1648 3521 rationabiliter
1668 3455 1872 3531 inviti,
1900 3458 2048 3519 sunt
2080 3474 2138 3518 v.
2173 3473 2267 3536 gr.
2306 3451 2373 3514 1⁰
2404 3451 2459 3513 si
2488 3450 2656 3513 filius
2688 3470 2877 3533 grave

417 3555 714 3622 damnum
737 3576 1033 3641 passurus
1059 3561 1248 3624 esset:
1271 3559 1343 3621 2⁰
1358 3559 1412 3624 si
1429 3559 1712 3642 parentes
1738 3559 1943 3621 essent
1957 3555 2163 3621 notati
2185 3551 2406 3618 infami
2430 3551 2711 3615 crimine:
2740 3549 2809 3614 3⁰
2825 3553 2879 3616 si

421 3659 662 3724 abesset
684 3660 943 3726 interior
972 3664 1363 3746 contemptus
1395 3662 1458 3726 et
1488 3660 1693 3725 solum
1724 3658 1991 3723 exterius
2023 3657 2164 3739 quis
2201 3653 2643 3719 dissimularet.

507 3762 604 3827 Ad
639 3764 724 3828 7¹¹¹
755 3764 790 3803 *
829 3764 1123 3844 Crimina,
1158 3785 1316 3849 quae
1347 3766 1423 3830 A.
1451 3763 1694 3846 excipit,
1729 3782 1804 3827 ea
1834 3761 1999 3838 sunt,
2027 3759 2279 3844 propter
2309 3775 2467 3840 quae
2491 3755 2880 3840 permittitur

420 3884 457 3929 a
493 3865 626 3932 iure
656 3867 786 3933 fflio
820 3888 1106 3934 accusare
1137 3872 1399 3952 patrem,
1438 3886 1625 3933 causa
1672 3866 1819 3932 boni
1866 3863 2115 3949 publici.
2157 3860 2336 3942 Quod
2373 3860 2447 3925 de
2485 3860 2877 3925 accusatione

422 3967 667 4045 dicitur,
694 3989 962 4053 aequum
985 3973 1081 4037 est
1111 3972 1175 4036 et
1205 3971 1277 4036 de
1301 3971 1609 4037 delatione
1639 3970 1912 4052 accipere
1938 3966 2238 4032 iudiciali.
2263 3963 2381 4030 Sed
2412 3964 2476 4029 et
2519 3962 2882 4029 conferenda

418 4071 713 4153 specialia
743 4074 1025 4158 gentium
1054 4075 1213 4138 iura.
1254 4071 1541 4139 Ceterum
1574 4072 1979 4157 prohibentur
2010 4068 2422 4134 communiter
2453 4083 2740 4130 accusare
2767 4064 2881 4129 filii

418 4174 723 4256 parentes,
759 4175 993 4240 subditi
1024 4176 1355 4259 praelatos,
1405 4177 1568 4242 servi
1598 4177 1901 4242 dominos.
1953 4172 2044 4237 cf.
2085 4171 2263 4256 Lugo
2312 4168 2387 4233 de
2418 4167 2570 4231 Iure
2617 4167 2680 4230 et
2715 4164 2878 4229 Iust.

422 4274 578 4360 disp.
615 4278 721 4341 38.
754 4297 815 4341 n.
860 4279 918 4343 7.
954 4277 989 4315 '¹‘

533 4405 621 4457 lv.
650 4405 697 4457 3.
729 4404 907 4459 Contra
948 4402 1273 4456 obedientiam
1312 4402 1528 4464 graviter
1560 4409 1751 4470 peccat,
1791 4405 1829 4454 1.
1856 4401 1896 4454 si
1932 4400 1980 4454 in
2009 4415 2061 4453 re
2088 4398 2222 4465 gravi
2249 4395 2312 4451 sit
2337 4394 2624 4450 inobediens
2649 4393 2775 4447 circa
2803 4409 2878 4459 66,

423 4502 549 4555 quae
587 4488 831 4555 pertinent
855 4491 916 4542 611
944 4485 1343 4553 gubernationem
1382 4488 1573 4552 (10111116,
1602 4491 1757 4540 bonos
1795 4500 1973 4547 mores,
2003 4486 2082 4538 vel
2117 4483 2304 4537 animae
2332 4483 2559 4534 salntem.
2586 4477 2694 4532 Fin.
2721 4493 2768 4543 q.
2799 4479 2887 4532 10.

422 4589 554 4628 1111111.
583 4577 699 4630 20.:
727 4577 775 4628 2.
803 4575 846 4628 si
883 4580 1054 4629 contra
1091 4575 1392 4625 voluntatem
1430 4572 1640 4637 parentis
1677 4574 1824 4624 ducat
1862 4584 2064 4624 uxorem
2104 4583 2157 4623 se
2195 4566 2464 4631 indignam:
2489 4563 2686 4626 indigna
2724 4568 2885 4617 autem

424 4659 625 4725 dicitur,
649 4673 759 4713 cum
799 4674 893 4725 qua
931 4674 1027 4712 non
1065 4662 1230 4725 potest
1263 4659 1553 4710 contrahere
1591 4655 1697 4710 sine
1734 4656 1979 4707 dedecore
2016 4653 2152 4708 iuxta
2189 4666 2307 4706 snae
2345 4648 2558 4715 regionis
2586 4661 2756 4714 usu1n3
2785 4661 2879 4700 non
