3497 5147
403 364 552 440 [834]
911 381 1080 430 Qum
1116 381 1448 424 0111101110
1485 378 1856 423 0011111011οΜ
1894 379 1973 419 m·
2008 377 2392 420 rmumntm
2770 365 2880 420 615

514 476 652 530 XXI.
680 478 733 530 5.
759 479 978 531 Tenetur
1000 478 1116 531 item
1144 482 1203 533 ad
1240 479 1569 532 restituendos
1601 481 1790 531 tructus
1815 475 2061 543 (deductis
2091 474 2343 541 expensis)
2367 490 2492 541 quos
2530 490 2592 530 ex
2628 477 2768 530 bonis
2793 492 2879 544 pu-

407 558 512 626 pilli
544 559 802 627 percipere
840 568 1035 627 poterat
1071 569 1120 617 et
1158 579 1244 617 sna
1282 568 1424 630 culpa
1465 577 1559 615 non
1592 560 1830 629 percepit.
1856 560 1978 614 silv.
2008 575 2054 612 v.
2092 560 2339 627 Tutors.
2366 562 2488 614 Reb.
2517 562 2549 614 Ι.
2574 575 2619 614 0.

513 646 674 700 ΧΧΙΙ.
703 648 750 698 6.
779 648 999 700 Tenetur
1036 646 1229 703 nomina
1268 648 1540 702 debitorum
1580 645 1775 709 exigere
1813 652 1863 698 et
1887 644 2049 698 debita
2088 644 2261 710 pupilli
2289 647 2585 709 persolvere,
2612 644 2681 698 ita
2711 652 2870 741 tamen

410 734 477 793 ιιι,
509 736 742 794 quantum
782 730 893 784 deri
932 738 1111 798 potest,
1139 736 1266 786 bono
1308 731 1479 800 pupilli
1515 732 1755 784 consulat.
1780 731 1918 794 sylv.
1947 730 2069 781 Reb.
2099 731 2148 781 ΙΙ.
2177 743 2247 781 cc.
2278 730 2400 781 Tab.
2427 728 2546 781 ibid.

514 814 695 867 xxm.
723 814 772 867 7.
799 815 958 867 Tutor
984 818 1061 868 vel
1101 824 1296 870 curator
1334 832 1427 869 non
1468 823 1628 882 potest
1661 813 1949 867 donationes
1988 814 2067 866 vel
2095 811 2408 866 remissiones
2435 811 2676 876 gratiosas
2717 817 2873 867 facere

406 897 468 950 de
492 898 635 951 bonis
662 898 864 966 pupilli;
891 898 1003 965 quia
1030 915 1125 953 non
1150 904 1211 953 ad
1239 903 1608 961 destruendum,
1636 901 1722 952 sed
1757 900 1816 951 ad
1845 899 2079 951 tuendum
2107 905 2182 950 cst
2206 896 2526 950 constitutuS.
2546 897 2666 951 ibid.
2687 897 2873 962 Excipe

407 981 718 1036 donationem
756 984 1185 1038 remuneratorium
1201 998 1218 1052 ;
1243 986 1315 1039 sic
1341 986 1466 1039 enim
1495 991 1656 1051 potest
1678 997 1728 1036 v.
1760 998 1831 1046 gr.
1857 980 2100 1048 stipendio
2135 981 2300 1035 debito
2329 996 2419 1047 pro
2445 982 2636 1036 liberali
2663 982 2871 1036 servitio

405 1065 590 1132 aliquid
615 1070 800 1121 addere
828 1082 890 1122 ex
916 1067 1107 1122 liberali
1135 1071 1414 1124 donatione.
1444 1072 1554 1123 Mol.
1584 1070 1720 1133 Lugo
1760 1070 1808 1121 d.
1837 1070 1921 1121 23.
1949 1073 2068 1120 sect.
2099 1068 2181 1118 10.
2208 1069 2385 1120 81111011.
2411 1069 2564 1121 Trull.
2586 1068 2618 1120 1.
2642 1067 2695 1120 7.
2722 1082 2766 1121 c.
2790 1068 2873 1120 47.

407 1151 455 1203 d.
488 1152 537 1201 8.
571 1150 688 1204 Vid.
720 1151 858 1205 Dian.
885 1166 932 1219 p.
962 1155 1011 1206 8.
1039 1159 1072 1205 ι.
1102 1156 1151 1206 6.
1177 1168 1218 1207 1.
1248 1154 1330 1207 17.

517 1235 706 1289 XXIV.
735 1238 782 1287 8.
818 1236 1037 1302 Denique
1065 1244 1257 1291 tenetur
1286 1238 1470 1303 (officio
1496 1238 1653 1303 finito)
1693 1238 1896 1290 reddere
1936 1234 2180 1299 rationes3
2205 1233 2316 1300 quia
2357 1238 2450 1287 hoc
2490 1250 2616 1287 onus
2643 1240 2716 1287 est
2743 1249 2875 1286 com·

408 1333 554 1372 mune
590 1335 779 1385 eorum,
804 1321 887 1387 qui
916 1325 1039 1375 bona
1068 1322 1225 1375 aliena
1251 1323 1607 1376 administrant.
1640 1325 1701 1375 V.
1728 1325 1845 1375 Bon.
1875 1320 1940 1374 de
1969 1318 2155 1373 Conlr.
2185 1320 2231 1371 d.
2262 1320 2310 1372 3.
2337 1333 2383 1384 q.
2414 1321 2496 1372 19.
2528 1335 2573 1386 p.
2603 1319 2650 1372 ⁴.
2673 1327 2720 1372 et
2753 1317 2878 1371 inira

407 1404 468 1456 de
506 1404 563 1455 7⁰
605 1406 771 1458 Praec.
805 1404 855 1458 in
892 1406 1161 1473 appendice
1201 1409 1260 1459 ad
1298 1414 1591 1470 contractus,
1618 1409 1734 1459 dub.
1772 1410 1811 1459 1.

1484 1621 1646 1684 DUB.
1691 1619 1801 1683 IV.

908 1774 1079 1855 Quae
1124 1774 1420 1856 oble'yatio
1466 1775 1857 1838 dominorum
1902 1779 1964 1837 et
2005 1774 2407 1853 famulorum,

967 1882 1358 1963 aliorumque
1404 1883 1795 1961 superiorum
1831 1885 1892 1945 et
1919 1881 2310 1961 inferiorum.

510 2044 674 2097 XXV.
689 2045 932 2110 Respond.
956 2047 995 2096 Ι.
1018 2043 1211 2097 Domini
1232 2050 1280 2095 el
1299 2042 1593 2107 Superiores
1614 2049 1839 2094 tenentur
1861 2045 2042 2094 habere
2063 2056 2229 2094 curam
2253 2044 2545 2093 lentulorum
2567 2040 2878 2106 aliorumque

414 2142 616 2180 suorum
644 2127 967 2181 subditorum.
991 2130 1126 2180 Patet
1147 2142 1207 2180 ex
1240 2129 1279 2179 Ι.
1304 2129 1362 2179 ad
1380 2126 1504 2179 Tim.
1534 2128 1597 2177 V.
1624 2128 1671 2177 8.
1692 2126 1757 2180 Si
1775 2126 1899 2195 quis
1919 2140 2156 2179 suorum
2178 2131 2270 2179 etc.
2295 2133 2345 2178 01
2363 2125 2489 2178 ratio
2517 2132 2607 2188 est,
2629 2124 2740 2190 quin
2763 2130 2879 2179 sunt

407 2211 626 2278 ipsorum
664 2218 811 2278 caput
847 2219 896 2265 et
922 2211 1056 2265 vices
1084 2219 1338 2278 parentum
1377 2217 1582 2277 gernum
1616 2210 1824 2275 ideoque
1851 2202 2076 2264 tenentur
2106 2212 2465 2274 quodammodo
2503 2214 2563 2263 nd
2601 2213 2786 2273 eadem,
2816 2212 2876 2263 ad

409 2311 535 2363 quae
576 2302 819 2362 parentes.
849 2295 1073 2362 inprimis
1111 2310 1230 2348 vero
1268 2309 1442 2349 curare
1483 2301 1723 2358 tenentur,
1765 2301 1998 2361 quantum
2036 2292 2084 2346 in
2122 2293 2245 2360 ipsis
2281 2301 2372 2357 est,
2416 2300 2469 2348 ιιι
2505 2302 2702 2348 servent
2741 2308 2884 2360 prae·

410 2387 550 2448 cepta
590 2379 684 2434 Dei
723 2388 772 2435 et
813 2380 1073 2434 Ecclesiae.
1104 2382 1221 2434 Ron.
1250 2382 1367 2433 dub.
1404 2382 1480 2433 16.
1509 2395 1558 2445 q.
1586 2382 1630 2432 ι.
1662 2394 1711 2445 p.
1739 2380 1789 2431 8.

499 2502 679 2577 833.
715 2508 749 2544 *
785 2506 1052 2570 Advorte
1085 2505 1227 2570 duo.
1267 2506 1333 2569 1⁰
1379 2504 1696 2586 Quaedam
1743 2504 2208 2589 Scripturarum
2247 2505 2604 2570 testimonia
2651 2506 2874 2589 Ephesi.

409 2609 519 2673 VI.
557 2611 615 2672 5.
650 2609 776 2674 Tit.
827 2610 909 2672 ΙΙ.
961 2610 1022 2673 9.
1062 2610 1119 2673 1.
1153 2610 1321 2672 Petr.
1362 2610 1442 2672 II.
1490 2610 1591 2672 18.
1627 2609 1830 2673 solent
1853 2609 1972 2672 huc
1996 2609 2259 2683 traduci,
2293 2628 2435 2672 cum
2467 2609 2751 2690 quaestio
2785 2611 2881 2674 est

408 2712 484 2776 de
516 2711 788 2787 famulis,
825 2731 982 2793 quae
1014 2731 1120 2794 per
1152 2731 1215 2775 se
1248 2713 1456 2774 tamen
1481 2711 1724 2793 proprie
1751 2712 2034 2793 spectant
2071 2711 2147 2774 ad
2177 2730 2403 2789 servae,
2423 2713 2639 2793 quales
2671 2714 2878 2777 aetate

410 2814 754 2897 apostolica
801 2802 1263 2897 reperieba‘ntur
1316 2814 1378 2876 in
1423 2813 1683 2895 imperio
1729 2832 2018 2878 romano:
2082 2813 2305 2878 famuli
2351 2817 2581 2892 autem,
2631 2817 2706 2880 ut
2750 2816 2879 2880 iam

411 2915 726 2981 monuisse
755 2916 1171 2993 meminimus,
1213 2934 1335 2980 non
1361 2916 1509 2979 sunt
1540 2917 1720 2990 servi,
1755 2916 1860 2979 sed
1891 2916 2089 2993 liberi,
2124 2916 2452 2997 qui'libere
2484 2920 2875 2983 contractum

409 3021 645 3085 ineunt.
686 3019 1109 3084 Nihilominus
1146 3038 1256 3102 per
1287 3018 1641 3102 analogiam
1687 3018 1900 3082 licebit
1935 3019 2000 3081 in
2032 3019 2346 3084 nonnullis
2379 3023 2595 3102 aptare
2625 3020 2879 3084 famulis

408 3142 568 3206 quae
599 3122 673 3187 de
707 3122 899 3187 servis
960 3120 1270 3185 dicuntur.
1323 3118 1392 3183 2⁰
1422 3118 1581 3184 Cum
1619 3120 1691 3184 de
1741 3121 2122 3204 obligatione
2167 3121 2560 3187 dominorum
2607 3141 2755 3206 erga
2792 3122 2881 3186 fa-

405 3226 612 3290 mulos
645 3242 845 3289 sermo
880 3226 993 3300 est,
1034 3224 1079 3287 ii
1127 3223 1369 3306 proprie
1417 3223 1637 3286 famuli
1682 3223 2144 3307 intelliguntur,
2185 3224 2292 3305 qui
2325 3226 2474 3288 sunt
2518 3224 2591 3288 de
2638 3223 2880 3288 familia

407 3328 667 3410 ideoque
712 3326 1053 3391 familiares
1105 3327 1408 3390 vocantur
1440 3326 1537 3388 vel
1585 3325 1910 3391 domestici
1953 3327 2020 3389 in
2074 3325 2311 3390 domini
2356 3327 2540 3391 domo
2589 3327 2879 3391 stabilem

408 3429 706 3494 habentes
738 3429 977 3493 sedem:
1012 3447 1132 3493 non
1180 3428 1226 3491 ii
1257 3428 1365 3508 qui
1404 3431 1603 3490 certas
1636 3428 1822 3491 horas
1856 3428 2107 3491 tantum
2139 3427 2258 3490 diei
2285 3427 2489 3491 officia
2521 3429 2876 3509 praestant:

408 3532 517 3596 isti
556 3533 719 3595 enim
765 3532 880 3596 sub
914 3529 1363 3616 gubernatione
1409 3528 1645 3593 domini
1676 3529 1919 3611 proprie
1967 3548 2090 3593 non
2121 3531 2287 3592 sunt.
2344 3527 2767 3592 Nihilominus
2814 3531 2883 3594 et

411 3652 560 3717 erga
593 3634 705 3699 hos
737 3633 1041 3715 quaedam
1090 3633 1294 3698 officia
1331 3630 1725 3695 dominorum
1777 3631 1925 3694 sunt
1971 3650 2040 3694 ex
2084 3629 2183 3707 iis,
2235 3649 2392 3710 quae
2429 3631 2753 3694 enumerat
2797 3632 2873 3694 A.

410 3754 501 3800 ex.
536 3756 629 3820 gr.
671 3755 745 3800 ne
776 3734 1196 3818 impediantur
1227 3734 1450 3799 famuli
1492 3733 1715 3797 debitis
1763 3731 2081 3816 religionis
2114 3731 2486 3796 satisfacere.
2515 3732 2548 3769 '¹‘

498 3833 679 3908 834.
716 3837 1225 3918 Quandoquidem
1251 3837 1324 3902 de
1360 3835 1739 3919 obligatione
1787 3835 2130 3920 generatim
2163 3833 2551 3916 superiorum
2597 3834 2878 3916 loquitur

408 3941 484 4005 A.
518 3959 566 4005 s.
602 3941 788 4023 Alph.
828 3961 886 4005 n.
922 3941 1073 4004 342.
1110 3940 1187 4005 ad
1219 3941 1280 4004 h.
1316 3941 1358 4004 l.
1395 3939 1570 4004 addit
1598 3938 2028 4020 quaestionem
2075 3956 2333 4019 eamque
2366 3938 2565 4003 solam
2591 3957 2670 4003 an
2703 3938 2879 4002 Prin-

408 4062 547 4126 ceps
596 4045 882 4108 teneatur
926 4043 1250 4123 diyniores
1302 4043 1527 4126 eligere
1589 4041 1667 4105 ad
1723 4040 1939 4105 munia
1985 4041 2231 4123 publica
2277 4043 2343 4106 et
2394 4041 2875 4123 probabiliorem

408 4146 560 4209 dicit
606 4145 1051 4209 affirmativam
1083 4146 1300 4208 contra
1333 4163 1454 4222 003,
1496 4144 1604 4225 qui
1643 4145 1847 4208 30111111
1880 4143 2156 4226 exigunt,
2188 4162 2263 4207 ne
2295 4142 2582 4226 indignos
2613 4142 2826 4226 eligat.

498 4249 532 4286 *
565 4247 745 4332 Lugo
793 4247 1043 4329 quidem
1080 4246 1155 4308 cle
1191 4246 1352 4309 Iust.
1392 4250 1453 4309 et
1496 4245 1646 4309 Iure
1678 4246 1832 4327 disp.
1886 4244 1990 4308 34.
2025 4266 2085 4308 n.
2119 4247 2220 4308 19.
2249 4245 2607 4330 negativam
2639 4246 2878 4308 senten-

407 4352 565 4415 tiam
603 4350 828 4433 probat
860 4368 923 4412 re
956 4368 1063 4430 per
1108 4367 1171 4410 se
1219 4351 1525 4430 spectata:
1553 4351 1619 4410 at
1642 4369 1702 4411 n.
1731 4349 1836 4411 21.
1873 4366 2126 4412 1110110113
2160 4347 2359 4430 primo
2393 4367 2611 4430 parum
2646 4348 2879 4411 utram·

407 4474 526 4535 que
559 4451 931 4516 sententiam
963 4451 1026 4514 in
1054 4449 1225 4532 praxi
1252 4448 1508 4525 differre,
1544 4450 1606 4511 in
1632 4449 2075 4513 affirmativam
2099 4468 2471 4532 propensum
2497 4469 2558 4513 se
2584 4449 2873 4514 ostendit.

408 4555 597 4620 Ratio
631 4556 745 4630 est,
791 4555 856 4615 1⁰
889 4552 1037 4634 quia
1069 4571 1211 4614 cum
1242 4550 1306 4614 in
1341 4549 1619 4613 omnium
1652 4553 1961 4615 sententia
1991 4553 2218 4616 elector
2250 4552 2479 4616 debeat
2516 4572 2749 4626 cavere,
2799 4573 2874 4617 ne

405 4676 598 4742 grave
630 4654 1075 4720 detrimentum
1101 4671 1196 4716 res
1228 4651 1473 4734 publica
1498 4651 1799 4733 patiatur,
1835 4652 1913 4716 ad
1943 4654 2006 4717 id
2038 4654 2529 4737 praecavendum
2563 4656 2875 4737 oportebit
