3497 5147
298 318 424 398 [594]
702 331 845 380 oms
879 332 1084 375 Possm·
1124 332 1409 374 'maman
1446 332 1793 374 mmmmm
1831 331 2296 374 onoma-nonam
2627 321 2738 376 457

297 429 467 484 veniam
494 434 677 494 peteret
701 435 751 483 et
775 435 944 493 ageret
970 427 1337 495 poenitentiam,
1371 442 1541 495 posses
1567 427 1613 482 ei
1639 427 1744 482 sine
1774 428 1989 495 periurio
2017 430 2289 483 condonare
2304 445 2319 496 ;
2346 430 2457 495 quia
2485 431 2734 486 iuramen-

297 522 385 567 tum
421 511 674 576 obligabat,
702 521 901 566 servato
925 515 1097 566 eodem
1126 519 1271 576 statu,
1299 512 1347 565 in
1387 527 1482 579 quo
1515 527 1614 566 non
1655 511 1939 579 poeniteret.
1969 514 2136 577 Laym.
2163 528 2207 567 c.
2236 515 2283 566 9.
2314 514 2361 568 4.
2390 514 2441 567 Si
2470 529 2549 568 τω
2575 514 2734 569 iurata

293 603 401 651 taeta
434 596 496 650 sit
529 595 718 650 inutilis
752 599 814 650 ad
840 597 1094 661 intentum,
1122 598 1329 651 maxime
1366 597 1407 651 si
1440 596 1593 660 magis
1629 597 1765 651 illius
1802 596 2120 662 destructiva,
2148 604 2201 650 ut
2238 597 2280 649 si
2319 598 2459 651 verbi
2486 599 2642 662 gratia
2670 614 2732 652 ex

290 680 575 735 correctione
610 681 973 748 impoenitentis
995 681 1084 735 filii
1107 689 1354 736 notaretur
1376 682 1421 735 is
1445 681 1599 746 magis
1622 683 1965 743 destruendus
1993 696 2138 746 quam
2178 684 2527 746 emendandus,
2555 690 2639 736 aut
2671 683 2735 736 sit

292 768 507 820 turbanda
538 765 735 831 familia,
754 774 1014 821 secuturae
1037 767 1174 821 rixae
1199 782 1310 821 cum
1333 780 1482 820 uxore
1506 774 1556 821 et
1580 766 1650 819 sie
1678 773 1892 832 praestet
1916 781 2012 819 non
2038 765 2298 831 corrigere.
2324 766 2494 832 Regin.
2520 768 2608 822 lib.
2647 771 2733 824 48.

290 865 329 904 c.
351 852 429 904 56.
446 851 566 904 Bon.
594 854 626 905 l.
651 866 696 904 c.
725 866 773 917 p.
805 851 886 905 ¹4.
916 853 967 905 5.
989 850 1041 905 Si
1062 851 1129 906 ita
1159 856 1317 906 lerant
1341 851 1653 905 conditiones
1676 850 1810 917 illae,
1836 865 1956 916 quas
1982 851 2032 903 in
2057 849 2236 917 quovis
2262 851 2584 918 promissorio
2606 852 2735 906 iura-

291 941 434 988 mento
471 934 615 988 tacite
653 934 954 1000 subintelligi
979 943 1145 990 natura
1175 943 1223 989 et
1257 938 1369 990 DD.
1397 938 1589 990 docent.
1617 938 1764 989 Tales
1790 937 1951 990 autem
1990 943 2118 997 sunt,
2153 944 2204 989 ut
2235 937 2404 1001 Laym.
2441 936 2560 991 dicit
2597 952 2734 1004 supr.

288 1034 326 1073 c.
350 1022 410 1085 9.,
438 1022 479 1074 l.
505 1018 550 1073 si
576 1026 779 1085 potero:
805 1023 854 1074 2.
888 1023 1028 1074 salvo
1051 1021 1157 1075 iure
1182 1020 1488 1087 Superioris:
1516 1024 1564 1076 3.
1593 1020 1685 1075 nisi
1713 1036 1793 1074 res
1832 1019 2112 1075 notabiliter
2139 1028 2381 1075 mutetur:
2413 1023 2461 1075 4.
2492 1022 2584 1076 nisi
2612 1021 2733 1076 obli·

286 1103 401 1168 gatio
435 1105 651 1159 tollatur.
679 1105 752 1157 De
789 1119 887 1170 quo
924 1119 1134 1171 sequens
1169 1105 1387 1159 dubium.

364 1218 531 1293 594.
561 1223 658 1287 Ad
690 1224 773 1287 II.
815 1221 1033 1303 Quoad
1071 1225 1487 1308 exceptionem
1533 1225 1870 1290 iuramenti
1914 1225 1978 1289 in
2019 1226 2414 1290 commodum
2449 1226 2728 1304 alteriue,

281 1325 460 1389 recole
490 1324 660 1389 dicta
690 1344 825 1408 sup.
858 1346 918 1389 n.
955 1326 1125 1404 584„
1160 1327 1268 1391 ubi
1301 1326 1566 1392 diximus
1597 1327 1661 1391 id
1692 1327 2185 1412 intelligendum,
2219 1328 2280 1392 si
2308 1329 2410 1391 ius
2433 1307 2626 1391 alteii
2647 1329 2737 1392 sit

282 1429 658 1510 acquisitum.

366 1554 398 1587 ‹
431 1529 524 1593 Ad
559 1530 675 1594 ΠΙ.
714 1529 1028 1595 Notabilis
1066 1531 1338 1596 mutatio
1372 1533 1619 1596 estnon
1657 1533 1864 1606 modo,
1904 1533 1956 1597 si
1981 1552 2172 1617 grave
2209 1533 2606 1616 superveniat
2636 1534 2732 1596 in-

280 1634 678 1711 commodum,
718 1653 774 1697 v.
807 1653 900 1718 gr.
935 1634 1281 1717 periculum
1325 1636 1567 1712 mortis,
1603 1636 1896 1700 infamiae
1936 1637 2051 1701 aut
2096 1635 2306 1719 gravis
2354 1635 2585 1711 damni,
2623 1634 2728 1700 sed

278 1734 510 1799 admitti
546 1736 753 1818 potest
777 1734 1057 1801 doctrina
1091 1754 1140 1800 s,
1182 1736 1477 1815 Thomas,
1505 1756 1694 1819 quam
1728 1738 1805 1801 ad
1831 1757 2078 1801 sensum
2104 1737 2291 1801 refert
2322 1756 2392 1800 ex
2419 1735 2726 1800 Salmant.

278 1837 446 1901 tract.
480 1837 585 1901 17.
620 1856 752 1920 cap.
795 1839 855 1900 3.
896 1857 956 1901 n.
995 1839 1100 1901 22.
1136 1857 1186 1902 s.
1220 1838 1404 1921 Alph.
1443 1859 1503 1902 n.
1545 1839 1691 1903 187.
1726 1840 1892 1903 hisce
1931 1838 2166 1902 verbis:
2215 1862 2250 1896 «
2279 1837 2343 1902 id
2390 1838 2651 1902 liberare
2691 1857 2727 1902 a

280 1939 404 2002 voti
444 1938 535 2002 vel
579 1939 923 2003 iuramenti
967 1940 1368 2025 obligatione,
1404 1940 1569 2022 quod
1616 1940 1670 2005 si
1703 1960 1739 2005 a
1777 1940 2077 2024 principio
2110 1941 2332 2005 notum
2362 1939 2604 2018 fuisset,
2655 1958 2727 2004 ea

275 2038 398 2104 fieri
432 2040 756 2125 impediret
786 2066 848 2106 ».
883 2042 1076 2107 Porro
1108 2043 1296 2107 verba
1329 2063 1377 2107 s.
1410 2043 1693 2127 Thomae
1720 2044 1868 2107 sunt
1900 2044 1959 2106 4.
1997 2043 2139 2107 dist.
2176 2043 2281 2106 38.
2316 2062 2374 2124 q.
2415 2043 2473 2105 1.
2517 2044 2632 2106 art.
2662 2043 2723 2106 3.

267 2142 345 2224 ql.
384 2145 435 2206 1.
469 2144 553 2208 ad
588 2145 681 2209 1.:
718 2169 759 2202 ·‹<
794 2144 1158 2223 Dicendum,
1209 2145 1370 2228 quod
1405 2145 1583 2223 illud,
1623 2145 1790 2227 quod
1822 2147 2040 2210 votum
2072 2144 2344 2209 fiendum
2374 2144 2722 2228 impediret,

269 2245 317 2308 si
342 2265 630 2329 praesens
667 2248 848 2324 esset,
884 2247 1077 2312 etiam
1121 2249 1273 2313 voto
1310 2249 1476 2313 facto
1527 2248 1972 2332 obligationem
2022 2247 2226 2311 aufert
2255 2272 2318 2310 ».
2352 2248 2585 2312 Tamen
2619 2247 2727 2312 du-

266 2346 403 2425 bito,
437 2367 515 2413 an
573 2368 622 2413 s.
655 2332 927 2415 Thot'nas
975 2350 1097 2413 huc
1143 2350 1547 2433 spectaverit;
1598 2350 1745 2433 quia
1782 2350 2066 2433 loquitur
2110 2350 2184 2414 de
2231 2350 2514 2427 materia,
2565 2370 2724 2433 quae

262 2448 456 2514 evadit
480 2450 914 2533 impossibilis.
946 2450 1368 2517 Veruntamen
1398 2453 1556 2516 hanc
1579 2453 1927 2518 doctrinam
1951 2453 2182 2516 habent
2205 2471 2315 2517 ceu
2338 2452 2722 2536 probabilem

260 2551 438 2618 etiam
464 2554 593 2631 illi,
634 2554 741 2637 qui
776 2554 1101 2638 oppositae
1135 2555 1488 2621 adhaerent.
1524 2553 1615 2621 Of.
1653 2555 1908 2621 dicenda
1947 2555 2019 2620 de
2052 2555 2219 2621 Voto
2252 2556 2368 2620 sub
2407 2556 2568 2620 Dub.
2597 2554 2674 2620 V.

336 2655 493 2723 Bene
556 2656 730 2721 addit
775 2676 824 2722 s.
872 2657 1058 2741 Alph.
1107 2679 1167 2722 n.
1222 2659 1367 2723 188.
1418 2678 1654 2724 cessare
1699 2660 2142 2737 iuramentum,
2192 2658 2245 2723 si
2293 2660 2488 2724 cesset
2534 2677 2722 2723 causa

253 2756 467 2838 finalia,
504 2780 642 2827 non
673 2762 886 2826 autem
932 2760 986 2825 si
1034 2780 1199 2826 mere
1246 2762 1585 2845 impellens.
1628 2763 1729 2826 Ita
1777 2763 1829 2827 si
1877 2762 2219 2845 promisisti
2265 2762 2722 2846 eleemosynam

258 2866 503 2948 pauperi
534 2869 603 2931 et
635 2865 741 2930 ille
778 2864 949 2929 dives
976 2864 1109 2929 fiat.
1144 2864 1377 2929 Iurasti
1406 2867 1469 2929 te
1500 2883 1624 2929 non
1655 2864 2082 2949 ingressurum
2114 2865 2306 2928 talem
2353 2864 2610 2928 domum
2643 2863 2721 2928 ob

256 2967 596 3048 periculum
633 2968 698 3032 et
726 2967 842 3032 hoc
872 2967 1219 3050 periculum
1251 2969 1470 3031 cessat.
1507 2966 1741 3031 Iurasti
1763 2966 2322 3050 peregrinationem
2348 2967 2425 3031 ob
2450 2965 2721 3030 salutem

260 3070 447 3150 patris
479 3073 544 3135 et
582 3069 694 3134 ille
725 3069 1010 3134 moritur.

1312 3231 1476 3295 Dua.
1517 3230 1659 3294 VH.

742 3367 896 3449 Quis
916 3369 1129 3449 possit
1158 3369 1371 3433 tollere
1408 3370 1751 3432 iuramenti
1779 3368 2237 3450 obliyationcm.

347 3551 530 3604 XLIX.
557 3552 713 3617 Resp.
736 3552 809 3603 De
832 3553 926 3605 hoc
951 3565 1012 3604 ex
1038 3549 1400 3605 conditionibus
1436 3549 1531 3603 iam
1557 3549 1733 3616 positis
1759 3557 1808 3604 et
1834 3556 2074 3616 potestate
2094 3547 2407 3615 superiorum
2433 3547 2481 3599 in
2516 3562 2634 3600 suos
2661 3562 2718 3601 ac

242 3646 434 3688 suorum
474 3645 622 3697 vota,
650 3648 679 3686 a
716 3636 885 3700 Laym.
913 3632 991 3689 liic
1028 3651 1073 3689 c.
1104 3638 1185 3688 tl.
1217 3643 1266 3688 et
1303 3634 1414 3688 aliis
1451 3633 1775 3688 communiter
1813 3638 1933 3687 haec
1970 3637 2247 3686 traduntur.

352 3721 394 3771 l.
419 3721 573 3788 Quod
603 3726 794 3787 spectat
832 3722 890 3773 ad
917 3719 1260 3784 irritationem,
1289 3719 1487 3773 irritare
1513 3728 1562 3773 et
1606 3719 1855 3771 annullare
1893 3725 2055 3783 potest
2095 3717 2420 3771 iuramentum
2455 3716 2614 3770 omnis
2641 3732 2718 3771 su·

242 3803 418 3869 perior,
451 3805 671 3860 maritus
696 3810 781 3858 aut
817 3804 1060 3871 dominus,
1087 3804 1168 3871 qui
1193 3812 1242 3859 et
1268 3805 1515 3870 quomodo
1542 3803 1735 3857 irritare
1768 3810 1928 3870 potest
1961 3818 2163 3857 suorum
2191 3810 2324 3856 vota.
2352 3805 2529 3857 Sancti.
2557 3817 2600 3856 c.
2630 3804 2714 3857 69.

239 3901 283 3939 n.
309 3889 357 3942 7.
385 3893 537 3945 Suar.
565 3893 718 3955 Azor,
746 3889 852 3945 Fill.
878 3894 910 3944 l.
938 3892 1024 3945 25.
1049 3907 1092 3944 c.
1119 3893 1167 3943 9.
1196 3906 1241 3958 p.
1273 3892 1356 3943 1¹7.
1382 3892 1501 3944 dub.
1526 3894 1575 3944 6.
1605 3892 1667 3943 V.
1690 3890 1852 3956 Caput
1889 3904 2114 3955 sequens

340 3979 388 4030 9..
419 3979 646 4031 Possunt
673 3983 724 4030 et
757 3975 905 4031 iidem
942 3975 1133 4029 irritare
1170 3975 1437 4029 iuramenta
1476 3974 1809 4043 promissorio,
1855 3979 1977 4029 lacta
2014 3975 2064 4028 in
2100 3976 2306 4040 gratiam
2344 3976 2571 4039 hominiS,
2599 3990 2715 4041 quo·

237 4057 544 4127 tiescumqne
584 4061 745 4128 ipsam
785 4059 1157 4127 promissionem
1195 4075 1281 4115 seu
1321 4068 1622 4115 contractum
1659 4060 1906 4114 infirmare
1944 4059 2004 4114 iis
2042 4075 2329 4114 concessum
2366 4068 2456 4113 est.

340 4148 389 4200 3.
414 4148 605 4216 Quoad
632 4144 1074 4211 dispensationem:
1101 4145 1376 4211 quicunqne
1398 4150 1544 4200 habet
1572 4154 1862 4213 potestatem
1892 4145 2188 4199 ordinariam
2218 4149 2292 4197 vel
2327 4146 2597 4206 delegatam
2632 4141 2711 4194 vel

238 4230 554 4296 privilegium
584 4228 900 4297 dispensandi
935 4229 985 4283 in
1026 4229 1172 4296 votis,
1208 4238 1369 4297 potest
1406 4231 1455 4283 in
1492 4230 1665 4285 iisdem
1703 4231 2004 4299 dispensare,
2035 4228 2225 4285 etiamsi
2261 4229 2419 4281 iurata
2459 4226 2570 4280 sint.

344 4316 386 4367 t.
416 4316 609 4383 Quoad
647 4313 1091 4377 commutationem,
1122 4316 1292 4369 eadem
1331 4322 1405 4368 cst
1443 4315 1586 4379 ratic,
1612 4331 1735 4381 quae
1774 4317 1834 4369 de
1873 4314 2251 4381 dispensatione.

337 4401 386 4451 5.
416 4401 572 4467 Quod
618 4398 791 4453 attinet
829 4400 889 4452 ad
927 4398 1262 4453 remissionem
1303 4399 1409 4453 sive
1445 4400 1809 4461 relaxationem,
1833 4400 2158 4452 iuramentum
2198 4402 2373 4451 lactum
2417 4396 2465 4450 in
2496 4400 2713 4451 favorem

236 4483 443 4538 nominis
481 4499 589 4538 non
630 4490 794 4550 potest
828 4483 1047 4551 relaxari
1074 4483 1169 4538 nisi
1207 4487 1268 4537 ab
1305 4499 1383 4546 eo,
1420 4484 1499 4537 eui
1526 4487 1703 4537 lactum
1742 4491 1818 4537 est
1854 4492 1938 4539 aut
1971 4483 2050 4537 cui
2076 4483 2118 4536 is
2156 4490 2204 4536 et
2240 4482 2478 4550 promissa
2506 4482 2708 4535 materia

228 4568 449 4623 subiecta
490 4577 594 4624 est·
