<?xml version="1.0" encoding="UTF-8"?>
<!DOCTYPE html PUBLIC "-//W3C//DTD XHTML 1.0 Transitional//EN"
    "http://www.w3.org/TR/xhtml1/DTD/xhtml1-transitional.dtd">
<html xmlns="http://www.w3.org/1999/xhtml" xml:lang="en" lang="en">
 <head>
  <title>
</title>
<meta http-equiv="Content-Type" content="text/html;charset=utf-8" />
  <meta name='ocr-system' content='tesseract 3.04.00' />
  <meta name='ocr-capabilities' content='ocr_page ocr_carea ocr_par ocr_line ocrx_word'/>
</head>
<body>
  <div class='ocr_page' id='page_1' title='image "./opustheologicum00ballgoog/opustheologicum00ballgoog_0530.png"; bbox 0 0 3497 5147; ppageno 0'>
   <div class='ocr_carea' id='block_1_1' title="bbox 284 310 2750 387">
    <p class='ocr_par' dir='ltr' id='par_1_1' title="bbox 284 310 2750 387">
     <span class='ocr_line' id='line_1_1' title="bbox 284 310 2750 387; baseline 0.002 -20"><span class='ocrx_word' id='word_1_1' title='bbox 284 310 429 387; x_wconf 83' lang='lat'><strong>[691]</strong></span> <span class='ocrx_word' id='word_1_2' title='bbox 988 331 1073 369; x_wconf 69' lang='grc' dir='ltr'>οε</span> <span class='ocrx_word' id='word_1_3' title='bbox 1113 330 1251 370; x_wconf 70' lang='lat' dir='ltr'>vor-1</span> <span class='ocrx_word' id='word_1_4' title='bbox 1291 331 1687 371; x_wconf 62' lang='lat' dir='ltr'>mma-Armua</span> <span class='ocrx_word' id='word_1_5' title='bbox 1725 331 2063 373; x_wconf 64' lang='lat' dir='ltr'>morasca-A</span> <span class='ocrx_word' id='word_1_6' title='bbox 2642 320 2750 375; x_wconf 83' lang='lat'>523</span> 
     </span>
    </p>
   </div>
   <div class='ocr_carea' id='block_1_2' title="bbox 260 424 2761 4711">
    <p class='ocr_par' dir='ltr' id='par_1_2' title="bbox 277 424 2749 612">
     <span class='ocr_line' id='line_1_2' title="bbox 280 424 2749 510; baseline 0.003 -23"><span class='ocrx_word' id='word_1_7' title='bbox 280 443 386 488; x_wconf 88' lang='lat' dir='ltr'>cnr</span> <span class='ocrx_word' id='word_1_8' title='bbox 432 424 699 489; x_wconf 92' lang='lat' dir='ltr'>istorum</span> <span class='ocrx_word' id='word_1_9' title='bbox 746 426 1112 510; x_wconf 85' lang='lat' dir='ltr'>suffragium</span> <span class='ocrx_word' id='word_1_10' title='bbox 1162 427 1355 491; x_wconf 81' lang='lat' dir='ltr'>veluti</span> <span class='ocrx_word' id='word_1_11' title='bbox 1404 427 1666 491; x_wconf 89' lang='lat' dir='ltr'>alicuius</span> <span class='ocrx_word' id='word_1_12' title='bbox 1712 427 1997 510; x_wconf 88' lang='lat' dir='ltr'>ponderis</span> <span class='ocrx_word' id='word_1_13' title='bbox 2029 431 2092 493; x_wconf 88' lang='lat' dir='ltr'>et</span> <span class='ocrx_word' id='word_1_14' title='bbox 2137 428 2426 494; x_wconf 90' lang='lat' dir='ltr'>idoneum</span> <span class='ocrx_word' id='word_1_15' title='bbox 2477 431 2552 493; x_wconf 89' lang='lat' dir='ltr'>ad</span> <span class='ocrx_word' id='word_1_16' title='bbox 2585 450 2749 496; x_wconf 92' lang='lat' dir='ltr'>com-</span> 
     </span>
     <span class='ocr_line' id='line_1_3' title="bbox 277 527 2117 612; baseline 0.003 -23"><span class='ocrx_word' id='word_1_17' title='bbox 277 546 526 590; x_wconf 88' lang='lat' dir='ltr'>munem</span> <span class='ocrx_word' id='word_1_18' title='bbox 569 527 880 609; x_wconf 90' lang='lat' dir='ltr'>quandam</span> <span class='ocrx_word' id='word_1_19' title='bbox 912 529 1284 593; x_wconf 89' lang='lat' dir='ltr'>sententiam</span> <span class='ocrx_word' id='word_1_20' title='bbox 1316 528 1703 593; x_wconf 87' lang='lat' dir='ltr'>conflandam</span> <span class='ocrx_word' id='word_1_21' title='bbox 1732 532 2117 612; x_wconf 72' lang='lat' dir='ltr'>reputemus</span> 
     </span>
    </p>

    <p class='ocr_par' dir='ltr' id='par_1_3' title="bbox 270 624 2754 2663">
     <span class='ocr_line' id='line_1_4' title="bbox 369 624 2745 713; baseline -0 -15"><span class='ocrx_word' id='word_1_22' title='bbox 369 624 545 699; x_wconf 76' lang='grc'><strong>690.</strong></span> <span class='ocrx_word' id='word_1_23' title='bbox 582 629 697 694; x_wconf 90' lang='lat' dir='ltr'>Sed</span> <span class='ocrx_word' id='word_1_24' title='bbox 746 630 1147 713; x_wconf 82' lang='lat' dir='ltr'>inspiciamus</span> <span class='ocrx_word' id='word_1_25' title='bbox 1177 632 1578 695; x_wconf 89' lang='lat' dir='ltr'>intrinsecum</span> <span class='ocrx_word' id='word_1_26' title='bbox 1611 651 1832 695; x_wconf 89' lang='lat' dir='ltr'>causae</span> <span class='ocrx_word' id='word_1_27' title='bbox 1864 633 2179 697; x_wconf 90' lang='lat' dir='ltr'>meritum.</span> <span class='ocrx_word' id='word_1_28' title='bbox 2209 629 2434 697; x_wconf 87' lang='lat' dir='ltr'>Suarez</span> <span class='ocrx_word' id='word_1_29' title='bbox 2471 636 2655 698; x_wconf 85' lang='lat' dir='ltr'>tract.</span> <span class='ocrx_word' id='word_1_30' title='bbox 2686 636 2745 697; x_wconf 88' lang='grc'>7.</span> 
     </span>
     <span class='ocr_line' id='line_1_5' title="bbox 280 729 2748 816; baseline 0.003 -23"><span class='ocrx_word' id='word_1_31' title='bbox 280 729 353 793; x_wconf 83' lang='lat' dir='ltr'>de</span> <span class='ocrx_word' id='word_1_32' title='bbox 388 729 574 794; x_wconf 78' lang='lat' dir='ltr'>Statu</span> <span class='ocrx_word' id='word_1_33' title='bbox 594 733 851 812; x_wconf 76' lang='lat' dir='ltr'><strong><em>perfect.</em></strong></span> <span class='ocrx_word' id='word_1_34' title='bbox 887 733 992 797; x_wconf 94' lang='lat' dir='ltr'>lib.</span> <span class='ocrx_word' id='word_1_35' title='bbox 1030 734 1090 797; x_wconf 83' lang='lat'>9.</span> <span class='ocrx_word' id='word_1_36' title='bbox 1126 753 1257 816; x_wconf 90' lang='lat' dir='ltr'>cap.</span> <span class='ocrx_word' id='word_1_37' title='bbox 1294 735 1354 797; x_wconf 86' lang='lat'>9.</span> <span class='ocrx_word' id='word_1_38' title='bbox 1388 754 1446 798; x_wconf 89' lang='lat' dir='ltr'>n.</span> <span class='ocrx_word' id='word_1_39' title='bbox 1484 735 1543 797; x_wconf 79' lang='lat' dir='ltr'>o&#39;.</span> <span class='ocrx_word' id='word_1_40' title='bbox 1584 732 1658 796; x_wconf 82' lang='lat' dir='ltr'>de</span> <span class='ocrx_word' id='word_1_41' title='bbox 1690 732 1901 815; x_wconf 72' lang='lat' dir='ltr'>Reliy.</span> <span class='ocrx_word' id='word_1_42' title='bbox 1938 735 2090 798; x_wconf 91' lang='lat' dir='ltr'>tom.</span> <span class='ocrx_word' id='word_1_43' title='bbox 2128 735 2187 797; x_wconf 85' lang='lat'>3.</span> <span class='ocrx_word' id='word_1_44' title='bbox 2226 735 2457 800; x_wconf 92' lang='lat' dir='ltr'>statuit</span> <span class='ocrx_word' id='word_1_45' title='bbox 2503 737 2564 799; x_wconf 93' lang='lat' dir='ltr'>in</span> <span class='ocrx_word' id='word_1_46' title='bbox 2599 755 2748 800; x_wconf 89' lang='lat' dir='ltr'>casu</span> 
     </span>
     <span class='ocr_line' id='line_1_6' title="bbox 280 835 2750 922; baseline 0.001 -25"><span class='ocrx_word' id='word_1_47' title='bbox 280 835 575 898; x_wconf 88' lang='lat' dir='ltr'>neutrum</span> <span class='ocrx_word' id='word_1_48' title='bbox 598 835 935 920; x_wconf 86' lang='lat' dir='ltr'>coniugum</span> <span class='ocrx_word' id='word_1_49' title='bbox 960 855 1136 918; x_wconf 89' lang='lat' dir='ltr'>posse</span> <span class='ocrx_word' id='word_1_50' title='bbox 1162 835 1341 901; x_wconf 89' lang='lat' dir='ltr'>alteri</span> <span class='ocrx_word' id='word_1_51' title='bbox 1365 835 1611 900; x_wconf 79' lang='lat' dir='ltr'><strong>reddere</strong></span> <span class='ocrx_word' id='word_1_52' title='bbox 1637 835 1934 914; x_wconf 89' lang='lat' dir='ltr'>debitum,</span> <span class='ocrx_word' id='word_1_53' title='bbox 1954 838 2102 900; x_wconf 88' lang='lat' dir='ltr'>utut</span> <span class='ocrx_word' id='word_1_54' title='bbox 2125 837 2391 902; x_wconf 81' lang='lat' dir='ltr'><strong>maxime</strong></span> <span class='ocrx_word' id='word_1_55' title='bbox 2416 838 2520 902; x_wconf 90' lang='lat' dir='ltr'>ille</span> <span class='ocrx_word' id='word_1_56' title='bbox 2539 839 2750 922; x_wconf 77' lang='lat' dir='ltr'>exigat</span> 
     </span>
     <span class='ocr_line' id='line_1_7' title="bbox 280 936 2748 1020; baseline 0.001 -19"><span class='ocrx_word' id='word_1_57' title='bbox 280 939 341 1001; x_wconf 88' lang='lat' dir='ltr'>et</span> <span class='ocrx_word' id='word_1_58' title='bbox 374 936 529 1001; x_wconf 83' lang='lat' dir='ltr'>velit</span> <span class='ocrx_word' id='word_1_59' title='bbox 560 938 827 1020; x_wconf 85' lang='lat' dir='ltr'>priorem</span> <span class='ocrx_word' id='word_1_60' title='bbox 860 957 1221 1003; x_wconf 88' lang='lat' dir='ltr'>consensum</span> <span class='ocrx_word' id='word_1_61' title='bbox 1254 957 1557 1002; x_wconf 83' lang='lat' dir='ltr'>revocare.</span> <span class='ocrx_word' id='word_1_62' title='bbox 1594 938 1803 1014; x_wconf 80' lang='lat' dir='ltr'>Ratio,</span> <span class='ocrx_word' id='word_1_63' title='bbox 1842 939 1989 1020; x_wconf 85' lang='lat' dir='ltr'>quia</span> <span class='ocrx_word' id='word_1_64' title='bbox 2024 938 2170 1002; x_wconf 90' lang='lat' dir='ltr'>licet</span> <span class='ocrx_word' id='word_1_65' title='bbox 2202 939 2360 1003; x_wconf 88' lang='lat' dir='ltr'>alter</span> <span class='ocrx_word' id='word_1_66' title='bbox 2384 959 2748 1004; x_wconf 87' lang='lat' dir='ltr'>consensum</span> 
     </span>
     <span class='ocr_line' id='line_1_8' title="bbox 280 1040 2748 1122; baseline 0.001 -18"><span class='ocrx_word' id='word_1_67' title='bbox 280 1059 393 1104; x_wconf 91' lang='lat' dir='ltr'>seu</span> <span class='ocrx_word' id='word_1_68' title='bbox 438 1040 775 1105; x_wconf 81' lang='lat' dir='ltr'><strong>cessionem</strong></span> <span class='ocrx_word' id='word_1_69' title='bbox 822 1041 975 1105; x_wconf 90' lang='lat' dir='ltr'>iuris</span> <span class='ocrx_word' id='word_1_70' title='bbox 1022 1042 1139 1105; x_wconf 89' lang='lat' dir='ltr'>sibi</span> <span class='ocrx_word' id='word_1_71' title='bbox 1173 1041 1249 1104; x_wconf 92' lang='lat' dir='ltr'>ab</span> <span class='ocrx_word' id='word_1_72' title='bbox 1298 1040 1493 1104; x_wconf 88' lang='lat' dir='ltr'>altera</span> <span class='ocrx_word' id='word_1_73' title='bbox 1540 1042 1713 1122; x_wconf 90' lang='lat' dir='ltr'>parte</span> <span class='ocrx_word' id='word_1_74' title='bbox 1761 1040 1991 1104; x_wconf 89' lang='lat' dir='ltr'>factam</span> <span class='ocrx_word' id='word_1_75' title='bbox 2037 1041 2301 1119; x_wconf 83' lang='lat' dir='ltr'>revocet,</span> <span class='ocrx_word' id='word_1_76' title='bbox 2341 1041 2492 1106; x_wconf 90' lang='lat' dir='ltr'>haec</span> <span class='ocrx_word' id='word_1_77' title='bbox 2538 1045 2748 1107; x_wconf 88' lang='lat' dir='ltr'>tamen</span> 
     </span>
     <span class='ocr_line' id='line_1_9' title="bbox 278 1143 2754 1226; baseline 0.001 -20"><span class='ocrx_word' id='word_1_78' title='bbox 278 1143 597 1207; x_wconf 79' lang='lat' dir='ltr'>revocatio</span> <span class='ocrx_word' id='word_1_79' title='bbox 648 1162 755 1207; x_wconf 90' lang='lat' dir='ltr'>seu</span> <span class='ocrx_word' id='word_1_80' title='bbox 793 1143 1075 1208; x_wconf 84' lang='lat' dir='ltr'>remissio</span> <span class='ocrx_word' id='word_1_81' title='bbox 1124 1163 1244 1208; x_wconf 90' lang='lat' dir='ltr'>non</span> <span class='ocrx_word' id='word_1_82' title='bbox 1290 1143 1593 1207; x_wconf 83' lang='lat' dir='ltr'>invalidat</span> <span class='ocrx_word' id='word_1_83' title='bbox 1640 1145 2051 1220; x_wconf 65' lang='lat' dir='ltr'>contractiun,</span> <span class='ocrx_word' id='word_1_84' title='bbox 2088 1163 2210 1225; x_wconf 88' lang='lat' dir='ltr'>quo</span> <span class='ocrx_word' id='word_1_85' title='bbox 2258 1147 2518 1226; x_wconf 84' lang='lat' dir='ltr'>uterque</span> <span class='ocrx_word' id='word_1_86' title='bbox 2565 1145 2754 1210; x_wconf 88' lang='lat' dir='ltr'>cessit</span> 
     </span>
     <span class='ocr_line' id='line_1_10' title="bbox 278 1243 2752 1327; baseline 0.001 -19"><span class='ocrx_word' id='word_1_87' title='bbox 278 1244 406 1308; x_wconf 88' lang='lat' dir='ltr'>iuri</span> <span class='ocrx_word' id='word_1_88' title='bbox 453 1263 586 1309; x_wconf 89' lang='lat' dir='ltr'>suo.</span> <span class='ocrx_word' id='word_1_89' title='bbox 620 1243 934 1309; x_wconf 91' lang='lat' dir='ltr'>Nimirum</span> <span class='ocrx_word' id='word_1_90' title='bbox 982 1247 1098 1310; x_wconf 88' lang='lat' dir='ltr'>etsi</span> <span class='ocrx_word' id='word_1_91' title='bbox 1146 1246 1240 1309; x_wconf 76' lang='lat' dir='ltr'>vir</span> <span class='ocrx_word' id='word_1_92' title='bbox 1285 1245 1569 1309; x_wconf 87' lang='lat' dir='ltr'>remittat</span> <span class='ocrx_word' id='word_1_93' title='bbox 1617 1245 1791 1308; x_wconf 82' lang='lat' dir='ltr'>uxori</span> <span class='ocrx_word' id='word_1_94' title='bbox 1839 1245 2172 1309; x_wconf 81' lang='lat' dir='ltr'>cessionem</span> <span class='ocrx_word' id='word_1_95' title='bbox 2219 1246 2392 1324; x_wconf 91' lang='lat' dir='ltr'>iuris,</span> <span class='ocrx_word' id='word_1_96' title='bbox 2429 1246 2593 1327; x_wconf 88' lang='lat' dir='ltr'>quod</span> <span class='ocrx_word' id='word_1_97' title='bbox 2639 1248 2752 1310; x_wconf 88' lang='lat' dir='ltr'>illa</span> 
     </span>
     <span class='ocr_line' id='line_1_11' title="bbox 279 1347 2749 1432; baseline 0 -21"><span class='ocrx_word' id='word_1_98' title='bbox 279 1348 475 1412; x_wconf 91' lang='lat' dir='ltr'>habet</span> <span class='ocrx_word' id='word_1_99' title='bbox 504 1347 782 1432; x_wconf 83' lang='lat' dir='ltr'>exigendi</span> <span class='ocrx_word' id='word_1_100' title='bbox 815 1348 1112 1427; x_wconf 88' lang='lat' dir='ltr'>debitum,</span> <span class='ocrx_word' id='word_1_101' title='bbox 1146 1368 1334 1431; x_wconf 89' lang='lat' dir='ltr'>quam</span> <span class='ocrx_word' id='word_1_102' title='bbox 1366 1349 1701 1413; x_wconf 81' lang='lat' dir='ltr'>cessionem</span> <span class='ocrx_word' id='word_1_103' title='bbox 1736 1347 1830 1410; x_wconf 77' lang='lat' dir='ltr'>vir</span> <span class='ocrx_word' id='word_1_104' title='bbox 1868 1350 2317 1431; x_wconf 84' lang='lat' dir='ltr'>acceptaverat,</span> <span class='ocrx_word' id='word_1_105' title='bbox 2354 1351 2560 1413; x_wconf 87' lang='lat' dir='ltr'>tamen</span> <span class='ocrx_word' id='word_1_106' title='bbox 2595 1368 2749 1414; x_wconf 83' lang='lat' dir='ltr'>uxor</span> 
     </span>
     <span class='ocr_line' id='line_1_12' title="bbox 280 1449 2747 1540; baseline 0 -26"><span class='ocrx_word' id='word_1_107' title='bbox 280 1471 403 1515; x_wconf 91' lang='lat' dir='ltr'>non</span> <span class='ocrx_word' id='word_1_108' title='bbox 439 1452 685 1515; x_wconf 90' lang='lat' dir='ltr'>tenetur</span> <span class='ocrx_word' id='word_1_109' title='bbox 716 1451 1059 1516; x_wconf 88' lang='lat' dir='ltr'>condonare</span> <span class='ocrx_word' id='word_1_110' title='bbox 1092 1451 1223 1515; x_wconf 86' lang='lat' dir='ltr'>viro</span> <span class='ocrx_word' id='word_1_111' title='bbox 1256 1451 1591 1540; x_wconf 81' lang='lat' dir='ltr'>cessionem</span> <span class='ocrx_word' id='word_1_112' title='bbox 1615 1449 1770 1513; x_wconf 88' lang='lat' dir='ltr'>iuris</span> <span class='ocrx_word' id='word_1_113' title='bbox 1795 1449 1856 1511; x_wconf 91' lang='lat' dir='ltr'>in</span> <span class='ocrx_word' id='word_1_114' title='bbox 1891 1469 2163 1526; x_wconf 81' lang='lat' dir='ltr'>uxorem,</span> <span class='ocrx_word' id='word_1_115' title='bbox 2192 1471 2381 1532; x_wconf 90' lang='lat' dir='ltr'>quam</span> <span class='ocrx_word' id='word_1_116' title='bbox 2414 1450 2747 1515; x_wconf 84' lang='lat' dir='ltr'>cessionem</span> 
     </span>
     <span class='ocr_line' id='line_1_13' title="bbox 281 1552 2753 1637; baseline 0 -21"><span class='ocrx_word' id='word_1_117' title='bbox 281 1573 316 1616; x_wconf 89' lang='lat' dir='ltr'>a</span> <span class='ocrx_word' id='word_1_118' title='bbox 365 1554 597 1617; x_wconf 87' lang='lat' dir='ltr'>marito</span> <span class='ocrx_word' id='word_1_119' title='bbox 645 1552 876 1617; x_wconf 88' lang='lat' dir='ltr'>factam</span> <span class='ocrx_word' id='word_1_120' title='bbox 933 1554 1378 1636; x_wconf 76' lang='lat' dir='ltr'>acceptaverat.</span> <span class='ocrx_word' id='word_1_121' title='bbox 1428 1553 1592 1637; x_wconf 86' lang='lat' dir='ltr'>Ergo</span> <span class='ocrx_word' id='word_1_122' title='bbox 1643 1552 1801 1616; x_wconf 89' lang='lat' dir='ltr'>alter</span> <span class='ocrx_word' id='word_1_123' title='bbox 1848 1552 2087 1616; x_wconf 87' lang='lat' dir='ltr'>ratione</span> <span class='ocrx_word' id='word_1_124' title='bbox 2136 1553 2302 1635; x_wconf 88' lang='lat' dir='ltr'>pacti</span> <span class='ocrx_word' id='word_1_125' title='bbox 2347 1553 2515 1616; x_wconf 90' lang='lat' dir='ltr'>licite</span> <span class='ocrx_word' id='word_1_126' title='bbox 2561 1557 2753 1637; x_wconf 84' lang='lat' dir='ltr'>negat</span> 
     </span>
     <span class='ocr_line' id='line_1_14' title="bbox 280 1653 2746 1739; baseline 0.001 -22"><span class='ocrx_word' id='word_1_127' title='bbox 280 1654 583 1718; x_wconf 85' lang='lat' dir='ltr'>debitum.</span> <span class='ocrx_word' id='word_1_128' title='bbox 617 1654 811 1737; x_wconf 84' lang='lat' dir='ltr'>Atqui</span> <span class='ocrx_word' id='word_1_129' title='bbox 845 1655 897 1719; x_wconf 91' lang='lat' dir='ltr'>si</span> <span class='ocrx_word' id='word_1_130' title='bbox 928 1655 1097 1719; x_wconf 90' lang='lat' dir='ltr'>licite</span> <span class='ocrx_word' id='word_1_131' title='bbox 1135 1658 1342 1739; x_wconf 84' lang='lat' dir='ltr'>negat,</span> <span class='ocrx_word' id='word_1_132' title='bbox 1378 1657 1622 1719; x_wconf 87' lang='lat' dir='ltr'>tenetur</span> <span class='ocrx_word' id='word_1_133' title='bbox 1654 1653 1781 1719; x_wconf 90' lang='lat' dir='ltr'>iam</span> <span class='ocrx_word' id='word_1_134' title='bbox 1815 1653 1892 1717; x_wconf 88' lang='lat' dir='ltr'>ad</span> <span class='ocrx_word' id='word_1_135' title='bbox 1924 1654 2275 1737; x_wconf 84' lang='lat' dir='ltr'>negandum</span> <span class='ocrx_word' id='word_1_136' title='bbox 2307 1654 2546 1719; x_wconf 89' lang='lat' dir='ltr'>ratione</span> <span class='ocrx_word' id='word_1_137' title='bbox 2579 1656 2746 1730; x_wconf 83' lang='lat' dir='ltr'>voti;</span> 
     </span>
     <span class='ocr_line' id='line_1_15' title="bbox 280 1755 2745 1841; baseline -0 -19"><span class='ocrx_word' id='word_1_138' title='bbox 280 1757 434 1840; x_wconf 90' lang='lat' dir='ltr'>quia</span> <span class='ocrx_word' id='word_1_139' title='bbox 483 1759 701 1821; x_wconf 82' lang='lat' dir='ltr'>votum</span> <span class='ocrx_word' id='word_1_140' title='bbox 736 1776 978 1821; x_wconf 86' lang='lat' dir='ltr'>servare</span> <span class='ocrx_word' id='word_1_141' title='bbox 1011 1759 1274 1833; x_wconf 89' lang='lat' dir='ltr'>tenetur,</span> <span class='ocrx_word' id='word_1_142' title='bbox 1311 1757 1553 1839; x_wconf 86' lang='lat' dir='ltr'>quoties</span> <span class='ocrx_word' id='word_1_143' title='bbox 1587 1759 1679 1821; x_wconf 87' lang='lat' dir='ltr'>est</span> <span class='ocrx_word' id='word_1_144' title='bbox 1712 1756 1785 1819; x_wconf 91' lang='lat' dir='ltr'>de</span> <span class='ocrx_word' id='word_1_145' title='bbox 1819 1775 1881 1820; x_wconf 92' lang='lat' dir='ltr'>re</span> <span class='ocrx_word' id='word_1_146' title='bbox 1926 1755 2120 1820; x_wconf 90' lang='lat' dir='ltr'>licita.</span> <span class='ocrx_word' id='word_1_147' title='bbox 2155 1756 2340 1841; x_wconf 84' lang='lat' dir='ltr'>Ergo.</span> <span class='ocrx_word' id='word_1_148' title='bbox 2376 1757 2568 1821; x_wconf 82' lang='lat' dir='ltr'>Addit</span> <span class='ocrx_word' id='word_1_149' title='bbox 2599 1758 2745 1821; x_wconf 87' lang='lat' dir='ltr'>ibid.</span> 
     </span>
     <span class='ocr_line' id='line_1_16' title="bbox 278 1859 2747 1942; baseline 0 -18"><span class='ocrx_word' id='word_1_150' title='bbox 278 1880 429 1924; x_wconf 90' lang='lat' dir='ltr'>cum</span> <span class='ocrx_word' id='word_1_151' title='bbox 453 1859 734 1924; x_wconf 82' lang='lat' dir='ltr'>Navarro</span> <span class='ocrx_word' id='word_1_152' title='bbox 769 1860 937 1924; x_wconf 90' lang='lat' dir='ltr'>aliud</span> <span class='ocrx_word' id='word_1_153' title='bbox 970 1878 1118 1936; x_wconf 87' lang='lat' dir='ltr'>esse,</span> <span class='ocrx_word' id='word_1_154' title='bbox 1155 1861 1207 1923; x_wconf 91' lang='lat' dir='ltr'>si</span> <span class='ocrx_word' id='word_1_155' title='bbox 1253 1859 1490 1923; x_wconf 88' lang='lat' dir='ltr'>nudum</span> <span class='ocrx_word' id='word_1_156' title='bbox 1521 1860 1775 1941; x_wconf 89' lang='lat' dir='ltr'>pactum</span> <span class='ocrx_word' id='word_1_157' title='bbox 1807 1860 2158 1941; x_wconf 75' lang='lat' dir='ltr'>praecessit,</span> <span class='ocrx_word' id='word_1_158' title='bbox 2187 1859 2375 1936; x_wconf 88' lang='lat' dir='ltr'>aliud,</span> <span class='ocrx_word' id='word_1_159' title='bbox 2412 1861 2463 1924; x_wconf 91' lang='lat' dir='ltr'>si</span> <span class='ocrx_word' id='word_1_160' title='bbox 2495 1862 2747 1942; x_wconf 90' lang='lat' dir='ltr'>pactum</span> 
     </span>
     <span class='ocr_line' id='line_1_17' title="bbox 279 1960 2749 2047; baseline 0 -22"><span class='ocrx_word' id='word_1_161' title='bbox 279 1963 440 2026; x_wconf 82' lang='lat' dir='ltr'>voto</span> <span class='ocrx_word' id='word_1_162' title='bbox 486 1960 821 2025; x_wconf 88' lang='lat' dir='ltr'>firmatum.</span> <span class='ocrx_word' id='word_1_163' title='bbox 863 1961 1026 2026; x_wconf 86' lang='lat' dir='ltr'>Nam</span> <span class='ocrx_word' id='word_1_164' title='bbox 1074 1962 1127 2026; x_wconf 90' lang='lat' dir='ltr'>si</span> <span class='ocrx_word' id='word_1_165' title='bbox 1173 1961 1407 2025; x_wconf 88' lang='lat' dir='ltr'>nudum</span> <span class='ocrx_word' id='word_1_166' title='bbox 1455 1962 1575 2026; x_wconf 89' lang='lat' dir='ltr'>fuit</span> <span class='ocrx_word' id='word_1_167' title='bbox 1621 1965 1894 2044; x_wconf 89' lang='lat' dir='ltr'>pactum,</span> <span class='ocrx_word' id='word_1_168' title='bbox 1934 1961 2101 2025; x_wconf 88' lang='lat' dir='ltr'>licite</span> <span class='ocrx_word' id='word_1_169' title='bbox 2149 1963 2410 2044; x_wconf 90' lang='lat' dir='ltr'>possunt</span> <span class='ocrx_word' id='word_1_170' title='bbox 2455 1963 2749 2047; x_wconf 88' lang='lat' dir='ltr'>coniuges</span> 
     </span>
     <span class='ocr_line' id='line_1_18' title="bbox 278 2064 2751 2148; baseline 0 -19"><span class='ocrx_word' id='word_1_171' title='bbox 278 2066 514 2129; x_wconf 90' lang='lat' dir='ltr'>mutuo</span> <span class='ocrx_word' id='word_1_172' title='bbox 561 2083 857 2129; x_wconf 89' lang='lat' dir='ltr'>consensu</span> <span class='ocrx_word' id='word_1_173' title='bbox 921 2065 997 2128; x_wconf 92' lang='lat' dir='ltr'>ab</span> <span class='ocrx_word' id='word_1_174' title='bbox 1053 2064 1161 2129; x_wconf 92' lang='lat' dir='ltr'>illo</span> <span class='ocrx_word' id='word_1_175' title='bbox 1223 2064 1530 2140; x_wconf 71' lang='lat' dir='ltr'>recedere,</span> <span class='ocrx_word' id='word_1_176' title='bbox 1581 2065 1727 2146; x_wconf 86' lang='lat' dir='ltr'>quia</span> <span class='ocrx_word' id='word_1_177' title='bbox 1791 2064 2213 2146; x_wconf 89' lang='lat' dir='ltr'>unusquisque</span> <span class='ocrx_word' id='word_1_178' title='bbox 2274 2066 2481 2148; x_wconf 90' lang='lat' dir='ltr'>potest</span> <span class='ocrx_word' id='word_1_179' title='bbox 2541 2065 2751 2130; x_wconf 88' lang='lat' dir='ltr'>cedere</span> 
     </span>
     <span class='ocr_line' id='line_1_19' title="bbox 275 2165 2751 2252; baseline 0 -21"><span class='ocrx_word' id='word_1_180' title='bbox 275 2167 413 2233; x_wconf 89' lang='lat' dir='ltr'>iuri</span> <span class='ocrx_word' id='word_1_181' title='bbox 444 2187 574 2231; x_wconf 88' lang='lat' dir='ltr'>su0.</span> <span class='ocrx_word' id='word_1_182' title='bbox 608 2168 742 2232; x_wconf 94' lang='lat' dir='ltr'>Imo</span> <span class='ocrx_word' id='word_1_183' title='bbox 769 2167 821 2231; x_wconf 91' lang='lat' dir='ltr'>si</span> <span class='ocrx_word' id='word_1_184' title='bbox 847 2168 1146 2232; x_wconf 85' lang='lat' dir='ltr'>alteruter</span> <span class='ocrx_word' id='word_1_185' title='bbox 1170 2169 1503 2252; x_wconf 84' lang='lat' dir='ltr'>coniugum</span> <span class='ocrx_word' id='word_1_186' title='bbox 1536 2169 1710 2251; x_wconf 88' lang='lat' dir='ltr'>petat</span> <span class='ocrx_word' id='word_1_187' title='bbox 1750 2170 1812 2231; x_wconf 89' lang='lat' dir='ltr'>et</span> <span class='ocrx_word' id='word_1_188' title='bbox 1843 2165 2013 2250; x_wconf 88' lang='lat' dir='ltr'>(post</span> <span class='ocrx_word' id='word_1_189' title='bbox 2051 2169 2332 2250; x_wconf 86' lang='lat' dir='ltr'>pactum)</span> <span class='ocrx_word' id='word_1_190' title='bbox 2366 2187 2427 2233; x_wconf 89' lang='lat' dir='ltr'>se</span> <span class='ocrx_word' id='word_1_191' title='bbox 2463 2169 2751 2233; x_wconf 87' lang='lat' dir='ltr'>ostendat</span> 
     </span>
     <span class='ocr_line' id='line_1_20' title="bbox 273 2269 2754 2354; baseline 0 -20"><span class='ocrx_word' id='word_1_192' title='bbox 273 2288 658 2354; x_wconf 88' lang='lat' dir='ltr'>propensum</span> <span class='ocrx_word' id='word_1_193' title='bbox 691 2272 827 2346; x_wconf 61' lang='lat' dir='ltr'>etc„</span> <span class='ocrx_word' id='word_1_194' title='bbox 864 2271 1021 2334; x_wconf 91' lang='lat' dir='ltr'>alter</span> <span class='ocrx_word' id='word_1_195' title='bbox 1057 2270 1303 2334; x_wconf 79' lang='lat' dir='ltr'>deberet</span> <span class='ocrx_word' id='word_1_196' title='bbox 1339 2270 1832 2346; x_wconf 86' lang='lat' dir='ltr'>condescendere,</span> <span class='ocrx_word' id='word_1_197' title='bbox 1867 2269 1959 2333; x_wconf 89' lang='lat' dir='ltr'>sin</span> <span class='ocrx_word' id='word_1_198' title='bbox 1992 2270 2199 2334; x_wconf 89' lang='lat' dir='ltr'>minus</span> <span class='ocrx_word' id='word_1_199' title='bbox 2231 2291 2303 2334; x_wconf 80' lang='lat' dir='ltr'>ex</span> <span class='ocrx_word' id='word_1_200' title='bbox 2333 2271 2599 2348; x_wconf 86' lang='lat' dir='ltr'>iustitia,</span> <span class='ocrx_word' id='word_1_201' title='bbox 2634 2272 2754 2336; x_wconf 87' lang='lat' dir='ltr'>sal·</span> 
     </span>
     <span class='ocr_line' id='line_1_21' title="bbox 274 2371 2754 2456; baseline 0 -18"><span class='ocrx_word' id='word_1_202' title='bbox 274 2375 414 2438; x_wconf 89' lang='lat' dir='ltr'>tem</span> <span class='ocrx_word' id='word_1_203' title='bbox 464 2391 535 2436; x_wconf 81' lang='lat' dir='ltr'>ex</span> <span class='ocrx_word' id='word_1_204' title='bbox 582 2372 787 2436; x_wconf 87' lang='lat' dir='ltr'>debito</span> <span class='ocrx_word' id='word_1_205' title='bbox 824 2373 1186 2449; x_wconf 75' lang='lat' dir='ltr'>honestatiS,</span> <span class='ocrx_word' id='word_1_206' title='bbox 1223 2373 1319 2436; x_wconf 87' lang='lat' dir='ltr'>vel</span> <span class='ocrx_word' id='word_1_207' title='bbox 1358 2372 1548 2436; x_wconf 88' lang='lat' dir='ltr'>etiam</span> <span class='ocrx_word' id='word_1_208' title='bbox 1585 2371 1888 2447; x_wconf 77' lang='lat' dir='ltr'>caritatiS‚</span> <span class='ocrx_word' id='word_1_209' title='bbox 1925 2371 1977 2435; x_wconf 92' lang='lat' dir='ltr'>si</span> <span class='ocrx_word' id='word_1_210' title='bbox 2017 2373 2177 2435; x_wconf 90' lang='lat' dir='ltr'>alter</span> <span class='ocrx_word' id='word_1_211' title='bbox 2223 2373 2286 2436; x_wconf 88' lang='lat' dir='ltr'>in</span> <span class='ocrx_word' id='word_1_212' title='bbox 2320 2373 2591 2456; x_wconf 89' lang='lat' dir='ltr'>periculo</span> <span class='ocrx_word' id='word_1_213' title='bbox 2625 2394 2754 2438; x_wconf 80' lang='lat' dir='ltr'>ver-</span> 
     </span>
     <span class='ocr_line' id='line_1_22' title="bbox 273 2474 2753 2558; baseline -0 -17"><span class='ocrx_word' id='word_1_214' title='bbox 273 2478 478 2541; x_wconf 85' lang='lat' dir='ltr'>setur.</span> <span class='ocrx_word' id='word_1_215' title='bbox 529 2475 615 2538; x_wconf 87' lang='lat' dir='ltr'>At</span> <span class='ocrx_word' id='word_1_216' title='bbox 661 2494 782 2539; x_wconf 88' lang='lat' dir='ltr'>non</span> <span class='ocrx_word' id='word_1_217' title='bbox 814 2476 925 2544; x_wconf 80' lang='lat' dir='ltr'>ita.</span> <span class='ocrx_word' id='word_1_218' title='bbox 961 2475 1014 2540; x_wconf 88' lang='lat' dir='ltr'>si</span> <span class='ocrx_word' id='word_1_219' title='bbox 1062 2475 1317 2540; x_wconf 89' lang='lat' dir='ltr'>accessit</span> <span class='ocrx_word' id='word_1_220' title='bbox 1362 2477 1608 2550; x_wconf 77' lang='lat' dir='ltr'>votum3</span> <span class='ocrx_word' id='word_1_221' title='bbox 1650 2493 1757 2557; x_wconf 89' lang='lat' dir='ltr'>per</span> <span class='ocrx_word' id='word_1_222' title='bbox 1789 2475 1905 2538; x_wconf 88' lang='lat' dir='ltr'>hoc</span> <span class='ocrx_word' id='word_1_223' title='bbox 1937 2474 2100 2538; x_wconf 89' lang='lat' dir='ltr'>enim</span> <span class='ocrx_word' id='word_1_224' title='bbox 2134 2475 2357 2539; x_wconf 78' lang='lat' dir='ltr'>coniux</span> <span class='ocrx_word' id='word_1_225' title='bbox 2390 2476 2753 2558; x_wconf 87' lang='lat' dir='ltr'>prohibetur</span> 
     </span>
     <span class='ocr_line' id='line_1_23' title="bbox 270 2577 2750 2663; baseline 0 -20"><span class='ocrx_word' id='word_1_226' title='bbox 270 2579 409 2644; x_wconf 88' lang='lat' dir='ltr'>iuri</span> <span class='ocrx_word' id='word_1_227' title='bbox 442 2598 556 2643; x_wconf 92' lang='lat' dir='ltr'>suo</span> <span class='ocrx_word' id='word_1_228' title='bbox 582 2598 687 2662; x_wconf 90' lang='lat' dir='ltr'>per</span> <span class='ocrx_word' id='word_1_229' title='bbox 710 2581 963 2663; x_wconf 88' lang='lat' dir='ltr'>pactum</span> <span class='ocrx_word' id='word_1_230' title='bbox 990 2578 1291 2662; x_wconf 86' lang='lat' dir='ltr'>acquisito</span> <span class='ocrx_word' id='word_1_231' title='bbox 1325 2578 1551 2651; x_wconf 86' lang='lat' dir='ltr'>cedere,</span> <span class='ocrx_word' id='word_1_232' title='bbox 1587 2577 1709 2641; x_wconf 91' lang='lat' dir='ltr'>iuri</span> <span class='ocrx_word' id='word_1_233' title='bbox 1731 2597 1950 2661; x_wconf 90' lang='lat' dir='ltr'>nempe</span> <span class='ocrx_word' id='word_1_234' title='bbox 1982 2597 2102 2642; x_wconf 88' lang='lat' dir='ltr'>non</span> <span class='ocrx_word' id='word_1_235' title='bbox 2129 2578 2420 2642; x_wconf 89' lang='lat' dir='ltr'>reddendi</span> <span class='ocrx_word' id='word_1_236' title='bbox 2451 2578 2750 2643; x_wconf 89' lang='lat' dir='ltr'>debitum.</span> 
     </span>
    </p>

    <p class='ocr_par' dir='ltr' id='par_1_4' title="bbox 264 2682 2755 3994">
     <span class='ocr_line' id='line_1_24' title="bbox 370 2682 2748 2765; baseline 0 -18"><span class='ocrx_word' id='word_1_237' title='bbox 370 2682 571 2748; x_wconf 85' lang='lat' dir='ltr'>Addit</span> <span class='ocrx_word' id='word_1_238' title='bbox 594 2682 740 2747; x_wconf 85' lang='lat' dir='ltr'>ibid.</span> <span class='ocrx_word' id='word_1_239' title='bbox 768 2704 869 2746; x_wconf 91' lang='lat' dir='ltr'>nn.</span> <span class='ocrx_word' id='word_1_240' title='bbox 902 2683 958 2747; x_wconf 88' lang='lat'>7.</span> <span class='ocrx_word' id='word_1_241' title='bbox 988 2683 1047 2747; x_wconf 80' lang='lat'>8.</span> <span class='ocrx_word' id='word_1_242' title='bbox 1075 2683 1237 2765; x_wconf 90' lang='lat' dir='ltr'>quod</span> <span class='ocrx_word' id='word_1_243' title='bbox 1264 2683 1333 2758; x_wconf 90' lang='lat' dir='ltr'>si,</span> <span class='ocrx_word' id='word_1_244' title='bbox 1363 2685 1504 2765; x_wconf 89' lang='lat' dir='ltr'>post</span> <span class='ocrx_word' id='word_1_245' title='bbox 1529 2685 1766 2760; x_wconf 85' lang='lat' dir='ltr'>votum,</span> <span class='ocrx_word' id='word_1_246' title='bbox 1794 2684 2045 2764; x_wconf 87' lang='lat' dir='ltr'>pactum</span> <span class='ocrx_word' id='word_1_247' title='bbox 2080 2684 2387 2760; x_wconf 83' lang='lat' dir='ltr'>revocent,</span> <span class='ocrx_word' id='word_1_248' title='bbox 2415 2702 2537 2748; x_wconf 91' lang='lat' dir='ltr'>non</span> <span class='ocrx_word' id='word_1_249' title='bbox 2562 2684 2748 2748; x_wconf 91' lang='lat' dir='ltr'>modo</span> 
     </span>
     <span class='ocr_line' id='line_1_25' title="bbox 271 2784 2751 2869; baseline 0 -17"><span class='ocrx_word' id='word_1_250' title='bbox 271 2787 509 2852; x_wconf 90' lang='lat' dir='ltr'>contra</span> <span class='ocrx_word' id='word_1_251' title='bbox 540 2786 757 2849; x_wconf 83' lang='lat' dir='ltr'>votum</span> <span class='ocrx_word' id='word_1_252' title='bbox 778 2786 926 2850; x_wconf 83' lang='lat' dir='ltr'>tunc</span> <span class='ocrx_word' id='word_1_253' title='bbox 950 2787 1230 2869; x_wconf 80' lang='lat' dir='ltr'>peccant3</span> <span class='ocrx_word' id='word_1_254' title='bbox 1259 2785 1405 2866; x_wconf 86' lang='lat' dir='ltr'>quia</span> <span class='ocrx_word' id='word_1_255' title='bbox 1433 2803 1646 2867; x_wconf 88' lang='lat' dir='ltr'>nempe</span> <span class='ocrx_word' id='word_1_256' title='bbox 1673 2784 1750 2847; x_wconf 91' lang='lat' dir='ltr'>ad</span> <span class='ocrx_word' id='word_1_257' title='bbox 1783 2785 2152 2849; x_wconf 79' lang='lat' dir='ltr'>servandum</span> <span class='ocrx_word' id='word_1_258' title='bbox 2179 2787 2418 2862; x_wconf 85' lang='lat' dir='ltr'>votum,</span> <span class='ocrx_word' id='word_1_259' title='bbox 2458 2789 2751 2853; x_wconf 88' lang='lat' dir='ltr'>tenentur</span> 
     </span>
     <span class='ocr_line' id='line_1_26' title="bbox 269 2887 2749 2970; baseline 0 -15"><span class='ocrx_word' id='word_1_260' title='bbox 269 2908 533 2955; x_wconf 84' lang='lat' dir='ltr'>servare</span> <span class='ocrx_word' id='word_1_261' title='bbox 564 2888 663 2952; x_wconf 90' lang='lat' dir='ltr'>ius</span> <span class='ocrx_word' id='word_1_262' title='bbox 696 2908 815 2953; x_wconf 90' lang='lat' dir='ltr'>non</span> <span class='ocrx_word' id='word_1_263' title='bbox 847 2888 1163 2953; x_wconf 88' lang='lat' dir='ltr'>reddendi:</span> <span class='ocrx_word' id='word_1_264' title='bbox 1198 2887 1301 2951; x_wconf 87' lang='lat' dir='ltr'>sed</span> <span class='ocrx_word' id='word_1_265' title='bbox 1333 2888 1520 2952; x_wconf 89' lang='lat' dir='ltr'>etiam</span> <span class='ocrx_word' id='word_1_266' title='bbox 1553 2887 1814 2970; x_wconf 86' lang='lat' dir='ltr'>petendo</span> <span class='ocrx_word' id='word_1_267' title='bbox 1855 2890 1967 2951; x_wconf 89' lang='lat' dir='ltr'>aut</span> <span class='ocrx_word' id='word_1_268' title='bbox 1997 2887 2300 2953; x_wconf 88' lang='lat' dir='ltr'>reddendo</span> <span class='ocrx_word' id='word_1_269' title='bbox 2335 2890 2632 2967; x_wconf 88' lang='lat' dir='ltr'>debitum,</span> <span class='ocrx_word' id='word_1_270' title='bbox 2684 2894 2749 2956; x_wconf 91' lang='lat' dir='ltr'>et</span> 
     </span>
     <span class='ocr_line' id='line_1_27' title="bbox 267 2991 2746 3075; baseline -0.001 -18"><span class='ocrx_word' id='word_1_271' title='bbox 267 2996 551 3073; x_wconf 82' lang='lat' dir='ltr'>uterque</span> <span class='ocrx_word' id='word_1_272' title='bbox 596 2991 660 3056; x_wconf 85' lang='lat' dir='ltr'>vi</span> <span class='ocrx_word' id='word_1_273' title='bbox 705 2992 837 3056; x_wconf 83' lang='lat' dir='ltr'>voti</span> <span class='ocrx_word' id='word_1_274' title='bbox 886 2992 1131 3056; x_wconf 87' lang='lat' dir='ltr'>tenetur</span> <span class='ocrx_word' id='word_1_275' title='bbox 1190 2991 1480 3055; x_wconf 86' lang='lat' dir='ltr'>reiterare</span> <span class='ocrx_word' id='word_1_276' title='bbox 1528 2992 1781 3072; x_wconf 86' lang='lat' dir='ltr'>pactum</span> <span class='ocrx_word' id='word_1_277' title='bbox 1844 2992 1907 3054; x_wconf 89' lang='lat' dir='ltr'>et</span> <span class='ocrx_word' id='word_1_278' title='bbox 1971 2991 2416 3075; x_wconf 86' lang='lat' dir='ltr'>obligationem</span> <span class='ocrx_word' id='word_1_279' title='bbox 2461 2993 2746 3057; x_wconf 86' lang='lat' dir='ltr'>reddendi</span> 
     </span>
     <span class='ocr_line' id='line_1_28' title="bbox 264 3091 2750 3177; baseline -0 -19"><span class='ocrx_word' id='word_1_280' title='bbox 264 3093 571 3158; x_wconf 88' lang='lat' dir='ltr'>debitum</span> <span class='ocrx_word' id='word_1_281' title='bbox 616 3092 878 3157; x_wconf 81' lang='lat' dir='ltr'>invicem</span> <span class='ocrx_word' id='word_1_282' title='bbox 925 3094 1150 3157; x_wconf 88' lang='lat' dir='ltr'>iterum</span> <span class='ocrx_word' id='word_1_283' title='bbox 1198 3092 1530 3156; x_wconf 88' lang='lat' dir='ltr'>remittere.</span> <span class='ocrx_word' id='word_1_284' title='bbox 1565 3091 1739 3157; x_wconf 85' lang='lat' dir='ltr'>Nihil</span> <span class='ocrx_word' id='word_1_285' title='bbox 1787 3111 1933 3177; x_wconf 85' lang='lat' dir='ltr'>ergo</span> <span class='ocrx_word' id='word_1_286' title='bbox 1982 3091 2297 3175; x_wconf 90' lang='lat' dir='ltr'>prodesset</span> <span class='ocrx_word' id='word_1_287' title='bbox 2329 3094 2478 3157; x_wconf 87' lang='lat' dir='ltr'>haec</span> <span class='ocrx_word' id='word_1_288' title='bbox 2526 3095 2750 3158; x_wconf 86' lang='lat' dir='ltr'>mutua</span> 
     </span>
     <span class='ocr_line' id='line_1_29' title="bbox 266 3192 2749 3280; baseline 0 -20"><span class='ocrx_word' id='word_1_289' title='bbox 266 3195 549 3261; x_wconf 88' lang='lat' dir='ltr'>collusio</span> <span class='ocrx_word' id='word_1_290' title='bbox 599 3195 676 3259; x_wconf 91' lang='lat' dir='ltr'>ad</span> <span class='ocrx_word' id='word_1_291' title='bbox 722 3195 968 3278; x_wconf 86' lang='lat' dir='ltr'>culpam</span> <span class='ocrx_word' id='word_1_292' title='bbox 1015 3195 1353 3259; x_wconf 82' lang='lat' dir='ltr'>vitandam.</span> <span class='ocrx_word' id='word_1_293' title='bbox 1404 3192 1470 3258; x_wconf 86' lang='lat' dir='ltr'>Si</span> <span class='ocrx_word' id='word_1_294' title='bbox 1517 3197 1743 3267; x_wconf 86' lang='lat' dir='ltr'>tamen,</span> <span class='ocrx_word' id='word_1_295' title='bbox 1795 3197 2127 3278; x_wconf 86' lang='lat' dir='ltr'>postquam</span> <span class='ocrx_word' id='word_1_296' title='bbox 2162 3199 2610 3261; x_wconf 82' lang='lat' dir='ltr'>revocaverunt</span> <span class='ocrx_word' id='word_1_297' title='bbox 2647 3217 2749 3280; x_wconf 89' lang='lat' dir='ltr'>pa-</span> 
     </span>
     <span class='ocr_line' id='line_1_30' title="bbox 265 3297 2754 3381; baseline -0 -17"><span class='ocrx_word' id='word_1_298' title='bbox 265 3302 463 3364; x_wconf 86' lang='lat' dir='ltr'>ctum</span> <span class='ocrx_word' id='word_1_299' title='bbox 496 3298 558 3361; x_wconf 88' lang='lat' dir='ltr'>et</span> <span class='ocrx_word' id='word_1_300' title='bbox 603 3297 739 3362; x_wconf 89' lang='lat' dir='ltr'>ideo</span> <span class='ocrx_word' id='word_1_301' title='bbox 772 3298 890 3362; x_wconf 90' lang='lat' dir='ltr'>sibi</span> <span class='ocrx_word' id='word_1_302' title='bbox 926 3298 1296 3362; x_wconf 88' lang='lat' dir='ltr'>remiserunt</span> <span class='ocrx_word' id='word_1_303' title='bbox 1331 3297 1592 3361; x_wconf 90' lang='lat' dir='ltr'>invicem</span> <span class='ocrx_word' id='word_1_304' title='bbox 1634 3297 2079 3381; x_wconf 84' lang='lat' dir='ltr'>obligationem</span> <span class='ocrx_word' id='word_1_305' title='bbox 2127 3316 2250 3361; x_wconf 90' lang='lat' dir='ltr'>non</span> <span class='ocrx_word' id='word_1_306' title='bbox 2284 3299 2550 3379; x_wconf 88' lang='lat' dir='ltr'>petendi,</span> <span class='ocrx_word' id='word_1_307' title='bbox 2593 3301 2754 3365; x_wconf 90' lang='lat' dir='ltr'>alter</span> 
     </span>
     <span class='ocr_line' id='line_1_31' title="bbox 267 3400 2752 3481; baseline 0.001 -15"><span class='ocrx_word' id='word_1_308' title='bbox 267 3403 544 3466; x_wconf 88' lang='lat' dir='ltr'>tantum</span> <span class='ocrx_word' id='word_1_309' title='bbox 591 3401 778 3465; x_wconf 88' lang='lat' dir='ltr'>istam</span> <span class='ocrx_word' id='word_1_310' title='bbox 825 3401 1280 3464; x_wconf 83' lang='lat' dir='ltr'>revocationem</span> <span class='ocrx_word' id='word_1_311' title='bbox 1327 3400 1493 3481; x_wconf 83' lang='lat' dir='ltr'>pacti</span> <span class='ocrx_word' id='word_1_312' title='bbox 1540 3403 1926 3476; x_wconf 83' lang='lat' dir='ltr'>retractaret,</span> <span class='ocrx_word' id='word_1_313' title='bbox 1970 3401 2128 3464; x_wconf 90' lang='lat' dir='ltr'>alter</span> <span class='ocrx_word' id='word_1_314' title='bbox 2175 3417 2319 3464; x_wconf 84' lang='lat' dir='ltr'>vero</span> <span class='ocrx_word' id='word_1_315' title='bbox 2368 3400 2580 3478; x_wconf 90' lang='lat' dir='ltr'>nollet,</span> <span class='ocrx_word' id='word_1_316' title='bbox 2629 3423 2752 3468; x_wconf 90' lang='lat' dir='ltr'>non</span> 
     </span>
     <span class='ocr_line' id='line_1_32' title="bbox 265 3500 2754 3588; baseline 0 -18"><span class='ocrx_word' id='word_1_317' title='bbox 265 3503 524 3588; x_wconf 84' lang='lat' dir='ltr'>poterit</span> <span class='ocrx_word' id='word_1_318' title='bbox 570 3503 817 3584; x_wconf 89' lang='lat' dir='ltr'>quidem</span> <span class='ocrx_word' id='word_1_319' title='bbox 863 3503 1030 3586; x_wconf 91' lang='lat' dir='ltr'>prior</span> <span class='ocrx_word' id='word_1_320' title='bbox 1078 3502 1342 3566; x_wconf 81' lang='lat' dir='ltr'>alterum</span> <span class='ocrx_word' id='word_1_321' title='bbox 1392 3500 1469 3564; x_wconf 90' lang='lat' dir='ltr'>ad</span> <span class='ocrx_word' id='word_1_322' title='bbox 1517 3501 1773 3564; x_wconf 89' lang='lat' dir='ltr'>eandem</span> <span class='ocrx_word' id='word_1_323' title='bbox 1819 3502 2273 3565; x_wconf 85' lang='lat' dir='ltr'>revocationem</span> <span class='ocrx_word' id='word_1_324' title='bbox 2327 3519 2570 3583; x_wconf 75' lang='lat' dir='ltr'>cogere3</span> <span class='ocrx_word' id='word_1_325' title='bbox 2606 3507 2754 3584; x_wconf 88' lang='lat' dir='ltr'>quia</span> 
     </span>
     <span class='ocr_line' id='line_1_33' title="bbox 268 3601 2755 3684; baseline -0.001 -13"><span class='ocrx_word' id='word_1_326' title='bbox 268 3608 419 3671; x_wconf 89' lang='lat' dir='ltr'>iam</span> <span class='ocrx_word' id='word_1_327' title='bbox 452 3604 638 3670; x_wconf 88' lang='lat' dir='ltr'>cessit</span> <span class='ocrx_word' id='word_1_328' title='bbox 668 3604 741 3669; x_wconf 89' lang='lat' dir='ltr'>de</span> <span class='ocrx_word' id='word_1_329' title='bbox 774 3604 938 3669; x_wconf 85' lang='lat' dir='ltr'>facto</span> <span class='ocrx_word' id='word_1_330' title='bbox 970 3604 1092 3668; x_wconf 89' lang='lat' dir='ltr'>iuri</span> <span class='ocrx_word' id='word_1_331' title='bbox 1126 3622 1237 3668; x_wconf 89' lang='lat' dir='ltr'>suo</span> <span class='ocrx_word' id='word_1_332' title='bbox 1272 3605 1334 3667; x_wconf 92' lang='lat' dir='ltr'>et</span> <span class='ocrx_word' id='word_1_333' title='bbox 1381 3601 1629 3684; x_wconf 88' lang='lat' dir='ltr'>quidem</span> <span class='ocrx_word' id='word_1_334' title='bbox 1666 3602 1868 3665; x_wconf 82' lang='lat' dir='ltr'>valide</span> <span class='ocrx_word' id='word_1_335' title='bbox 1901 3602 2106 3683; x_wconf 85' lang='lat' dir='ltr'>quoad</span> <span class='ocrx_word' id='word_1_336' title='bbox 2146 3601 2476 3677; x_wconf 82' lang='lat' dir='ltr'>iustitiam,</span> <span class='ocrx_word' id='word_1_337' title='bbox 2519 3605 2580 3665; x_wconf 84' lang='lat' dir='ltr'>et</span> <span class='ocrx_word' id='word_1_338' title='bbox 2617 3605 2755 3669; x_wconf 88' lang='lat' dir='ltr'>ideo</span> 
     </span>
     <span class='ocr_line' id='line_1_34' title="bbox 268 3702 2755 3790; baseline -0.002 -17"><span class='ocrx_word' id='word_1_339' title='bbox 268 3710 327 3773; x_wconf 84' lang='lat' dir='ltr'>si</span> <span class='ocrx_word' id='word_1_340' title='bbox 387 3706 577 3771; x_wconf 86' lang='lat' dir='ltr'>alteri</span> <span class='ocrx_word' id='word_1_341' title='bbox 623 3706 857 3790; x_wconf 88' lang='lat' dir='ltr'>petenti</span> <span class='ocrx_word' id='word_1_342' title='bbox 903 3705 1120 3770; x_wconf 86' lang='lat' dir='ltr'>reddat</span> <span class='ocrx_word' id='word_1_343' title='bbox 1166 3705 1462 3780; x_wconf 86' lang='lat' dir='ltr'>debitum,</span> <span class='ocrx_word' id='word_1_344' title='bbox 1513 3704 1632 3767; x_wconf 90' lang='lat' dir='ltr'>erit</span> <span class='ocrx_word' id='word_1_345' title='bbox 1663 3703 1725 3767; x_wconf 89' lang='lat' dir='ltr'>in</span> <span class='ocrx_word' id='word_1_346' title='bbox 1760 3703 1970 3767; x_wconf 90' lang='lat' dir='ltr'>eadem</span> <span class='ocrx_word' id='word_1_347' title='bbox 2003 3702 2372 3779; x_wconf 88' lang='lat' dir='ltr'>conditione,</span> <span class='ocrx_word' id='word_1_348' title='bbox 2410 3722 2479 3767; x_wconf 91' lang='lat' dir='ltr'>ac</span> <span class='ocrx_word' id='word_1_349' title='bbox 2510 3704 2616 3768; x_wconf 90' lang='lat' dir='ltr'>ille</span> <span class='ocrx_word' id='word_1_350' title='bbox 2649 3707 2755 3786; x_wconf 90' lang='lat' dir='ltr'>qui</span> 
     </span>
     <span class='ocr_line' id='line_1_35' title="bbox 268 3805 2755 3895; baseline -0.001 -19"><span class='ocrx_word' id='word_1_351' title='bbox 268 3812 343 3876; x_wconf 85' lang='lat' dir='ltr'>in</span> <span class='ocrx_word' id='word_1_352' title='bbox 390 3810 686 3895; x_wconf 84' lang='lat' dir='ltr'>coniugio</span> <span class='ocrx_word' id='word_1_353' title='bbox 732 3810 971 3895; x_wconf 86' lang='lat' dir='ltr'>ligatur</span> <span class='ocrx_word' id='word_1_354' title='bbox 1018 3810 1164 3873; x_wconf 86' lang='lat' dir='ltr'>voto</span> <span class='ocrx_word' id='word_1_355' title='bbox 1214 3806 1545 3883; x_wconf 57' lang='lat' dir='ltr'>castitatis</span> <span class='ocrx_word' id='word_1_356' title='bbox 1581 3810 1641 3871; x_wconf 89' lang='lat' dir='ltr'>et</span> <span class='ocrx_word' id='word_1_357' title='bbox 1680 3805 1984 3870; x_wconf 89' lang='lat' dir='ltr'>reddendo</span> <span class='ocrx_word' id='word_1_358' title='bbox 2036 3825 2158 3870; x_wconf 89' lang='lat' dir='ltr'>non</span> <span class='ocrx_word' id='word_1_359' title='bbox 2205 3806 2482 3889; x_wconf 87' lang='lat' dir='ltr'>peccabit</span> <span class='ocrx_word' id='word_1_360' title='bbox 2528 3807 2755 3873; x_wconf 87' lang='lat' dir='ltr'>directe</span> 
     </span>
     <span class='ocr_line' id='line_1_36' title="bbox 267 3908 2349 3994; baseline -0.002 -16"><span class='ocrx_word' id='word_1_361' title='bbox 267 3915 512 3980; x_wconf 90' lang='lat' dir='ltr'>contra</span> <span class='ocrx_word' id='word_1_362' title='bbox 549 3932 734 3977; x_wconf 90' lang='lat' dir='ltr'>suum</span> <span class='ocrx_word' id='word_1_363' title='bbox 781 3915 1029 3987; x_wconf 78' lang='lat' dir='ltr'>votum;</span> <span class='ocrx_word' id='word_1_364' title='bbox 1080 3911 1225 3994; x_wconf 89' lang='lat' dir='ltr'>quia</span> <span class='ocrx_word' id='word_1_365' title='bbox 1272 3912 1400 3974; x_wconf 88' lang='lat' dir='ltr'>iam</span> <span class='ocrx_word' id='word_1_366' title='bbox 1446 3928 1569 3973; x_wconf 89' lang='lat' dir='ltr'>non</span> <span class='ocrx_word' id='word_1_367' title='bbox 1617 3910 1864 3973; x_wconf 85' lang='lat' dir='ltr'>tenetur</span> <span class='ocrx_word' id='word_1_368' title='bbox 1911 3928 2033 3973; x_wconf 91' lang='lat' dir='ltr'>non</span> <span class='ocrx_word' id='word_1_369' title='bbox 2080 3908 2349 3973; x_wconf 90' lang='lat' dir='ltr'>reddere.</span> 
     </span>
    </p>

    <p class='ocr_par' dir='ltr' id='par_1_5' title="bbox 265 4011 2760 4406">
     <span class='ocr_line' id='line_1_37' title="bbox 376 4011 2758 4097; baseline -0.002 -16"><span class='ocrx_word' id='word_1_370' title='bbox 376 4016 555 4081; x_wconf 85' lang='lat' dir='ltr'>Haec</span> <span class='ocrx_word' id='word_1_371' title='bbox 587 4015 841 4093; x_wconf 86' lang='lat' dir='ltr'>Suarez;</span> <span class='ocrx_word' id='word_1_372' title='bbox 892 4016 1068 4080; x_wconf 88' lang='lat' dir='ltr'>cuius</span> <span class='ocrx_word' id='word_1_373' title='bbox 1116 4013 1455 4079; x_wconf 85' lang='lat' dir='ltr'>sententiae</span> <span class='ocrx_word' id='word_1_374' title='bbox 1505 4013 1679 4077; x_wconf 89' lang='lat' dir='ltr'>nobis</span> <span class='ocrx_word' id='word_1_375' title='bbox 1727 4011 2084 4096; x_wconf 88' lang='lat' dir='ltr'>proderunt,</span> <span class='ocrx_word' id='word_1_376' title='bbox 2125 4012 2271 4077; x_wconf 89' lang='lat' dir='ltr'>licet</span> <span class='ocrx_word' id='word_1_377' title='bbox 2304 4012 2579 4095; x_wconf 89' lang='lat' dir='ltr'>alioquin</span> <span class='ocrx_word' id='word_1_378' title='bbox 2627 4014 2758 4097; x_wconf 82' lang='lat' dir='ltr'>ipse</span> 
     </span>
     <span class='ocr_line' id='line_1_38' title="bbox 265 4114 2753 4205; baseline -0.002 -20"><span class='ocrx_word' id='word_1_379' title='bbox 265 4121 424 4185; x_wconf 79' lang='lat' dir='ltr'>viro</span> <span class='ocrx_word' id='word_1_380' title='bbox 454 4123 638 4205; x_wconf 88' lang='lat' dir='ltr'>neget</span> <span class='ocrx_word' id='word_1_381' title='bbox 661 4119 1029 4183; x_wconf 87' lang='lat' dir='ltr'>facultatem</span> <span class='ocrx_word' id='word_1_382' title='bbox 1052 4115 1341 4181; x_wconf 83' lang='lat' dir='ltr'>irritandi</span> <span class='ocrx_word' id='word_1_383' title='bbox 1364 4114 1591 4178; x_wconf 77' lang='lat' dir='ltr'>directe</span> <span class='ocrx_word' id='word_1_384' title='bbox 1617 4117 1766 4180; x_wconf 80' lang='lat' dir='ltr'>vota</span> <span class='ocrx_word' id='word_1_385' title='bbox 1793 4116 2001 4180; x_wconf 78' lang='lat' dir='ltr'>uxoris</span> <span class='ocrx_word' id='word_1_386' title='bbox 2028 4116 2101 4179; x_wconf 81' lang='lat' dir='ltr'>de</span> <span class='ocrx_word' id='word_1_387' title='bbox 2145 4115 2273 4180; x_wconf 79' lang='lat' dir='ltr'>Vot.</span> <span class='ocrx_word' id='word_1_388' title='bbox 2301 4114 2408 4178; x_wconf 90' lang='lat' dir='ltr'>lib.</span> <span class='ocrx_word' id='word_1_389' title='bbox 2445 4116 2504 4179; x_wconf 80' lang='lat'>6.</span> <span class='ocrx_word' id='word_1_390' title='bbox 2533 4135 2664 4199; x_wconf 90' lang='lat' dir='ltr'>cap.</span> <span class='ocrx_word' id='word_1_391' title='bbox 2693 4120 2753 4180; x_wconf 84' lang='lat'>4.</span> 
     </span>
     <span class='ocr_line' id='line_1_39' title="bbox 266 4218 2760 4303; baseline -0.001 -16"><span class='ocrx_word' id='word_1_392' title='bbox 266 4245 392 4289; x_wconf 92' lang='lat' dir='ltr'>nn.</span> <span class='ocrx_word' id='word_1_393' title='bbox 432 4222 580 4285; x_wconf 89' lang='lat'>1.-4.</span> <span class='ocrx_word' id='word_1_394' title='bbox 609 4220 780 4301; x_wconf 86' lang='lat' dir='ltr'>Quae</span> <span class='ocrx_word' id='word_1_395' title='bbox 805 4220 1054 4303; x_wconf 90' lang='lat' dir='ltr'>quidem</span> <span class='ocrx_word' id='word_1_396' title='bbox 1086 4218 1410 4293; x_wconf 89' lang='lat' dir='ltr'>sententia,</span> <span class='ocrx_word' id='word_1_397' title='bbox 1440 4219 1512 4281; x_wconf 91' lang='lat' dir='ltr'>ut</span> <span class='ocrx_word' id='word_1_398' title='bbox 1548 4218 1702 4282; x_wconf 89' lang='lat' dir='ltr'>alias</span> <span class='ocrx_word' id='word_1_399' title='bbox 1730 4218 2018 4296; x_wconf 78' lang='lat' dir='ltr'>vidimuS,</span> <span class='ocrx_word' id='word_1_400' title='bbox 2056 4218 2151 4283; x_wconf 89' lang='lat' dir='ltr'>est</span> <span class='ocrx_word' id='word_1_401' title='bbox 2180 4218 2386 4282; x_wconf 89' lang='lat' dir='ltr'>minus</span> <span class='ocrx_word' id='word_1_402' title='bbox 2419 4218 2760 4302; x_wconf 90' lang='lat' dir='ltr'>probabilis</span> 
     </span>
     <span class='ocr_line' id='line_1_40' title="bbox 267 4324 899 4406; baseline -0.008 -15"><span class='ocrx_word' id='word_1_403' title='bbox 267 4328 345 4391; x_wconf 88' lang='lat' dir='ltr'>et</span> <span class='ocrx_word' id='word_1_404' title='bbox 392 4325 603 4389; x_wconf 91' lang='lat' dir='ltr'>minus</span> <span class='ocrx_word' id='word_1_405' title='bbox 634 4324 899 4406; x_wconf 90' lang='lat' dir='ltr'>recepta.</span> 
     </span>
    </p>

    <p class='ocr_par' dir='ltr' id='par_1_6' title="bbox 260 4422 2761 4711">
     <span class='ocr_line' id='line_1_41' title="bbox 386 4422 2761 4505; baseline -0.003 -8"><span class='ocrx_word' id='word_1_406' title='bbox 386 4422 539 4496; x_wconf 76' lang='grc'><strong>691.</strong></span> <span class='ocrx_word' id='word_1_407' title='bbox 567 4425 654 4489; x_wconf 86' lang='lat' dir='ltr'>At</span> <span class='ocrx_word' id='word_1_408' title='bbox 677 4425 871 4489; x_wconf 88' lang='lat' dir='ltr'>eritne</span> <span class='ocrx_word' id='word_1_409' title='bbox 896 4424 1108 4489; x_wconf 91' lang='lat' dir='ltr'>eadem</span> <span class='ocrx_word' id='word_1_410' title='bbox 1133 4423 1464 4500; x_wconf 90' lang='lat' dir='ltr'>conclusio,</span> <span class='ocrx_word' id='word_1_411' title='bbox 1486 4423 1729 4505; x_wconf 87' lang='lat' dir='ltr'>quando</span> <span class='ocrx_word' id='word_1_412' title='bbox 1759 4424 2134 4489; x_wconf 85' lang='lat' dir='ltr'>admittatur</span> <span class='ocrx_word' id='word_1_413' title='bbox 2151 4426 2211 4488; x_wconf 89' lang='lat' dir='ltr'>in</span> <span class='ocrx_word' id='word_1_414' title='bbox 2237 4426 2464 4491; x_wconf 90' lang='lat' dir='ltr'>marito</span> <span class='ocrx_word' id='word_1_415' title='bbox 2490 4426 2761 4491; x_wconf 87' lang='lat' dir='ltr'>facultas</span> 
     </span>
     <span class='ocr_line' id='line_1_42' title="bbox 260 4525 2761 4602; baseline -0.002 -7"><span class='ocrx_word' id='word_1_416' title='bbox 260 4528 581 4596; x_wconf 85' lang='lat' dir='ltr'>irritandi</span> <span class='ocrx_word' id='word_1_417' title='bbox 619 4529 758 4592; x_wconf 90' lang='lat' dir='ltr'>tum</span> <span class='ocrx_word' id='word_1_418' title='bbox 790 4526 1017 4590; x_wconf 88' lang='lat' dir='ltr'>directe</span> <span class='ocrx_word' id='word_1_419' title='bbox 1048 4528 1188 4590; x_wconf 91' lang='lat' dir='ltr'>tum</span> <span class='ocrx_word' id='word_1_420' title='bbox 1220 4525 1512 4589; x_wconf 81' lang='lat' dir='ltr'>indirecte</span> <span class='ocrx_word' id='word_1_421' title='bbox 1539 4526 1687 4588; x_wconf 83' lang='lat' dir='ltr'>vota</span> <span class='ocrx_word' id='word_1_422' title='bbox 1722 4526 1949 4602; x_wconf 80' lang='lat' dir='ltr'>uxoris,</span> <span class='ocrx_word' id='word_1_423' title='bbox 1994 4527 2052 4589; x_wconf 87' lang='grc'>111</span> <span class='ocrx_word' id='word_1_424' title='bbox 2089 4546 2274 4591; x_wconf 76' lang='lat' dir='ltr'>uxore</span> <span class='ocrx_word' id='word_1_425' title='bbox 2314 4548 2456 4594; x_wconf 78' lang='lat' dir='ltr'>vero</span> <span class='ocrx_word' id='word_1_426' title='bbox 2491 4528 2761 4593; x_wconf 82' lang='lat' dir='ltr'>facultas</span> 
     </span>
     <span class='ocr_line' id='line_1_43' title="bbox 262 4626 2672 4711; baseline -0.001 -13"><span class='ocrx_word' id='word_1_427' title='bbox 262 4631 591 4698; x_wconf 85' lang='lat' dir='ltr'>indirecte</span> <span class='ocrx_word' id='word_1_428' title='bbox 622 4628 909 4693; x_wconf 87' lang='lat' dir='ltr'>irritandi</span> <span class='ocrx_word' id='word_1_429' title='bbox 943 4630 1090 4693; x_wconf 87' lang='lat' dir='ltr'>vota</span> <span class='ocrx_word' id='word_1_430' title='bbox 1115 4626 1348 4704; x_wconf 90' lang='lat' dir='ltr'>mariti,</span> <span class='ocrx_word' id='word_1_431' title='bbox 1383 4645 1541 4708; x_wconf 90' lang='lat' dir='ltr'>quae</span> <span class='ocrx_word' id='word_1_432' title='bbox 1580 4627 1643 4690; x_wconf 92' lang='lat' dir='ltr'>in</span> <span class='ocrx_word' id='word_1_433' title='bbox 1674 4627 2136 4691; x_wconf 88' lang='lat' dir='ltr'>incommodum</span> <span class='ocrx_word' id='word_1_434' title='bbox 2174 4629 2370 4711; x_wconf 90' lang='lat' dir='ltr'>ipsius</span> <span class='ocrx_word' id='word_1_435' title='bbox 2405 4632 2672 4696; x_wconf 80' lang='lat' dir='ltr'>cedant?</span> 
     </span>
    </p>
   </div>
  </div>
 </body>
</html>
