3497 5147
430 312 614 387 [1111]
781 327 932 375 Qum
970 327 1369 375 ammanus
1407 331 1491 371 AD
1530 330 1824 373 1811]an
1861 332 2379 377 nccnnsms‘ncuu
2415 336 2546 378 mo.
2781 322 2887 379 827

437 425 543 487 22.
590 423 741 487 febr.
783 421 973 485 1804.
1014 420 1475 500 SanctissimuS,
1516 426 1676 491 veris
1724 428 2161 494 exsistentibus
2207 431 2478 497 narratis
2525 431 2702 514 (quid
2751 451 2894 497 vero

433 524 772 590 narrarunt
786 525 843 608 Ρ)
874 523 1134 609 benigne
1183 526 1403 591 annuit
1436 547 1559 606 pro
1603 530 1819 608 qratia
1862 532 2039 597 iuxta
2077 533 2302 615 petita:
2345 533 2901 599 constitutionibus

436 629 587 695 dicti
619 627 864 692 Ordinis
898 627 1158 709 aliisque
1190 630 1517 694 contrariis
1548 649 1672 696 non
1707 633 2101 699 obstantibus
2133 636 2248 700 etc.
2284 661 2347 698 ».

528 731 643 798 Sed
691 732 844 796 haec
887 732 1202 814 responsio
1250 751 1372 795 non
1419 732 1610 796 solvit
1655 736 2101 816 quaestionem.
2150 737 2290 803 Non
2336 739 2500 803 recte
2546 739 2903 821 quaesitum

439 834 562 897 est:
604 854 690 896 an
720 832 808 895 sit
824 832 1058 912 piscis:
1090 833 1237 915 quia
1269 833 1555 917 negative
1586 836 2074 917 respondendum
2107 838 2286 916 foret,
2322 840 2376 904 si
2407 840 2472 904 id
2503 842 2904 922 quaereretur

440 935 633 1000 etiam
679 933 752 999 de
797 934 1126 1000 limacibus
1172 954 1281 999 nec
1326 937 1536 1000 tamen
1582 938 1927 1003 solveretur
1971 942 2411 1019 controversia,
2448 962 2526 1007 an
2574 943 2759 1008 liceat
2806 943 2904 1007 his

442 1038 605 1104 vesci
650 1038 747 1101 die
791 1037 1026 1103 ieiunii.
1062 1038 1300 1102 Iterum
1344 1057 1467 1104 non
1499 1039 1924 1106 confundenda
1956 1045 2261 1124 quaestio,
2295 1063 2444 1109 uum
2482 1045 2689 1110 cibum
2719 1046 2903 1111 illum

443 1140 842 1205 admitterent
866 1136 1359 1206 Constitutiones
1390 1140 1562 1205 illius
1599 1142 1864 1221 Ordinis,
1900 1165 2040 1208 cum
2074 1147 2437 1228 quaestione
2462 1147 2622 1213 circa
2656 1166 2907 1212 consue-

443 1241 723 1307 tudinem
770 1242 833 1305 et
879 1241 1377 1308 aestimationem
1423 1243 1718 1309 fidelium.
1760 1246 1925 1331 Ergo
1973 1248 2125 1312 haec
2162 1250 2444 1330 quaestio
2479 1268 2588 1332 pro
2622 1249 2908 1313 fidelibus

445 1344 656 1409 eodem
681 1343 817 1408 loco
842 1346 936 1408 est
969 1363 1039 1407 ac
1070 1344 1242 1426 prius
1273 1364 1384 1409 nec
1414 1347 1743 1430 scrupulus
1778 1348 2161 1427 injiciendus,
2189 1351 2296 1414 ubi
2329 1351 2709 1415 consuetudo
2737 1351 2910 1435 viget

442 1448 647 1512 fulicis
678 1446 979 1512 vescendi.
1013 1449 1290 1529 Denique
1338 1449 1756 1515 concessiones
1806 1453 1867 1515 et
1900 1453 2390 1535 dispensationes
2437 1472 2559 1518 non
2607 1453 2911 1518 dirimunt

444 1554 871 1636 quaestionem
916 1551 1349 1628 theoreticam3
1391 1571 1538 1616 nam
1574 1552 2062 1636 dispensationes
2095 1555 2454 1637 saepissime
2486 1553 2558 1617 ad
2595 1554 2908 1618 conscien-

443 1656 569 1720 tiae
605 1653 1130 1735 tranquillitatem
1162 1653 1407 1730 dantur,
1444 1653 1743 1736 quidquid
1778 1655 1863 1719 sit
1894 1675 1971 1721 an
2010 1656 2466 1738 dispensatione
2498 1656 2583 1719 sit
2616 1674 2790 1739 opus.

537 1755 682 1828 1111.
716 1757 925 1823 Aliam
970 1756 1340 1822 Benedictus
1372 1756 1542 1821 XIV.
1583 1758 1646 1822 in
1695 1759 1825 1823 suis
1865 1757 2435 1825 Constitutionibus
2482 1760 2683 1844 legem
2733 1758 2904 1833 tulit,

447 1881 557 1927 seu
587 1862 797 1946 potius
830 1860 1069 1925 addidit
1103 1859 1519 1924 conditionem
1550 1861 1997 1946 dispensationi
2034 1863 2195 1927 circa
2234 1863 2678 1927 abstinentiam
2713 1849 2910 1926 acar-

446 1966 647 2043 nibus,
689 1965 754 2028 et
797 1962 1128 2047 praecepit,
1165 1963 1241 2026 ut
1285 1962 1398 2040 illi,
1433 1962 1541 2045 qui
1586 1963 1651 2027 in
1698 1964 1912 2029 diebus
1958 1965 2174 2030 ieiunii
2207 1965 2271 2031 vi
2302 1964 2779 2048 dispensationis
2813 1983 2910 2027 ve·

448 2069 702 2133 scantur
732 2066 1038 2143 carnibus,
1072 2083 1194 2128 non
1240 2065 1483 2148 possint
1513 2066 1701 2131 simul
1747 2068 1811 2131 in
1842 2066 2056 2132 eadem
2101 2067 2476 2133 comestione
2508 2067 2673 2131 vesci
2719 2065 2908 2131 etiam

450 2170 738 2253 piscibus.
774 2169 857 2231 Et
900 2167 1124 2231 idcirco
1174 2169 1459 2230 accurate
1493 2166 1668 2252 Gury
1713 2170 1757 2232 l.
1793 2190 1842 2232 c.
1879 2190 1936 2251 q.
1976 2172 2034 2233 5.
2071 2170 2499 2252 quaestionem
2532 2169 2685 2233 facit
2715 2169 2788 2231 dc
2820 2167 2912 2230 di-

450 2273 798 2353 spensatis,·
832 2271 980 2352 quia
1026 2272 1121 2335 est
1166 2270 1436 2335 conditio
1485 2272 1771 2354 apposita
1808 2272 1906 2350 iis,
1946 2273 2053 2354 qui
2084 2271 2574 2353 dispensationis
2621 2269 2912 2349 beneficio

450 2375 712 2457 possunt
741 2392 953 2438 carnes
985 2372 1179 2438 edere.

540 2478 640 2542 lta
670 2477 734 2541 in
766 2477 965 2560 prima
998 2474 1262 2541 Constit.
1297 2476 1449 2540 Non
1480 2477 1854 2559 ambiyimus
1874 2499 1894 2540 .·
1939 2503 1974 2537 ‹<
2005 2478 2316 2543 Nolumus
2349 2480 2560 2545 tamen
2599 2495 2708 2541 vos
2741 2476 2914 2561 igno-

449 2601 605 2659 rare,
647 2601 789 2645 cum
835 2579 1139 2644 eiusmodi
1186 2581 1550 2646 necessitate
1584 2581 2004 2666 (dispensandi
2037 2581 2241 2664 quoad
2289 2601 2464 2646 esum
2509 2580 2818 2662 carnium)
2850 2580 2915 2644 et

452 2683 818 2749 servandam
857 2701 988 2746 esse
1018 2682 1416 2765 potissimum
1446 2683 1694 2747 unicam
1720 2685 2160 2750 comestionem
2194 2684 2357 2749 sicut
2390 2684 2608 2747 aliaS...
2637 2701 2916 2764 expresse

453 2785 959 2868 praescripsimus
998 2786 1060 2847 et
1091 2784 1295 2848 licitas
1329 2786 1516 2866 atque
1553 2786 1970 2852 contradictas
2003 2788 2219 2871 epulas
2267 2786 2615 2871 promiscue
2660 2785 2915 2854 minime

456 2886 847 2972 apponendas
894 2904 1024 2952 esse
1057 2911 1119 2950 ».
1652 2877 1655 2882 ’

544 2991 626 3054 Et
662 2991 726 3055 in
758 3009 882 3074 seq.
917 2987 1257 3054 Constitut.
1291 2989 1378 3053 In
1411 2988 1747 3071 Suprema:
1794 3015 1829 3048 «
1863 2990 2366 3076 Quibuscumque
2415 2993 2479 3057 et
2524 3009 2914 3075 quacumque

457 3094 837 3159 occasione...
886 3091 1226 3176 dispensari
1286 3093 1682 3176 contingerit,
1731 3093 1811 3157 ab
1859 3093 2144 3158 omnibus
2207 3096 2478 3171 omnino,
2526 3095 2768 3160 nemine
2815 3113 2919 3158 ex-

458 3200 655 3282 cepte,
704 3197 951 3262 unicam
1012 3197 1451 3262 comestionem
1514 3196 1880 3262 servandam
1927 3197 1990 3259 et
2045 3195 2251 3259 licitas
2317 3200 2503 3280 atque
2558 3196 2919 3261 interdictas

458 3302 671 3383 epulas
703 3300 955 3364 minime
983 3318 1115 3363 esse
1146 3299 1535 3384 apponendas
1575 3301 1787 3364 tenore
1825 3298 2241 3378 praesentium
2275 3298 2660 3365 declaramus
2685 3302 2757 3365 et
2795 3298 2919 3363 edi-

462 3421 659 3466 cimus
692 3427 754 3464 ».

550 3503 833 3583 Quatuor
876 3503 1125 3583 insuper
1155 3503 1453 3567 habemus
1486 3502 1933 3567 declarationes
1972 3503 2132 3566 circa
2164 3503 2315 3567 haec
2353 3504 2414 3566 in
2453 3505 2718 3586 epistola
2758 3505 2921 3571 eius-

465 3604 602 3669 dem
634 3603 950 3669 Benedicti
972 3603 1144 3668 XIV.
1172 3603 1249 3668 ad
1273 3605 1648 3688 Episcopum
1680 3601 2253 3684 Compostellanum
2280 3606 2338 3668 8.
2367 3606 2485 3669 Iul.
2518 3607 2733 3679 1744„
2761 3626 2920 3688 quae

464 3706 727 3788 epistola
762 3707 995 3772 inserta
1018 3709 1112 3771 est
1136 3707 1359 3771 tertiae
1390 3706 1462 3771 de
1488 3707 1602 3771 hoc
1635 3707 2003 3790 argumento
2030 3706 2301 3770 eiusdem
2333 3707 2652 3772 Pontificis
2678 3705 2925 3771 Consti-

464 3809 714 3888 tutioni‚
749 3829 907 3892 quae
937 3809 1157 3894 incipit
1187 3809 1628 3874 Libentissime
1661 3809 1788 3873 dat.
1828 3809 1929 3874 10.
1965 3810 2084 3873 Iul.
2125 3809 2317 3873 1745.

552 3913 765 3976 Prima
811 3912 1146 3978 declaratio
1195 3914 1290 3978 est
1333 3913 1495 3976 circa
1553 3910 1998 3996 obligationem
2053 3912 2191 3976 tum
2244 3911 2461 3976 unicae
2508 3911 2923 3989 comestionis„

462 4017 601 4081 tum
624 4035 748 4080 non
772 4014 1173 4099 permiscendi
1199 4014 1431 4098 epulas,
1460 4013 1699 4078 Statuit
1725 4013 1887 4077 enim
1911 4012 2195 4078 Pontifex
2226 4014 2291 4077 1⁰
2315 4015 2429 4078 sub
2452 4014 2633 4099 gravi
2658 4013 2928 4097 obligari

462 4120 571 4203 qui
601 4117 978 4202 dispensant,
1028 4136 1104 4181 ne
1151 4117 1273 4180 alia
1311 4116 1660 4184 conditione
1707 4115 2078 4198 dispensent,
2114 4118 2183 4180 2⁰
2215 4118 2330 4182 sub
2376 4116 2555 4202 gravi
2594 4114 2925 4180 servandas

464 4242 594 4288 esse
625 4224 806 4286 hasce
853 4219 1253 4285 conditiones,
1294 4220 1457 4283 Nam
1505 4220 1580 4284 ad
1619 4220 2075 4302 quaestionem:
2122 4246 2157 4279 a<
2189 4220 2420 4286 Utrum
2454 4240 2612 4303 quae
2653 4220 2713 4284 in
2761 4220 2931 4284 ante-

466 4326 648 4394 dictis
680 4324 911 4390 nostris
946 4323 1177 4388 litteris
1208 4323 1270 4385 in
1305 4322 1503 4386 forma
1536 4322 1753 4387 Brevis
1790 4322 1864 4387 de
1895 4323 2078 4388 unica
2110 4324 2484 4392 comestione
2523 4325 2586 4388 et
2618 4323 2690 4388 de
2729 4322 2930 4408 epulis

465 4449 590 4496 non
636 4426 1069 4513 permiscendis
1128 4425 1650 4509 praescribuntur,
1706 4425 1824 4490 sub
1877 4427 2057 4511 gravi
2103 4428 2295 4492 etiam
2351 4429 2674 4511 praecepto
2723 4427 2932 4511 prohi—

468 4534 782 4599 beantur?
841 4529 1341 4614 Respondemus:
1400 4526 1815 4596 Concedentcs
1874 4529 2239 4595 facultatem
2301 4531 2582 4595 vescendi
2643 4530 2933 4595 carnibus
