3497 5147
361 313 508 389 [919]
1118 330 1204 370 311
1240 329 1501 372 maru.
1540 331 1626 370 3111
1662 328 2083 372 ensium-om».
2721 316 2828 370 681.

362 445 487 492 11311
534 425 719 491 1113ᾱο
752 426 1082 509 temporali
1137 426 1242 491 sed
1278 428 1471 495 etiam
1526 428 1810 490 aeternae
1840 427 2043 503 vitae;
2093 425 2418 492 dicendum
2472 428 2586 503 est,
2634 427 2830 491 teneri

362 530 629 593 matrem
664 527 741 591 ad
772 527 1134 593 incisionem
1173 528 1548 611 patiendam,
1582 528 1729 593 licet
1762 528 1957 592 saluti
2006 530 2290 593 aeternae
2323 528 2514 611 prolis
2562 528 2831 612 prospici

363 630 548 697 aliter
585 632 814 713 posset.
869 628 1235 712 Requiritur
1264 632 1494 707 tamen,
1550 632 1622 695 ut
1658 631 1843 714 longe
1875 629 2254 713 probabilior
2298 631 2383 694 sit
2421 649 2559 713 spes
2604 630 2828 695 salutis

362 732 555 816 prolis
588 732 778 796 simul
808 733 874 797 et
908 732 1158 809 matris3
1193 752 1338 796 nam
1369 752 1546 797 secus
1581 752 1691 816 pro
1714 734 1951 797 incerta
1983 752 2088 816 spe
2120 733 2287 797 vitae
2319 732 2677 817 temporalis
2714 731 2832 796 filii

364 835 645 918 (aeterna
691 834 855 900 enim
886 835 1092 898 curari
1124 835 1307 899 aliter
1337 836 1564 919 potest,
1598 837 1672 900 ut
1700 835 1998 918 diximus)
2035 841 2157 899 non
2187 836 2435 900 tenetur
2463 836 2664 900 mater
2696 853 2832 918 pro·

364 937 568 1002 babile
604 938 950 1021 periculum
981 937 1149 1002 vitae
1181 956 1331 1003 suae
1362 938 1589 1003 subire.
1624 937 1685 1002 S.
1727 937 1912 1021 Alph.
1953 936 2061 1003 lib.
2104 938 2163 1000 6.
2198 957 2259 1001 11.
2298 937 2424 1001 106
2457 937 2571 1021 (3).

456 1037 609 1111 918.
644 1039 703 1104 N
708 1059 786 1105 on
833 1041 1047 1104 autem
1090 1040 1240 1105 licet
1269 1040 1511 1124 puellae
1557 1039 1855 1125 gravidae
1894 1057 2223 1123 procurare
2262 1039 2572 1116 abortum,
2621 1059 2697 1104 ne
2745 1038 2832 1103 fa·

365 1162 535 1208 mam
568 1143 825 1207 amittat
857 1144 971 1208 aut
1004 1161 1081 1207 ne
1113 1142 1264 1224 quid
1296 1162 1485 1227 grave
1511 1142 1588 1207 ab
1621 1141 1763 1207 aliis
1787 1142 2088 1225 patiatur.
2129 1139 2288 1205 Sane
2326 1143 2400 1206 ut
2431 1142 2599 1207 licite
2632 1143 2830 1225 possis

365 1263 619 1310 causam
666 1263 887 1328 ponere
943 1244 1163 1309 mortis
1210 1243 1398 1327 (idem
1448 1244 1636 1309 dicito
1690 1243 1765 1308 de
1802 1244 2024 1327 quovis
2058 1243 2315 1308 alterius
2363 1243 2618 1327 damno)
2661 1243 2834 1307 inno-

365 1347 582 1423 centis,
640 1347 886 1429 oportet
922 1346 1134 1424 etiam,
1175 1347 1249 1411 ut
1302 1346 1669 1412 occisionem
1699 1365 1896 1428 neque
1950 1348 2024 1411 ut
2067 1346 2253 1410 finem
2285 1345 2587 1423 intendas,
2636 1364 2833 1428 neque

368 1467 652 1514 assumas
684 1449 757 1513 ut
789 1447 1063 1513 medium
1111 1448 1189 1512 ad
1222 1448 1417 1512 alium
1440 1448 1625 1514 finem
1657 1448 1953 1532 (utroque
1991 1449 2155 1513 enim
2185 1448 2370 1513 modo
2419 1448 2646 1510 directe
2694 1466 2832 1512 eam

369 1550 614 1633 velles);
662 1550 770 1615 sed
806 1551 1056 1616 tantum
1102 1549 1401 1614 indirecte
1455 1569 1593 1615 eam
1653 1550 1901 1626 inferas
1965 1550 2203 1614 scilicet
2255 1549 2532 1632 ponendo
2578 1568 2832 1615 causam

368 1652 551 1718 istius
599 1652 820 1717 mortis
865 1670 987 1717 non
1034 1652 1287 1735 propter
1330 1652 1846 1730 coniunctionem,
1903 1670 2094 1735 quam
2152 1650 2364 1716 eadem
2412 1670 2598 1716 causa
2646 1652 2835 1717 habet

368 1774 512 1819 cum
549 1774 619 1820 eo
658 1755 878 1819 effectu
908 1774 1019 1819 seu
1041 1756 1242 1820 morte
1278 1755 1639 1833 innocentis,
1679 1755 1784 1819 sed
1822 1755 2027 1820 solum
2057 1755 2308 1838 propter
2337 1755 2833 1820 coniunctionem

371 1876 560 1940 quam
590 1854 780 1921 habet
809 1876 1000 1937 aeque
1030 1854 1454 1920 immediatam
1484 1876 1626 1921 cum
1658 1857 1784 1922 alio
1818 1856 2055 1921 effectu.
2090 1855 2190 1921 Sic
2208 1856 2370 1921 enim
2397 1856 2457 1921 id
2477 1858 2613 1941 agis
2644 1859 2833 1940 atque

373 1960 660 2038 intendis,
696 1962 1003 2042 quatenus
1041 1960 1325 2025 iunctum
1358 1963 1453 2025 est
1489 1980 1633 2025 cum
1679 1960 1901 2025 effectu
1931 1960 2100 2025 licite
2133 1960 2474 2044 appetibili,
2517 1980 2636 2025 non
2685 1981 2834 2043 qua-

371 2065 554 2129 tenus
591 2081 698 2146 per
728 2062 1005 2129 accidens
1043 2081 1268 2127 nexum
1323 2065 1419 2128 est
1472 2082 1615 2128 cum
1652 2063 1778 2128 alio
1826 2062 2065 2142 effectu,
2106 2082 2291 2145 quem
2350 2063 2664 2129 intendere
2710 2082 2832 2129 non

371 2166 567 2249 potes,
599 2166 746 2230 licet
780 2164 978 2249 possis
1012 2184 1155 2230 eum
1185 2184 1258 2230 ex
1296 2165 1464 2230 iusta
1495 2184 1683 2230 causa
1731 2165 2105 2249 permittere.
2149 2166 2344 2231 Porro
2391 2166 2456 2230 in
2503 2167 2833 2251 hypothesi

373 2268 630 2333 abortus
662 2268 1003 2333 assumitur
1034 2271 1107 2333 ut
1152 2267 1427 2333 medium
1480 2266 1709 2332 directe
1755 2268 2022 2333 electum
2069 2268 2148 2333 ad
2188 2268 2589 2333 obtinendum
2639 2269 2833 2333 alium

374 2369 579 2448 finem,
615 2369 692 2433 ad
730 2389 913 2453 quem
944 2370 1196 2453 insuper
1228 2371 1484 2435 abortus
1522 2389 1629 2454 per
1660 2390 1724 2434 se
1756 2389 2148 2452 nequaquam
2180 2369 2457 2434 ordinem
2488 2370 2677 2435 habet
2721 2389 2832 2435 ceu

372 2472 451 2537 ad
494 2491 681 2538 suum
728 2472 1031 2537 effectum.
1068 2474 1141 2536 ln
1177 2473 1403 2555 quibus
1435 2472 1636 2537 elucet
1681 2472 1909 2555 duplex
1952 2474 2135 2549 ratio,
2177 2471 2255 2537 ob
2301 2491 2489 2554 quam
2536 2472 2832 2537 damnata
2924 2520 2927 2523 -

371 2576 499 2641 fuit
525 2577 604 2642 ab
642 2577 958 2642 Innocent.
992 2576 1104 2640 XI.
1146 2577 1487 2660 propositio
1522 2597 1580 2641 n.
1617 2577 1761 2641 34.:
1796 2576 1976 2640 Ia'eet
1989 2594 2338 2658 procurare
2370 2575 2658 2639 abortum
2686 2581 2833 2641 ante

368 2681 813 2743 animationem
856 2678 1075 2759 foetam,
1123 2699 1200 2744 ne
1234 2676 1457 2761 puella
1502 2678 1882 2761 deprehensa
1926 2680 2192 2761 yravida
2236 2676 2555 2743 occidatur
2581 2683 2698 2742 aut
2740 2680 2835 2742 in-

369 2780 658 2862 fametur.

462 2881 613 2954 919.
642 2887 676 2923 *
694 2885 900 2969 Atque
933 2886 1084 2950 haec
1129 2885 1202 2949 de
1249 2885 1474 2949 abortu
1522 2904 1631 2950 seu
1677 2885 1895 2967 partus
1928 2883 2367 2949 acceleratione
2412 2887 2830 2968 praematura.

370 2988 515 3053 Alia
563 2989 657 3053 est
704 2989 1025 3071 quaestio:
1073 3007 1151 3053 an
1198 2986 1534 3053 identidem
1578 2985 1767 3052 liceat
1812 3005 1884 3051 ea
1932 2987 2229 3070 operatio,
2279 3007 2438 3070 quae
2482 2988 2834 3051 imminutio

369 3091 589 3172 foetus,
615 3091 1017 3168 exenterata,
1043 3089 1545 3169 cephalotrzfflia,
1577 3089 1990 3153 craniotomia
2011 3089 2257 3166 dicitur,
2283 3109 2406 3171 qua
2439 3090 2837 3153 imminuitur

370 3212 480 3259 seu
517 3195 763 3258 secatur
799 3192 1023 3270 foetus,
1056 3196 1131 3258 ut
1162 3194 1451 3258 mortuus
1475 3191 1654 3256 facile
1686 3192 1928 3257 extrahi
1950 3193 2149 3276 possit
2180 3195 2242 3257 et
2273 3193 2387 3257 hoc
2419 3194 2600 3275 pacto
2633 3194 2835 3257 mater

372 3314 407 3359 a
438 3297 605 3361 certa
652 3296 852 3360 morte
899 3295 1173 3372 liberari,
1210 3315 1352 3360 cum
1377 3295 1742 3379 praesertim
1773 3295 2080 3378 baptizari
2104 3296 2301 3379 possit
2332 3295 2534 3360 infans
2566 3297 2628 3359 in
2656 3296 2833 3361 utero

370 3399 435 3462 et
464 3397 552 3462 sic
590 3398 723 3462 eius
756 3399 1040 3462 aeternae
1072 3397 1266 3462 saluti
1296 3385 1555 3462 consuli.
1588 3395 1728 3460 Nisi
1761 3399 1971 3461 autem
2005 3415 2076 3460 ea
2103 3397 2378 3479 operatio
2411 3396 2542 3473 fiat,
2573 3398 2837 3479 utraque

370 3501 571 3565 mater
602 3502 664 3565 et
694 3501 917 3584 proles,
950 3503 1048 3565 est
1078 3501 1241 3565 certe
1274 3501 1609 3564 moritura:
1645 3499 1699 3563 si
1731 3517 1876 3563 vero
1908 3497 2040 3575 fiat,
2075 3500 2275 3563 mater
2321 3500 2484 3562 certe
2532 3499 2833 3574 salvatur,

370 3602 575 3667 infans
599 3603 1029 3668 brevissimam
1053 3622 1311 3668 usuram
1336 3602 1502 3667 vitae
1539 3602 1605 3665 in
1636 3601 1815 3665 utero
1847 3601 2069 3665 matris
2094 3600 2352 3678 amittit,
2381 3602 2509 3665 iam
2545 3601 2747 3665 certae
2772 3603 2837 3665 et

370 3704 607 3769 vicinae
638 3705 827 3770 morti
858 3705 1228 3783 destinatus,
1262 3723 1421 3787 quae
1457 3703 1823 3768 brevissima
1869 3721 2059 3767 usura
2106 3721 2216 3785 pro
2259 3702 2453 3767 nihilo
2486 3705 2836 3786 computari

369 3809 596 3892 potest,
616 3808 856 3873 ratione
873 3809 1269 3892 potissimum
1292 3808 1509 3872 habita
1533 3806 1701 3872 vitae
1726 3805 1969 3882 matris,
1989 3824 2147 3887 quae
2165 3804 2476 3882 salvatum
2497 3823 2641 3867 nam
2658 3823 2835 3888 posse

481 4107 544 4157 (a)
574 4103 756 4147 Doctor-
783 4102 1117 4157 Capellmann
1132 4116 1208 4157 op.
1230 4115 1341 4156 sup.
1363 4102 1449 4147 cit.
1480 4115 1596 4146 cum
1625 4103 1774 4155 neget
1796 4099 1948 4143 113313
1975 4098 2163 4142 direct-e
2191 4098 2427 4141 abortum
2456 4110 2727 4151 procurare
2746 4110 2835 4151 pro

367 4172 623 4216 cenanda
651 4176 837 4224 mutre;
859 4173 982 4227 quia
1011 4172 1220 4216 effeetus
1237 4172 1395 4214 bonus
1412 4176 1712 4224 sequeretur
1740 4167 2034 4212 immediate
2052 4180 2114 4210 ex
2133 4168 2286 4218 malo,
2302 4165 2584 4210 cuiusmodi
2599 4169 2676 4208 est
2697 4177 2838 4218 prue-

367 4241 578 4283 matura.
616 4239 780 4282 foetus
807 4239 1003 4292 eiectio,
1030 4240 1198 4282 cenat
1239 4238 1545 4280 indirectam
1575 4248 1682 4280 esse
1710 4235 1923 4290 ideoque
1949 4234 2148 4277 licitam
2176 4234 2332 4287 (iusta
2363 4232 2636 4276 exsistente
2664 4233 2838 4282 eausa)

369 4318 483 4349 eom
511 4304 917 4360 procurationem
945 4305 1169 4357 abortus,
1197 4316 1314 4357 qua,
1336 4306 1394 4345 ut
1416 4316 1446 4346 a
1468 4303 1694 4356 periculo
1713 4303 1893 4346 mortis
1913 4303 2075 4344 mater
2092 4298 2642 4353 eripiatur,reponitur
2656 4297 2835 4341 uterus

369 4373 527 4417 scinu·
553 4372 637 4416 ovi
665 4370 843 4416 tunica
870 4376 922 4416 et
950 4383 1082 4426 aqua
1110 4371 1275 4414 foetus
1303 4368 1526 4412 dimissa.
1570 4369 1703 4413 Nam
1743 4370 1837 4423 ait,
1866 4368 1998 4413 actio
2037 4367 2166 4412 11333
2207 4366 2500 4411 immediate
2528 4364 2654 4407 duos
2683 4365 2835 4408 habet

371 4439 598 4491 effeetus,
627 4439 850 4481 alterum
870 4439 1073 4492 bonum,
1104 4435 1459 4490 repositionem
1489 4436 1623 4480 uteri
1653 4440 1707 4480 et
1734 4437 1806 4481 sio
1833 4435 2163 4480 remotionem
2192 4433 2405 4489 periculi
2433 4445 2523 4486 pro
2552 4435 2734 4484 matre,
2765 4432 2838 4474 31-

372 4511 543 4549 terum
571 4506 784 4556 malum,
812 4505 863 4548 h.
887 4519 928 4548 c.
958 4508 1346 4557 consequentem
1376 4501 1669 4545 eiectionem
1698 4503 1889 4546 foetus:
1923 4505 2084 4556 potest
2115 4514 2232 4555 ergo
2261 4501 2348 4543 ille
2378 4497 2514 4553 prior
2529 4497 2738 4542 effectus
2767 4498 2839 4540 in·

377 4573 539 4627 tendi,
568 4573 663 4616 hoo
688 4573 950 4625 permisso,
971 4583 1085 4626 pag.
1117 4570 1185 4614 18.
1215 4569 1274 4611 E.
