3497 5147
790 320 900 374 482
936 334 1150 375 TRAcr.
1172 333 1253 374 νι.
1273 330 1435 373 anor.
1469 332 1507 371 1.
1536 331 1621 371 nn
1647 329 1926 373 anonimo
1946 329 2161 371 manc.
2186 330 2517 373 Dracanom.
2544 331 2680 372 cAP.
2710 332 2803 372 ιιι.
2827 332 2972 373 nun.
2997 332 3076 372 ιν.
3110 317 3234 392 [626]

793 431 956 495 sicut
988 430 1050 493 in
1081 429 1305 495 melius
1339 429 1547 511 potest
1576 427 1952 492 commutari
1990 428 2208 491 votum
2239 428 2622 513 ingrediendi
2660 429 3052 514 Religionem
3081 429 3234 494 laxio-

791 552 942 597 rem.
979 530 1070 595 Cf.
1106 531 1288 596 resol.
1326 531 1384 594 7.

877 633 1096 713 Quoad
1122 635 1183 698 3.
1210 652 1431 698 casum
1464 652 1512 697 s.
1538 633 1724 715 Alph.
1753 653 1811 696 n.
1833 634 1982 696 209.
2011 632 2179 709 dicit,
2214 633 2588 698 sententiam
2609 633 3074 710 affirmativam,
3101 634 3229 716 quod

788 736 1071 804 validum
1108 737 1192 801 sit
1224 738 1445 801 votum
1478 735 1671 813 illius,
1705 735 1814 817 qui
1847 734 1923 799 ob
1955 735 2367 819 fragilitatem
2398 737 2584 801 vovet
2607 738 3101 812 matrimonium,
3129 756 3230 801 esse

796 839 981 923 longe
1014 839 1079 903 et
1125 840 1288 903 certe
1320 838 1820 920 probabiliorem,
1856 837 2201 920 supposito,
2236 837 2401 920 quod
2435 839 2575 904 aliis
2613 839 2901 906 remediis
2933 843 3032 906 uti
3069 856 3231 905 Nom.

792 940 875 1004 Et
909 939 1217 1018 adderem,
1254 941 1309 1004 si
1347 941 1462 1004 aut
1492 939 1822 1004 videantur
1853 939 2203 1004 difficiliora
2238 942 2351 1006 aut
2385 960 2506 1006 non
2544 943 2629 1007 sit
2653 962 2790 1026 spes
2823 945 3150 1027 probabilis
3175 943 3232 1006 de

794 1043 1147 1108 constantia
1184 1042 1249 1106 in
1279 1042 1357 1107 iis
1391 1042 1786 1126 usurpandis.
1835 1042 2024 1108 Ratio
2072 1063 2119 1107 s.
2154 1044 2458 1127 Alphonsi
2504 1046 2617 1123 est,
2653 1046 2802 1128 quia
2847 1046 2913 1111 in
2959 1048 3079 1112 tali
3118 1065 3232 1111 casu

793 1145 1267 1210 matrimonium
1317 1147 1413 1209 est
1457 1145 1665 1209 maius
1702 1146 1955 1221 bonum,
1990 1165 2131 1210 eum
2181 1145 2259 1210 ad
2305 1148 2868 1230 concupiscentiam
2915 1149 3230 1224 sedandam,

792 1246 892 1323 iis,
926 1247 1034 1328 qui
1081 1247 1206 1311 alia
1253 1247 1512 1311 meliora
1557 1246 1829 1312 remedia
1878 1247 2186 1330 suscipere
2232 1248 2475 1326 nolunt,
2523 1249 2660 1315 ideo
2708 1250 3165 1316 matrimonium
3203 1270 3229 1314 a

789 1351 928 1414 Deo
961 1369 1316 1416 concessum
1365 1350 1485 1427 sit3
1536 1351 1803 1415 maxime
1849 1351 1996 1432 quia
2043 1351 2144 1417 hic
2173 1350 2526 1434 frequenter
2577 1354 2851 1419 recidens
2901 1357 3136 1420 tenetur
3173 1374 3231 1418 ex

794 1452 928 1516 iure
953 1453 1213 1516 naturae
1248 1454 1496 1530 nubere,
1532 1453 1734 1536 posito
1763 1452 1926 1535 quod
1964 1454 2159 1518 nollet
2191 1454 2330 1518 aliis
2362 1455 2647 1528 remediis
2679 1457 2794 1521 uti.
2829 1457 3031 1523 Facto
3065 1459 3232 1522 aute-m

793 1555 943 1628 voto
982 1554 1356 1637 relinquitur
1392 1574 1631 1638 semper
1669 1557 1945 1639 potestas
1993 1557 2419 1622 commutandi
2471 1558 2535 1622 in
2589 1559 2834 1633 melius,
2884 1561 2940 1624 si
2980 1561 3232 1626 voluntas

794 1655 1044 1721 accedat
1069 1657 1207 1722 aliis
1242 1657 1527 1722 remediis
1561 1657 1795 1722 utendi.

1868 1904 2032 1967 Dua.
2069 1904 2177 1968 IV.

1452 2062 1622 2144 Quae
1655 2068 1717 2128 ct
1745 2068 1985 2144 quanta
2016 2066 2103 2128 sit
2131 2065 2428 2148 obliqatio
2467 2069 2609 2132 voti.

900 2242 1067 2295 XXV.
1099 2242 1248 2308 Resp.
1276 2242 1431 2294 Tanta
1470 2248 1560 2304 est,
1590 2247 1822 2306 quantum
1851 2250 1950 2294 tum
1977 2242 2221 2308 quantitas
2256 2245 2484 2299 materiae
2518 2246 2770 2313 permittit,
2802 2255 2906 2303 tum
2934 2250 3133 2304 intentio
3167 2264 3229 2300 vo·

793 2327 970 2390 ventis,
996 2342 1089 2392 qua
1130 2341 1183 2380 se
1212 2328 1291 2380 vel
1312 2328 1517 2379 multum
1558 2329 1636 2380 vel
1667 2341 1833 2393 parum
1862 2329 1941 2381 vel
1967 2330 2191 2382 absolute
2226 2331 2303 2383 vel
2329 2344 2439 2383 cum
2465 2337 2595 2384 certa
2622 2332 2922 2400 conditione,
2952 2333 3228 2389 restrictione

788 2410 1043 2477 temporis,
1074 2409 1336 2476 qualitatis,
1364 2409 1584 2474 obligare
1615 2413 1735 2472 vult,
1767 2409 2013 2474 designat:
2040 2411 2108 2465 ita
2135 2419 2203 2476 ut,
2233 2413 2327 2466 etsi
2351 2414 2585 2478 obligatio
2626 2416 2728 2469 voti
2765 2416 2828 2471 sit
2854 2417 2985 2471 iuris
3011 2418 3231 2481 naturalis,

790 2496 869 2549 vis
904 2504 1068 2550 tamen
1104 2496 1212 2550 eins
1252 2497 1459 2564 pendeat
1497 2511 1523 2548 a
1561 2499 1814 2549 voluntate
1850 2503 1899 2550 et
1936 2501 2061 2550 lacto
2101 2497 2327 2561 hominis„
2369 2507 2597 2566 tanquam
2635 2501 2838 2568 praevia
2877 2504 3162 2565 conditione.
3185 2510 3227 2556 ut

786 2589 972 2636 tantum
1013 2584 1091 2635 vel
1132 2587 1315 2635 tantum
1355 2579 1553 2644 obliget.
1584 2584 1652 2633 lta
1690 2596 1863 2634 comm.
1892 2583 1956 2635 V.
1985 2584 2154 2647 Laym.
2182 2599 2223 2638 c.
2254 2587 2303 2638 3.
2329 2587 2452 2639 Bon.
2478 2601 2525 2653 p.
2555 2587 2605 2641 5.

877 2722 1049 2794 525.
1085 2724 1253 2790 Nota
1269 2723 1486 2788 verba:
1526 2724 1832 2804 quantum
1857 2725 2119 2789 materia
2152 2742 2499 2802 Pnssmr'rrr,
2528 2745 2648 2792 non
2673 2747 2818 2794 vero
2853 2732 3086 2813 myia-
3110 2729 3230 2812 quia

787 2829 980 2892 etiam
1017 2828 1228 2912 gravis
1259 2828 1467 2910 potest
1510 2826 1723 2891 voveri
1753 2826 1870 2890 sub
1905 2827 2047 2902 levi,
2086 2828 2160 2891 ut
2193 2828 2555 2895 videbimus,

873 2931 907 2969 '¹‘
926 2931 1114 2995 Recte
1138 2930 1214 2993 A.
1247 2929 1583 3013 distinguit
1614 2929 1776 2992 inter
1808 2929 2109 3011 originem
2148 2931 2549 3016 obligationis
2575 2935 2708 3000 voti
2741 2937 2933 3019 atque
2957 2937 3232 3002 conditio-

783 3052 923 3097 nem
955 3034 1207 3116 propter
1238 3050 1429 3113 quam
1466 3051 1537 3096 ea
1581 3030 1882 3114 obligatio
1923 3032 2086 3096 hunc
2117 3034 2215 3097 vel
2250 3034 2434 3099 illum
2465 3036 2680 3111 afficit,
2714 3038 2844 3104 sive
2877 3059 3127 3105 causam
3150 3058 3230 3120 ap-

783 3135 1121 3218 plicantem
1150 3135 1354 3218 legem
1380 3134 1538 3198 hanc
1592 3132 1994 3217 obligantem.

869 3236 1187 3321 obligatio
1236 3237 1399 3300 enim
1448 3235 1581 3300 voti
1628 3255 1699 3299 ex
1748 3234 1838 3299 rei
1885 3238 2111 3301 natura
2163 3239 2363 3303 oritur
2410 3240 2685 3324 iurisque
2718 3244 2815 3308 est
2845 3245 3145 3310 naturalis
3173 3261 3229 3305 ac

782 3339 975 3402 divini
1021 3356 1217 3420 neque
1264 3356 1301 3402 a
1357 3338 1689 3402 voluntate
1743 3339 2028 3402 voventis
2074 3340 2325 3422 pendet;
2375 3343 2476 3407 sed
2527 3362 2563 3408 a
2609 3345 2941 3413 voluntate
2987 3346 3229 3412 hominis

779 3440 1021 3525 pendet,
1056 3439 1222 3523 quod
1266 3441 1397 3522 ipse
1452 3459 1515 3503 se
1553 3439 1847 3503 subiiciat
1876 3441 2018 3503 huic
2061 3442 2430 3527 obligationi
2473 3444 2731 3528 ideoque
2771 3467 2836 3513 se
2875 3451 3120 3514 tantum
3147 3446 3233 3509 vel

780 3544 1030 3607 tantum
1077 3541 1387 3618 subiiciat,
1422 3541 1570 3623 quia
1617 3541 1755 3624 ipsa
1802 3560 1908 3624 per
1945 3561 2009 3607 se
2058 3546 2266 3627 potest
2311 3564 2441 3611 esse
2477 3548 2679 3612 maior
2724 3550 2825 3614 vel
2871 3552 3091 3616 minor.
3133 3548 3232 3612 Est

781 3646 1018 3711 scilicet
1063 3644 1365 3729 obligatio
1418 3644 1553 3708 voti
1604 3644 1906 3729 obligatio
1956 3646 2204 3727 quidem
2242 3648 2393 3712 iuris
2427 3651 2754 3728 naturalis,
2790 3653 2899 3717 sed
2930 3673 3115 3736 quam
3143 3670 3234 3715 na-

780 3749 925 3811 tura
972 3767 1079 3829 per
1125 3766 1189 3811 se
1235 3746 1370 3811 sola
1408 3763 1531 3810 non
1563 3745 1850 3829 imponit,
1886 3750 2347 3831 praerequirens
2379 3752 2638 3817 liberam
2669 3755 3112 3821 subiectionem
3142 3755 3233 3818 ho—

776 3850 963 3912 minis
1016 3849 1162 3913 huic
1207 3849 1350 3933 legi.
1418 3849 1591 3911 Idem
1640 3852 1898 3931 apparet
1942 3851 2006 3913 in
2056 3851 2435 3936 obligatione
2495 3856 2902 3922 matrimonii.
2950 3856 3232 3937 Quocirca

779 3972 922 4016 cum
956 3951 1350 4016 distinctione
1383 3950 1578 4015 allata
1621 3954 1771 4016 sunt
1808 3954 2157 4037 accipienda
2183 3956 2369 4021 verba
2401 3958 2536 4023 DD.
2567 3959 2886 4039 aientium,
2922 3965 3232 4026 voventem

778 4056 897 4120 sibi
942 4055 1062 4139 ipsi
1107 4055 1421 4137 imponere
1473 4054 1918 4139 obligationem
1969 4060 2030 4121 et
2077 4058 2263 4122 verba
2289 4078 2337 4123 a.
2365 4059 2639 4127 Thomae
2678 4064 2739 4127 2.
2775 4065 2835 4128 2.
2871 4085 2927 4147 q.
2961 4064 3070 4129 88.
3098 4082 3153 4127 a.
3178 4063 3231 4126 3.

776 4158 854 4222 ad
901 4160 1035 4224 3¹¹²:
1076 4182 1111 4218 ‹
1160 4156 1340 4237 Quod
1376 4156 1679 4241 obligatio
1714 4159 1846 4222 voti
1879 4178 1950 4223 ex
1982 4160 2230 4243 propria
2263 4162 2588 4229 voluntate
2626 4168 2689 4230 et
2735 4167 3073 4232 intentione
3105 4183 3235 4229 cau-

778 4264 955 4323 satur
980 4288 1045 4330 ».
1060 4262 1094 4300 ’¹‘
