3497 5147
315 348 446 418 [510]
983 361 1133 409 Qum
1172 363 1249 402 m
1287 361 1649 408 Quo‘rupnnx
1687 361 2084 403 BnAsPnEmA
2662 348 2772 402 393

312 459 506 524 minus
529 477 876 544 congruum
899 459 1295 535 reverentiae,
1330 477 1488 541 quae
1514 459 1643 522 Deo
1669 459 1733 522 et
1757 458 1982 522 divinis
2009 457 2486 541 perfectionibus
2511 459 2769 524 debetur

316 582 365 624 v.
395 581 486 646 gr.
511 560 658 626 nolo
692 561 935 626 obedire
974 561 1123 626 Deo.

390 663 515 728 Alii
562 663 905 748 simplicius
937 663 1268 730 definiunt:
1311 662 1693 745 blasphemia
1730 668 1826 727 cst
1869 663 2092 728 locutio
2140 668 2357 728 contra
2401 663 2612 727 Deum
2657 668 2771 727 aut

312 785 401 830 res
428 786 647 830 sacras
664 786 788 846 per
824 768 1069 831 modum
1098 766 1522 831 contumeliae.
1549 767 1629 831 Et
1655 765 1880 831 Suarez
1906 769 1980 829 de
2008 766 2217 849 Reliy.
2261 769 2442 831 tract.
2480 768 2538 830 3.
2568 767 2675 831 lib.
2710 770 2765 831 1.

310 891 429 954 cap.
465 872 527 934 4.
560 892 622 934 n.
666 872 754 934 1.:
792 896 828 930 ‹
859 871 974 936 Est
1018 871 1279 935 verbum
1316 869 1792 946 maledictionis,
1819 869 2077 935 convitii
2110 888 2218 934 seu
2252 870 2664 933 contumeliae
2703 870 2766 933 in

310 973 497 1037 Deum
530 998 592 1038 ».
620 971 654 1010 *
689 973 860 1053 Quae
899 973 1175 1039 definitio
1209 972 1528 1037 retinenda
1552 972 1800 1036 videtur
1824 973 1897 1036 ut
1935 972 2090 1036 satis
2124 971 2513 1036 demonstrat
2536 969 2763 1037 Suarez

308 1093 430 1158 cap.
464 1075 570 1139 cit.
604 1074 720 1140 Est
749 1095 897 1161 ergo
935 1075 1320 1158 blasphemia
1358 1077 1679 1158 peecatum
1718 1076 2002 1158 spectans
2042 1073 2118 1138 ad
2152 1075 2415 1157 speciem
2453 1075 2593 1140 vitii
2626 1095 2765 1140 con-

310 1176 477 1241 trarii
506 1178 735 1242 virtuti
764 1178 1128 1263 Religionis,
1163 1179 1236 1242 ut
1268 1179 1478 1241 monet
1523 1177 1670 1241 ibid.
1714 1175 1941 1241 Suarez
1990 1178 2053 1240 et
2099 1176 2305 1241 innuit
2335 1175 2433 1253 A„
2485 1195 2761 1241 asserens

308 1297 430 1342 eam
465 1298 596 1343 esse
628 1279 855 1344 directe
882 1280 1233 1364 oppositam
1263 1279 1436 1344 laudi
1460 1279 1593 1356 Dei,
1637 1299 1794 1361 quae
1844 1283 1938 1344 est
1972 1281 2149 1343 aetus
2180 1279 2517 1364 religioniS,
2570 1281 2643 1343 ut
2675 1279 2762 1343 di-

303 1380 494 1445 ximus
526 1381 643 1445 sub
678 1383 736 1445 1.
772 1383 1095 1465 praecepto
1128 1401 1187 1445 n.
1230 1383 1379 1446 312.

383 1483 671 1548 Advertit
702 1483 916 1548 eodem
946 1484 1011 1549 in
1042 1484 1177 1548 loco
1211 1482 1436 1548 Suarez
1470 1484 1920 1567 blasphemiam
1958 1486 2201 1567 proprie
2234 1485 2303 1546 in.
2334 1484 2537 1548 verbis
2568 1485 2757 1548 sitam

300 1603 438 1663 esse,
480 1588 554 1650 ut
585 1588 833 1651 constat
878 1606 951 1651 ex
996 1587 1310 1651 communi
1348 1606 1469 1650 usu
1514 1586 1826 1668 loquendi,
1861 1607 1932 1651 ex
1979 1606 2101 1669 quo
2151 1587 2476 1651 verborum
2525 1586 2758 1670 signifi-

303 1689 455 1753 catio
492 1689 751 1772 petenda
799 1692 927 1754 est:
964 1708 1157 1766 secuS,
1199 1690 1251 1752 si
1285 1689 1605 1770 quodlibet
1638 1691 1906 1754 exterius
1941 1690 2187 1773 signum
2223 1689 2549 1765 sufficeret,
2577 1691 2756 1755 actus

299 1791 681 1857 idololatriae
729 1812 973 1875 quoque
999 1795 1160 1857 esset
1191 1792 1481 1856 dicendus
1505 1793 1909 1876 blasphemia,
1945 1792 2108 1875 quod
2141 1811 2318 1856 nemo
2351 1792 2595 1874 recipit:
2632 1813 2754 1873 qua

303 1892 374 1958 de
401 1915 464 1959 re
496 1896 559 1960 in
594 1896 800 1961 Resol.
834 1899 894 1960 2.
928 1897 962 1934 *

1262 2069 1327 2137 U
1320 2069 1439 2133 mle
1486 2069 1772 2134 resolves,

394 2216 468 2267 111.
504 2217 548 2265 1.
591 2216 919 2280 Blasphemat,
946 2213 1029 2279 qui
1067 2219 1237 2266 contra
1279 2215 1434 2267 Deum
1469 2212 1768 2276 infrendens,
1807 2213 1854 2266 ei
1883 2211 2154 2267 maledicit:
2183 2211 2316 2276 item,
2356 2211 2439 2278 qui
2483 2213 2548 2265 nit
2580 2227 2631 2265 se
2673 2211 2753 2265 nli·

289 2297 400 2364 quid
434 2304 663 2352 aelurum
688 2312 748 2352 eo
772 2297 959 2352 invito:
983 2297 1115 2360 item,
1141 2297 1223 2363 qui
1261 2312 1370 2351 eum
1413 2307 1568 2362 negat,
1594 2297 1677 2363 qui
1704 2298 1832 2351 iurat
1871 2296 1997 2350 serio
2037 2311 2121 2363 per
2165 2299 2285 2350 deos
2311 2298 2487 2350 talsos:
2517 2296 2602 2363 qui
2640 2312 2750 2350 eum

288 2388 426 2436 vocat
449 2388 734 2449 tyrannum,
752 2381 1003 2449 iniustum,
1023 2385 1153 2435 nolle
1179 2391 1261 2435 aut
1289 2397 1383 2434 non
1411 2397 1555 2449 posse
1584 2397 1672 2435 nos
1700 2380 1887 2444 iuvare,
1917 2397 2012 2433 non
2046 2395 2220 2434 curare
2247 2387 2440 2435 nostra:
2464 2384 2748 2435 daemonem

288 2480 392 2520 esse
417 2467 706 2533 fideliorem,
734 2469 846 2534 plus
885 2482 1059 2535 posse:
1080 2481 1176 2520 non
1203 2467 1361 2521 omnia
1391 2471 1511 2520 bene
1551 2481 1660 2520 esse
1689 2468 1926 2530 ordinata,
1948 2467 2122 2520 melius
2146 2467 2194 2520 in
2236 2466 2484 2520 creatione
2509 2470 2745 2533 quaedam

286 2550 385 2604 fleri
418 2551 644 2620 potuisse
691 2559 777 2606 aut
814 2550 1043 2607 debuisse
1081 2561 1174 2607 etc.
1202 2555 1339 2621 Quae
1367 2551 1563 2620 quidem
1604 2551 1759 2619 siquis
1795 2555 1965 2607 credat
2000 2553 2067 2606 ita
2108 2566 2216 2606 esse
2254 2559 2303 2606 et
2330 2566 2426 2606 non
2466 2559 2651 2607 tantum
2694 2552 2741 2605 in

282 2634 353 2688 ira
379 2643 461 2690 ant
481 2637 831 2705 desperatione
850 2637 1053 2703 effutiat,
1075 2646 1189 2692 tunc
1208 2646 1283 2692 est
1303 2638 1602 2705 blasphemia
1624 2638 1946 2701 haereticaiis,
1968 2637 2095 2691 idest
2115 2653 2225 2692 cum
2246 2637 2442 2691 haeresi
2462 2637 2744 2691 coniuncta:

280 2725 409 2787 quod
431 2721 482 2776 in
509 2722 823 2777 confessione
859 2729 935 2777 est
959 2726 1253 2789 addendum,
1279 2723 1389 2789 quia
1416 2723 1579 2790 specie
1618 2723 1782 2777 differt
1807 2727 1865 2776 ab
1895 2721 2227 2789 imprecative.
2258 2724 2400 2775 Hurl.
2429 2725 2476 2775 2.
2505 2725 2552 2775 2.
2583 2724 2629 2775 d.
2659 2726 2744 2774 91.

278 2814 393 2861 sect.
426 2810 508 2862 12.
539 2808 593 2877 ξ.
621 2809 705 2862 54.

359 2927 519 3001 510.
565 2931 794 2996 Facilis
825 2933 923 2997 est
952 2932 1288 3009 distinctiO,
1329 2931 1573 3013 quando
1608 2930 1844 2996 scilicet
1878 2931 1989 2994 aut
2020 2931 2115 2995 est
2145 2951 2314 2995 mera
2346 2931 2743 3006 contumelia,

277 3035 387 3098 aut
430 3034 630 3099 simul
677 3053 817 3098 cum
865 3034 1241 3100 contumelia
1289 3033 1539 3098 additur
1600 3052 1770 3097 error
1839 3034 2055 3097 contra
2102 3032 2303 3097 fidem.
2365 3034 2506 3096 Dixi
2554 3033 2746 3096 simul

267 3155 405 3199 cum
451 3136 873 3215 contumelicu
920 3137 1066 3220 quia
1098 3138 1152 3202 si
1183 3137 1332 3201 haec
1364 3138 1548 3213 absit,
1591 3137 1709 3201 erit
1739 3137 2010 3201 haeresis
2045 3136 2150 3201 sed
2182 3121 2305 3202 non
2337 3136 2741 3218 blasphemia.

355 3239 702 3324 Triplicem
747 3241 961 3304 autem
1008 3240 1250 3304 errandi
1298 3239 1551 3305 modum
1599 3240 1806 3303 innuit
1855 3240 2194 3322 Responsio
2249 3242 2335 3313 1⁸,
2369 3239 2500 3303 soil.
2557 3241 2623 3304 1⁰
2670 3239 2744 3304 de

267 3340 393 3407 Deo
441 3342 735 3427 negando
782 3362 947 3419 vera,
998 3344 1067 3406 2⁰
1113 3343 1509 3408 attribuendo
1561 3343 1735 3421 falsa,
1790 3345 1859 3406 30
1904 3344 2224 3408 creaturae
2272 3342 2596 3407 tribuendo
2647 3363 2738 3418 ea,

263 3462 421 3525 quae
461 3443 592 3509 Dei
635 3446 783 3509 sunt
811 3444 1079 3529 propria.

347 3546 715 3625 FormulaS,
766 3566 803 3612 a
848 3548 1075 3629 quibus
1122 3548 1298 3613 abest
1344 3547 1747 3630 blasphemia,
1798 3547 2022 3612 recitat
2065 3545 2394 3610 nonnullas
2454 3530 2503 3609 ὲ.
2552 3545 2737 3630 Alph.

260 3648 365 3714 lib.
402 3651 467 3715 3.
508 3671 575 3715 11.
618 3651 761 3714 124.
797 3652 861 3715 et
890 3670 1048 3733 quae
1084 3651 1285 3735 reipsa
1332 3652 1394 3715 in
1432 3651 1687 3715 diversis
1718 3650 2075 3734 regionibus
2127 3668 2438 3714 occurrere
2471 3650 2691 3714 solent.

347 3753 743 3819 Huiusmodi
803 3755 969 3819 sunt.
1019 3755 1198 3837 Neyo
1245 3754 1425 3830 Dim,
1462 3757 1642 3816 santo
1689 3751 1869 3827 Dim,
1901 3756 2082 3815 santo
2128 3750 2436 3832 Diana...,
2487 3753 2595 3818 ubi
2641 3753 2739 3819 vel

259 3876 488 3923 nomen
524 3860 662 3922 Deo
698 3858 1124 3937 obtruncatur,
1161 3859 1259 3922 vel
1291 3857 1635 3922 desinentia
1670 3857 1871 3921 aliena
1902 3857 2297 3938 pervertitur.
2334 3856 2453 3922 Ubi
2488 3858 2738 3923 adverte

262 3960 449 4025 nimis
474 3979 767 4025 morosos
791 3980 940 4038 esse,
968 3961 1076 4042 qui
1100 3960 1568 4044 blasphemiam,
1598 3979 1755 4041 quae
1787 3960 1849 4023 in
1875 3958 2076 4023 verbis
2103 3959 2273 4024 nulla
2299 3961 2411 4036 est,
2440 3962 2739 4043 expiscari

259 4061 321 4126 in
351 4063 716 4129 intentione
752 4063 1106 4146 importune
1147 4066 1463 4148 satagunt.

346 4166 580 4230 Dicere
640 4166 853 4230 contra
893 4166 1203 4231 homines:
1253 4165 1505 4247 Sanyue
1535 4167 1604 4227 di
1634 4164 1782 4241 Die,
1828 4164 2027 4244 Corpo
2061 4164 2128 4226 di
2158 4164 2305 4238 Die,
2349 4163 2466 4226 nisi
2514 4165 2597 4227 sit
2644 4163 2737 4226 di·

257 4271 427 4333 recta
461 4269 691 4333 contra
747 4268 951 4332 Deum
1011 4268 1378 4353 indignatio,
1414 4287 1534 4332 non
1583 4269 1679 4332 est
1725 4267 2138 4351 blasphemia;
2190 4267 2336 4347 quia
2383 4264 2538 4328 nihil
2586 4264 2736 4329 dicit

251 4370 417 4451 quod
454 4372 668 4436 Deum
712 4369 1087 4447 dehonoret;
1137 4370 1243 4435 sed
1289 4371 1352 4433 in
1397 4371 1533 4453 ipso
1581 4370 1869 4434 exercitio
1919 4370 2015 4432 est
2050 4368 2469 4443 irreverentia,
2505 4368 2735 4450 absque

254 4490 439 4538 causa
476 4473 590 4539 vel
618 4490 689 4538 ex
718 4473 813 4538 ira
845 4492 979 4538 rem
1007 4472 1491 4538 sacratissimam
1539 4470 1925 4556 appellando.

336 4575 541 4642 Item:
571 4573 711 4638 Per
734 4576 931 4640 vitam
962 4574 1094 4639 Dei
1122 4575 1220 4639 vel
1253 4572 1472 4638 Sancti
1501 4574 1788 4637 alicuius
