3497 5147
594 303 631 357 8
989 316 1203 358 Tnnc‘r.
1244 317 1300 358 v.
1337 314 1499 357 smc‘r.
1541 316 1580 355 1.
1618 316 1704 355 ms
1740 314 2116 358 Pmmmm
2152 317 2342 357 mom.
2380 316 2582 358 cnr-nr
2621 316 2661 355 1.
2951 301 3059 377 [10]

594 409 742 476 Iesu
784 410 1042 478 Christi.
1070 412 1235 477 Nam
1269 412 1514 477 omissis
1548 412 1980 477 subtilioribus
2013 413 2651 496 interpretationibus,
2675 415 2916 479 certum
2940 416 3053 490 est,

594 534 731 579 eam
769 514 1255 598 propositionem
1298 515 1363 577 1⁰
1403 513 1729 597 complecti
1754 514 1944 578 etiam
1970 514 2287 599 mysteria,
2323 514 2387 578 in
2418 515 2697 597 qualibet
2727 516 3052 594 sententia,

594 618 937 681 necessaria
973 616 1338 682 necessitate
1374 614 1595 680 medii:
1633 618 1700 679 2ο
1725 617 2016 699 copulare
2039 616 2189 681 haec
2221 617 2372 683 duo:
2406 617 2828 701 ignorantiam
2851 618 3058 699 culpa-

597 718 782 783 bilem
826 719 1269 803 mysteriorum
1316 718 1538 782 Trinit.
1589 719 1653 783 et
1699 719 1897 782 Incar.
1966 718 2154 801 (quae
2200 719 2596 802 culpabilitas
2641 721 2848 803 potest
2893 725 3056 786 certe

599 840 728 886 esse
752 822 992 906 gravis)
1016 825 1079 887 et
1102 822 1508 902 capacitate-m
1532 821 1977 885 absolutionis:
2006 821 2172 903 quod
2199 822 2265 885 in
2290 840 2471 886 sensu
2496 823 2862 905 composito,
2889 841 3058 906 prae·

597 923 723 987 cisa
772 924 989 1007 culpae
1036 923 1466 1000 detestatione,
1516 922 2032 988 absurdissimum
2086 924 2199 989 est.
2248 923 2628 1007 Proscriptio
2675 944 2822 1010 ergo
2869 925 3055 990 huius

597 1044 842 1109 propos,
883 1026 1039 1089 nihil
1089 1044 1200 1090 nos
1255 1024 1452 1102 docet,
1510 1024 1675 1107 quod
1730 1025 1967 1108 spectet
2021 1025 2098 1089 ad
2151 1025 2598 1107 quaestionem,
2646 1045 2835 1108 quam
2895 1046 3057 1092 nunc

599 1146 865 1211 agimus.

689 1225 791 1299 lo.
841 1227 954 1293 Sed
995 1228 1143 1311 quid
1182 1228 1254 1293 de
1300 1229 1376 1293 iis
1424 1229 1677 1307 adultis,
1727 1231 1835 1311 qui
1898 1229 2225 1294 videantur
2271 1229 2465 1314 inepti
2512 1231 2590 1294 ad
2639 1251 2710 1296 ea
2757 1230 3057 1316 mysteria

596 1331 1099 1414 apprehendenda
1121 1336 1150 1395 ⁸?
1182 1356 1216 1389 «
1242 1332 1361 1396 Hic
1385 1351 1584 1409 casm,
1599 1332 1751 1396 dicit
1773 1332 1977 1395 Diana
2004 1334 2154 1396 tom.
2192 1332 2252 1396 6.
2290 1332 2471 1396 tract.
2503 1334 2560 1397 1.
2587 1334 2767 1397 resol.
2790 1334 2873 1410 4.,
2897 1334 3056 1398 solet

596 1432 870 1517 affligere
917 1433 1320 1499 confessarios
1369 1434 1529 1498 circa
1567 1434 1846 1499 homines
1885 1434 2085 1499 rudes.
2120 1435 2310 1499 Ratio
2348 1436 2461 1511 est,
2502 1436 2649 1516 quia
2697 1436 2858 1500 inter
2894 1436 3055 1500 chri-

596 1535 833 1600 stianos
864 1535 1265 1600 inveniuntur
1301 1535 1580 1600 homines
1614 1535 1767 1600 adeo
1805 1536 2006 1613 rudeS‚
2042 1537 2115 1600 ut
2145 1536 2444 1620 mysteria
2483 1537 2937 1602 Incarnationis
2986 1556 3056 1602 ac

596 1657 675 1702 ss.
725 1638 1054 1702 Trinitatis
1100 1656 1245 1702 vero
1294 1640 1593 1721 conceptu
1648 1656 1772 1702 non
1830 1637 2290 1721 apprehendant
2337 1641 2399 1703 et
2446 1640 2886 1720 consequenter
2932 1659 3055 1705 non

595 1739 848 1804 credant
896 1739 1179 1823 explicite
1209 1764 1270 1802 ».

683 1842 875 1905 Addit
907 1843 1230 1926 Laymann
1266 1842 1373 1906 lib.
1404 1844 1462 1906 2.
1490 1844 1672 1907 tract.
1712 1844 1769 1906 1.
1806 1862 1938 1925 cap.
1968 1844 2028 1906 8.
2057 1864 2116 1907 n.
2147 1844 2242 1907 5.:
2286 1867 2321 1901 «
2355 1842 2514 1922 Quid
2547 1843 2820 1907 dicemus
2852 1844 2926 1908 de
2959 1845 3054 1921 iis,

595 1944 703 2026 qui
750 1963 785 2006 a
833 1945 1168 2009 nativitate
1215 1944 1387 2009 surdi
1434 1964 1505 2008 ac
1550 1945 1713 2009 muti
1761 1947 1954 2009 sunt?
2001 1944 2169 2024 Quos
2207 1945 2370 2009 inter
2416 1945 2624 2010 fideles
2656 1965 3054 2010 numeramus

595 2045 795 2127 iisque
827 2046 1182 2129 baptizatis,
1218 2046 1271 2110 si
1318 2047 1579 2111 rationis
1626 2049 1941 2129 compotes
1988 2048 2115 2109 sint
2162 2066 2232 2110 ac
2278 2045 2622 2111 desiderent
2668 2049 3054 2111 sacramenta

593 2147 832 2229 reliqua
864 2148 1358 2213 ministramus...
1392 2149 1475 2213 Et
1506 2151 1715 2214 tamen
1763 2168 1834 2213 ea
1882 2148 2179 2233 mysteria
2210 2149 2288 2213 ab
2319 2148 2396 2212 iis
2429 2166 2573 2212 vero
2620 2150 2914 2230 concepto
2947 2168 3055 2231 ap-

593 2250 887 2334 prehendi
920 2271 990 2315 ac
1027 2250 1209 2329 credi,
1243 2252 1345 2316 vix
1384 2252 1671 2316 credibile
1701 2254 1816 2330 est,
1851 2251 1972 2315 nisi
2012 2251 2088 2315 ad
2125 2251 2388 2334 speciale
2431 2250 2804 2315 miraculum
2841 2252 3055 2316 confu—

593 2371 737 2437 gere
787 2355 1049 2419 velimus
1082 2379 1142 2418 ».

686 2456 885 2519 Diana
919 2457 1127 2521 tamen
1159 2457 1201 2520 1.
1237 2477 1286 2520 c.
1329 2477 1388 2520 n.
1423 2457 1482 2519 3.
1512 2458 1574 2519 et
1606 2476 1654 2520 s.
1695 2456 2052 2538 Alphonsus
2084 2456 2190 2520 lib.
2228 2457 2289 2519 2.
2323 2476 2383 2519 n.
2420 2457 2480 2519 2.
2507 2458 2857 2521 memorant
2889 2457 3055 2539 quod

593 2557 747 2622 dixit
787 2559 1103 2624 Tannerus
1136 2559 1200 2624 in
1234 2560 1292 2623 2.
1330 2560 1389 2622 2.
1418 2557 1571 2641 disp.
1604 2558 1662 2622 1.
1696 2579 1756 2640 q.
1790 2559 1846 2622 7.
1874 2557 2019 2622 dub.
2049 2560 2109 2622 2.
2137 2579 2196 2622 n.
2231 2558 2339 2623 49.
2375 2578 2591 2642 nempe
2611 2558 2777 2642 quod
2808 2559 3055 2625 etiamsi

593 2660 836 2725 dicatur
866 2662 1016 2726 fides
1048 2661 1334 2745 explicita
1366 2659 1632 2726 duorum
1657 2660 1882 2725 horum
1905 2662 2346 2745 mysteriorum
2377 2661 2735 2742 (Trinitatis
2759 2661 3054 2728 nimirum

592 2764 655 2827 et
686 2763 1165 2847 lucarnationis)
1190 2782 1319 2827 esse
1344 2782 1506 2826 nunc
1529 2763 1871 2827 necessaria
1896 2763 2260 2828 necessitate
2290 2763 2511 2839 medii;
2539 2766 2749 2829 tamen
2776 2764 2829 2829 si
2860 2765 3054 2847 aliqui

591 2865 719 2929 sint
744 2865 893 2931 adeo
918 2867 1057 2930 rudi
1082 2866 1420 2943 intellectu,
1448 2866 1523 2929 ut
1554 2886 1625 2930 ea
1657 2867 1954 2951 mysteria
1987 2867 2102 2931 sub
2127 2865 2374 2950 propria
2401 2866 2610 2947 aliqua
2635 2865 2885 2931 notione
2917 2884 3054 2931 con·

590 2967 789 3050 cipere
821 2969 995 3034 nullo
1029 2968 1211 3034 modo
1259 2969 1517 3052 possint,
1553 2969 1617 3032 hi
1651 2970 1856 3050 quoad
1895 2970 2010 3033 hoc
2057 2968 2457 3050 comparandi
2502 2969 2628 3033 sint
2672 2986 2815 3033 cum
2859 2968 3054 3033 infan—

595 3071 765 3135 tibus
797 3073 860 3135 et
889 3071 1103 3136 fatuiS.
1130 3071 1213 3134 Et
1235 3090 1380 3135 sane
1406 3070 1458 3136 si
1491 3070 1720 3133 fuerint
1744 3071 1872 3134 iam
1896 3070 2199 3153 baptizati
2222 3071 2286 3135 et
2319 3090 2441 3136 non
2464 3072 2876 3148 instruantur,
2903 3091 3054 3137 num

593 3174 868 3239 dicemus
890 3173 1163 3258 gratiam
1190 3173 1305 3236 Dei
1331 3174 1407 3235 ab
1446 3172 1595 3255 ipsis
1629 3172 1816 3249 abire,
1845 3191 1916 3237 eo
1954 3173 2120 3255 quod
2155 3192 2278 3239 non
2309 3173 2543 3239 faciant
2574 3175 2638 3238 id
2660 3174 2828 3257 quod
2857 3174 3054 3240 facere

591 3296 715 3341 non
762 3278 1075 3359 possunt?

682 3378 915 3460 Utique
940 3375 1122 3442 Croix
1153 3377 1410 3458 loquens
1435 3375 1507 3440 de
1531 3377 1736 3460 pueris
1759 3377 2092 3460 baptizatis
2117 3378 2224 3441 lib.
2255 3380 2314 3441 2.
2342 3398 2401 3443 n.
2433 3380 2559 3452 12.,
2586 3380 2692 3461 qui
2717 3380 2844 3443 iam
2868 3397 3052 3443 usum

593 3482 854 3547 rationis
887 3485 1036 3548 sunt
1066 3483 1293 3566 adepti,
1327 3483 1382 3547 si
1414 3483 1765 3548 moriantur
1788 3483 1917 3546 sine
1950 3482 2067 3547 fide
2093 3484 2347 3560 actuali,
2374 3502 2444 3547 eo
2477 3484 2642 3565 quod
2667 3484 2739 3546 de
2762 3484 2872 3546 illa
2895 3483 3051 3547 nihil

592 3585 984 3665 audiverunt,
1018 3587 1137 3652 etsi
1166 3605 1271 3651 eos
1295 3587 1605 3669 supponat
1627 3585 1690 3649 in
1716 3585 1891 3649 statu
1923 3585 2185 3669 gratiae,
2211 3588 2400 3670 negat
2423 3585 2684 3650 salvari:
2712 3584 2859 3665 quia
2881 3583 3052 3649 deest

593 3688 865 3754 conditio
914 3708 1130 3772 nempe
1176 3687 1326 3753 fides
1374 3687 1658 3753 actualis.
1707 3687 1821 3751 Est
1867 3686 2148 3752 doctrina
2194 3686 2523 3752 conformis
2565 3685 2837 3768 opinioni
2875 3682 3049 3764 Cani,

594 3787 777 3851 fidem
824 3791 1177 3872 explicitam
1224 3789 1550 3855 Trinitatis
1598 3791 1660 3853 et
1706 3789 2158 3854 lucarnationis
2196 3807 2326 3853 esse
2357 3787 2761 3852 necessariam
2798 3790 3055 3854 uecessi-

594 3889 725 3952 tate
772 3890 958 3954 medii
996 3890 1073 3954 ad
1119 3890 1388 3974 gloriam
1418 3890 1928 3970 consequendam,
1969 3910 2092 3956 non
2139 3891 2217 3954 ad
2253 3888 2792 3966 iustificationem3
2842 3890 2934 3955 ita
2981 3895 3053 3957 ut

592 3992 948 4076 contingere
996 3993 1193 4076 possit
1240 3993 1510 4072 aliquem
1542 3990 1932 4062 decedentem
1979 3995 2043 4058 in
2089 3993 2332 4058 iustitia
2377 4011 2499 4057 non
2547 3992 2798 4072 salvari,
2847 3995 3053 4060 confer

594 4091 820 4159 Suarez
854 4094 927 4158 de
974 4094 1155 4173 Fide,
1205 4092 1359 4176 disp.
1400 4095 1502 4158 12.
1538 4096 1684 4159 sect.
1722 4097 1782 4158 4.
1819 4116 1877 4161 n.
1915 4099 1974 4162 9.
2010 4095 2127 4161 Sed
2165 4096 2259 4160 est
2288 4094 2571 4160 doctrina
2618 4096 2811 4174 falsa;
2844 4096 3050 4181 gratia

592 4196 755 4260 enim
795 4198 970 4262 affert
1002 4216 1240 4280 semper
1271 4216 1478 4262 secum
1516 4198 1613 4263 ius
1646 4197 1723 4262 ad
1761 4200 2065 4284 gloriam:
2092 4215 2282 4280 quare
2312 4197 2708 4284 Augustinus
2736 4198 3054 4281 reprehen-

592 4297 778 4362 debat
824 4299 1212 4384 Pelagianos,
1262 4299 1426 4380 quod
1475 4301 1704 4365 vellent
1742 4301 2035 4384 parvulos
2083 4319 2212 4365 esse
2259 4301 2389 4365 sine
2437 4305 2687 4385 peccato
2732 4302 2795 4364 et
2841 4301 3051 4364 tamen

596 4400 864 4483 gloriam
895 4419 1017 4466 non
1050 4402 1359 4483 consequi.
1394 4402 1561 4467 Audi
1591 4403 1772 4487 Lugo
1791 4403 1865 4467 de
1890 4402 2051 4467 Fide
2082 4402 2239 4486 disp.
2271 4405 2372 4468 12.
2399 4425 2461 4468 n.
2497 4405 2589 4468 3.:
2629 4425 2664 4460 «
2690 4398 3051 4467 Communis

591 4503 657 4564 et
690 4521 831 4566 vera
865 4504 1171 4569 sententia
1203 4503 1400 4582 docet,
1434 4505 1739 4570 neminem
1773 4506 2059 4570 adultum
2097 4524 2276 4588 posse
2308 4502 2632 4570 iustificari
2678 4502 2809 4568 sine
2841 4503 3052 4586 aliquo
