3497 5147
355 355 538 431 [1044]
1077 372 1163 412 nn
1199 370 1536 449 Qas‘rmrrn
1571 375 1647 414 m
1684 374 2082 416 vmemiurn
2702 367 2812 423 773

446 466 608 533 Cum
632 467 945 534 castitatis
968 468 1170 534 virtus
1193 470 1467 535 nondum
1491 490 1669 536 suam
1695 472 2130 555 perfectionem
2162 475 2453 556 obtinuit,
2479 481 2552 543 ut
2581 479 2806 546 idcirco

354 572 577 655 sponte
608 571 1001 635 vehementes
1030 573 1241 637 motus
1272 572 1609 638 inordinati
1643 576 2168 658 concupiscentiae
2204 579 2550 664 insurgant,
2584 582 2810 647 nititur

350 675 564 737 tamen
597 674 814 737 contra
845 690 951 737 eos
975 673 1238 751 animuS,
1266 676 1338 738 ut
1368 675 1673 757 appetitui
1702 676 2083 754 dominetur3
2117 679 2170 742 is
2201 679 2428 745 dicitur
2450 684 2806 747 continens:

357 775 745 840 continentia
790 774 1025 840 scilicet
1069 775 1172 840 via
1219 777 1316 840 est
1361 777 1435 841 ad
1484 779 1724 843 statum
1771 780 1964 845 animi
2000 782 2429 864 tranquillum,
2461 784 2802 850 dominium

356 877 640 942 habentis
672 878 737 941 in
762 895 907 942 suas
931 877 1476 961 concupiscentiaS,
1508 899 1620 945 seu
1649 881 1727 945 ad
1759 881 2091 964 perfectam
2123 885 2498 950 castitatem.
2525 884 2619 951 Of.
2653 889 2712 951 2.
2742 890 2802 953 2.

348 1000 412 1063 q.
449 981 597 1045 155.
632 998 689 1043 a.
733 981 790 1043 1.

440 1082 808 1147 Pulcritudo
847 1083 912 1147 et
939 1082 1121 1147 decor
1157 1084 1442 1148 convenit
1485 1086 1737 1167 speciali
1773 1087 2014 1151 ratione
2051 1087 2196 1153 huic
2235 1088 2474 1154 virtuti.
2513 1088 2614 1155 Sic
2659 1111 2805 1157 sane

354 1186 429 1251 de
461 1185 872 1266 temperantia
900 1185 1182 1266 loquitur
1211 1204 1260 1250 ε.
1296 1186 1569 1252 Thomas
1590 1206 1648 1269 q.
1690 1189 1838 1251 141.
1873 1207 1930 1253 a.
1971 1190 2031 1251 2.
2065 1189 2143 1253 3(1
2175 1191 2236 1253 3.
2277 1214 2312 1249 ‹
2344 1188 2642 1270 Quamvis
2675 1194 2808 1276 pul·

353 1287 594 1355 critudo
626 1286 953 1352 conveniat
988 1287 1244 1352 cuilibet
1278 1288 1520 1364 virtuti,
1554 1290 1917 1355 excellenter
1947 1292 2155 1355 tamen
2181 1292 2550 1358 attribuitur
2572 1297 2806 1378 tempe-

351 1389 593 1455 rantiae
611 1388 817 1472 (cuius
832 1408 977 1472 pars
993 1391 1089 1454 est
1111 1390 1397 1474 castitas)
1418 1390 1650 1473 duplici
1673 1393 1933 1457 ratione.
1960 1393 2171 1458 Primo
2194 1393 2444 1475 quidem
2467 1396 2803 1462 secundum

352 1492 657 1556 rationem
688 1510 1077 1556 communem
1123 1491 1591 1575 temperantiae,
1624 1493 1702 1557 ad
1740 1513 1930 1576 quam
1963 1496 2230 1576 pertinet
2261 1497 2565 1577 quaedam
2601 1499 2806 1563 mode-

350 1595 491 1660 rata
522 1596 582 1657 et
616 1593 980 1658 conveniens
1012 1594 1351 1676 proportio,
1389 1594 1455 1659 in
1486 1614 1610 1676 qua
1640 1596 1927 1661 consistit
1960 1597 2123 1662 ratio
2170 1598 2625 1679 pulcritudinis.
2658 1601 2800 1666 Alio

352 1696 536 1762 modo
568 1697 716 1777 quia
747 1715 820 1760 ea
867 1715 904 1760 a
934 1695 1160 1777 quibus
1205 1694 1475 1761 refrenat
1520 1698 1951 1780 temperantia,
1989 1700 2138 1763 sunt
2171 1699 2386 1764 infima
2430 1700 2495 1764 in
2531 1701 2798 1783 homine,

345 1797 771 1864 convenientia
803 1796 923 1862 sibi
953 1796 1292 1862 secundum
1312 1798 1607 1862 naturam
1636 1799 1961 1864 bestialem
1998 1802 2062 1864 et
2090 1800 2227 1865 ideo
2259 1819 2332 1865 ex
2354 1801 2443 1866 eis
2472 1804 2675 1886 magis
2706 1806 2803 1869 est

344 1903 531 1966 natus
554 1901 739 1965 homo
764 1900 1102 1984 deturpari.
1127 1901 1210 1966 Et
1230 1921 1338 1985 per
1360 1920 1733 1985 consequens
1765 1904 2118 1986 pulcritudo
2140 1905 2408 1970 maxime
2433 1906 2801 1973 attribuitur

343 2003 810 2086 temperantiae,
844 2021 1002 2085 quae
1031 2003 1356 2086 praecipue
1393 2005 1844 2086 turpitudinem
1877 2007 2144 2072 hominis
2175 2008 2347 2073 tollit
2377 2034 2439 2072 ».
2847 2025 2852 2028 ·

438 2101 650 2175 lna-4.
686 2105 1035 2191 Virginitas
1072 2105 1401 2189 dupliciter
1448 2107 1775 2190 accipitur:
1815 2111 1883 2172 1⁰
1909 2129 2021 2194 pro
2067 2111 2429 2195 integritate
2475 2113 2695 2192 carnis,
2729 2114 2800 2178 li·

347 2206 663 2273 bidinosae
694 2208 1087 2293 contagionis
1133 2211 1377 2292 experte
1408 2211 1473 2274 et
1508 2210 1624 2275 hoc
1659 2214 1842 2293 pacto
1876 2213 2127 2277 tantum
2153 2231 2277 2278 non
2315 2215 2411 2279 est
2441 2215 2660 2293 virtus,
2693 2215 2799 2280 sed

347 2310 581 2375 honum
602 2312 883 2389 naturae,
909 2329 1179 2392 quocum
1204 2330 1415 2376 omnes
1444 2312 1779 2377 nascimur.
1804 2313 1968 2378 Hinc
1991 2313 2268 2396 quandiu
2296 2316 2626 2400 integritas
2649 2317 2800 2382 haec

345 2413 575 2489 manet,
609 2414 821 2476 manet
850 2412 1043 2477 etiam
1073 2414 1281 2478 status
1310 2413 1440 2488 ille,
1472 2415 1582 2496 qui
1612 2416 2024 2480 communiter
2059 2416 2418 2481 nominatur
2445 2417 2795 2501 virginitas.

521 2516 590 2579 2ο
628 2514 976 2600 Virginitas
1022 2516 1119 2580 est
1154 2515 1357 2581 virtus
1389 2518 1452 2582 et
1497 2517 1585 2583 sic
1629 2518 1766 2601 ipsa
1812 2538 2026 2602 reapse
2059 2537 2182 2584 non
2227 2519 2431 2584 differt
2461 2539 2498 2584 a
2528 2520 2797 2603 perfecta

342 2622 409 2683 et
437 2622 733 2702 perpetua
771 2619 1065 2684 castitate
1095 2617 1171 2683 cf.
1205 2640 1266 2683 n.
1300 2639 1426 2701 seq.
1460 2621 1659 2686 Prout
1682 2622 1747 2685 in
1771 2625 1975 2687 mente
2001 2626 2115 2703 est,
2132 2624 2268 2706 ipsa
2291 2625 2385 2688 est
2407 2625 2795 2707 propositum

342 2739 466 2786 non
503 2720 707 2785 solum
752 2722 1046 2803 perpetuo
1097 2721 1443 2786 abstinendi
1490 2741 1528 2786 a
1563 2724 1846 2805 qualibet
1889 2725 2294 2790 delectatione
2324 2746 2601 2805 venerea,
2641 2728 2700 2791 h.
2740 2747 2791 2792 e.

279 2908 288 2916 .
342 2841 662 2904 nunquam
690 2823 868 2886 illam
899 2823 1088 2888 libere
1134 2823 1523 2903 admittendi,
1555 2825 1662 2890 sed
1710 2828 1774 2890 et
1805 2829 2100 2909 perpetuo
2148 2829 2431 2893 servandi
2475 2830 2797 2914 integrita-

341 2931 471 2993 tem
502 2926 703 2990 carnis
734 2924 922 3008 (quae
950 2926 1216 2992 maxime
1247 2946 1312 2991 se
1358 2928 1751 2992 commendat
1794 2928 1859 2992 in
1897 2928 2187 3013 feminis),
2234 2932 2541 3012 quatenus
2588 2934 2684 2996 est
2727 2933 2791 2997 in

340 3030 472 3095 eius
518 3029 863 3113 potestate:
913 3028 1223 3094 obiectum
1261 3030 1472 3094 autem
1519 3030 1671 3104 eius,
1719 3032 1887 3094 circa
1933 3031 2095 3112 quod
2137 3032 2272 3115 ipsa
2310 3035 2612 3106 versatur,
2648 3036 2795 3099 sunt

334 3131 774 3198 delectationes
807 3150 1097 3196 venereae
1127 3132 1191 3196 in
1222 3133 1399 3215 parte
1431 3133 1688 3197 animali
1724 3134 1788 3197 et
1817 3132 2147 3217 integritas
2184 3134 2413 3199 carnis:
2454 3134 2620 3215 quod
2647 3155 2791 3201 vero

333 3235 486 3300 facit
515 3237 609 3299 est
640 3234 791 3319 fuga
830 3234 1169 3300 deliberata
1200 3236 1277 3299 ab
1309 3235 1435 3299 illis
1468 3238 1530 3300 et
1559 3236 1947 3300 conservatio
1978 3235 2184 3299 huius.

426 3335 584 3401 Cum
618 3336 1013 3417 propositum
1056 3335 1302 3413 dicitur,
1342 3354 1466 3400 non
1510 3336 1888 3420 intelligitur
1934 3356 2040 3419 per
2087 3356 2150 3400 se
2197 3340 2444 3414 votum3
2484 3340 2630 3418 quia
2663 3341 2791 3403 sine

338 3437 455 3501 hoc
478 3440 684 3520 potest
721 3456 852 3501 esse
883 3436 1064 3499 firma
1098 3435 1391 3500 voluntas
1422 3437 1852 3521 virginitatem
1885 3435 2186 3501 servandi.
2225 3436 2646 3502 Nihilominus
2669 3439 2793 3505 fere

343 3556 580 3620 semper
610 3559 751 3603 cum
775 3539 924 3603 voto
956 3537 1384 3621 coniungitur:
1418 3540 1492 3601 ut
1514 3538 1738 3602 idcirco
1773 3538 1995 3602 dixerit
2018 3558 2067 3602 s.
2094 3540 2366 3604 Thomas
2400 3559 2455 3603 a.
2490 3542 2549 3602 3.
2593 3540 2670 3603 ad
2694 3542 2790 3605 4.:

343 3665 379 3698 «
412 3639 759 3724 virginitas,
794 3639 1130 3704 secundum
1166 3638 1334 3722 quod
1370 3642 1465 3704 est
1503 3640 1723 3715 virtus,
1763 3640 2065 3723 imwrtat
2095 3641 2482 3723 propositum
2515 3643 2661 3706 voto
2693 3642 2793 3705 fir·

345 3743 589 3806 matum
635 3742 1021 3827 integritatis
1065 3743 1362 3827 perpetuo
1407 3741 1741 3807 servandae
1774 3767 1835 3804 ».
1885 3742 2131 3806 Dicitur
2163 3748 2496 3823 perpetuo:
2535 3744 2589 3808 si
2627 3744 2789 3808 enim

338 3845 644 3910 abstinere
670 3844 763 3907 vis
790 3844 867 3907 ab
892 3845 1060 3909 omni
1084 3863 1340 3910 venerea
1358 3844 1765 3909 delectatione
1790 3863 1985 3926 usque
2009 3844 2087 3909 ad
2103 3845 2374 3928 nuptias,
2407 3847 2790 3932 vitginitatis

336 3945 579 4031 proprie
626 3945 926 4011 virtutem
971 3966 1093 4012 non
1136 3948 1347 4025 habes,
1395 3947 1542 4010 licet
1587 3947 1816 4011 habeas
1863 3948 2208 4023 castitatis3
2259 3950 2405 4030 quia
2461 3949 2789 4034 virginitas

334 4068 531 4132 neque
576 4067 642 4113 re
687 4068 883 4130 neque
928 4049 1153 4114 affectu
1197 4049 1513 4115 conciliari
1557 4050 1767 4132 potest
1812 4067 1952 4113 cum
1998 4050 2334 4115 violatione
2383 4054 2493 4114 aut
2529 4050 2788 4115 delecta-

333 4153 502 4218 tione
547 4169 825 4229 venerea,
874 4169 1062 4232 quam
1107 4152 1200 4215 vis
1248 4151 1509 4217 volendo
1556 4151 1809 4234 nuptias
1855 4150 2003 4234 (nisi
2048 4151 2202 4216 velis
2245 4152 2312 4215 in
2348 4152 2498 4235 ipsis
2545 4171 2787 4217 servare

325 4254 805 4341 integritatem).
846 4252 1094 4318 Lessius
1129 4253 1172 4317 1.
1207 4255 1269 4317 4.
1308 4274 1360 4319 c.
1402 4255 1461 4317 2.
1488 4275 1547 4318 11.
1592 4254 1697 4317 97.

423 4357 826 4440 Propositum
862 4356 1033 4421 istud
1063 4356 1460 4422 determinari
1490 4376 1598 4439 per
1628 4376 1692 4421 se
1724 4357 1932 4441 potest
1963 4376 2034 4420 ex
2064 4356 2199 4422 sola
2233 4356 2536 4421 obiectiva
2566 4358 2790 4441 pulcri-

337 4459 550 4525 tudine
586 4461 650 4524 et
681 4460 1050 4542 perfectione
1087 4458 1370 4523 virtutis:
1422 4459 1571 4524 adeo
1620 4462 1828 4523 tamen
1876 4478 1971 4523 res
2010 4459 2106 4523 est
2135 4458 2405 4523 difficilis
2435 4458 2790 4524 infirmitati

332 4564 599 4642 nostrae,
639 4564 714 4626 ut
744 4564 864 4628 nisi
895 4562 1066 4628 aliud
1103 4562 1523 4646 praestantius
1567 4562 1878 4626 motivum
1926 4561 2193 4640 accedat,
2227 4579 2348 4625 non
2396 4561 2636 4626 soleant
2682 4562 2789 4627 ho-

330 4665 528 4730 mines
552 4666 679 4730 tale
710 4667 1101 4751 propositum
1132 4664 1465 4748 concipere.
1500 4664 1744 4730 Motiva
1776 4664 2230 4748 praestantiora
2261 4665 2409 4729 sunt
2440 4684 2614 4730 amor
2650 4664 2784 4751 Dei,
