3497 5147
325 336 471 411 [737]
1086 351 1288 393 OPERA
1327 352 1438 393 Dm
1474 352 1663 395 mero
1699 353 2034 395 momen-A
2695 342 2799 395 551

326 450 570 515 stillare
619 449 718 514 die
768 449 949 514 festo.
1000 448 1178 529 Quod
1225 449 1279 514 si
1322 450 1619 515 notabilis
1653 449 1988 534 applicatio
2021 451 2124 515 vel
2157 453 2513 534 cooperatio
2562 453 2802 517 servilis

326 552 748 634 requireretur
782 551 959 633 (quid
1008 551 1177 616 valet
1224 551 1360 616 heic
1406 544 1477 611 τὸ
1522 551 1772 615 servilis
1788 552 1874 635 ἓ),
1924 554 1999 616 111
2045 553 2099 617 si
2148 571 2303 618 onus
2350 555 2512 618 esset
2557 554 2803 636 saepius

328 656 770 741 imponendum
792 658 858 721 et
894 654 1341 738 deponendum,
1376 655 1608 720 animal
1640 658 1887 741 saepius
1927 658 2272 722 exuendum
2318 659 2382 723 et
2426 657 2806 722 induendum

330 759 465 842 (sed
496 759 658 825 solet
704 778 779 823 ne
811 758 875 822 id
908 759 1264 843 contingere
1283 760 1361 842 P),
1410 759 1580 824 mola
1630 779 1813 843 saepe
1861 761 2256 840 obvertenda,
2306 761 2477 846 ligna
2523 760 2808 825 findenda

332 863 409 928 ad
447 861 847 927 nutriendum
876 862 1084 947 ignem
1118 863 1235 926 etc.
1268 860 1431 928 foret
1462 861 1758 927 illicitum
1791 886 1852 925 ».

1215 1036 1409 1101 Aliae
1455 1038 1903 1119 occupationes.

425 1203 599 1277 735.
659 1206 941 1290 S.A1ph.
999 1207 1042 1270 l.
1079 1227 1130 1270 c.
1181 1207 1373 1285 addit,
1436 1206 1501 1270 in
1547 1207 1809 1272 dubium
1861 1209 2094 1285 vocari,
2136 1227 2214 1272 an
2263 1207 2450 1272 liceat
2516 1208 2804 1272 manibus

335 1309 656 1375 emendare
703 1309 984 1374 triticum
1034 1311 1098 1374 et
1141 1309 1367 1385 innuit,
1409 1328 1446 1374 a
1478 1310 1850 1391 quibusdam
1899 1310 2182 1394 permitti
2231 1311 2308 1375 ad
2358 1310 2559 1376 otium
2607 1311 2807 1374 vitan-

335 1414 484 1477 dum
507 1412 673 1476 leves
709 1412 973 1488 labores),
1006 1413 1081 1476 ut
1117 1411 1433 1495 decerpere
1463 1430 1657 1490 rosas,
1698 1412 2073 1478 decorticare
2095 1432 2282 1496 poma
2300 1414 2417 1478 etc.
2451 1414 2533 1477 Et
2563 1412 2802 1477 subdit:

344 1540 379 1576 «
412 1513 527 1580 Sed
557 1514 623 1578 in
654 1513 753 1578 his
799 1513 1009 1596 potius
1048 1513 1372 1578 dicendum
1420 1515 1597 1597 put0‚
1638 1515 1804 1597 quod
1850 1516 2206 1598 requiratur
2254 1515 2459 1580 maius
2506 1514 2805 1597 temporis

338 1617 612 1702 spatium
646 1617 722 1681 ad
754 1615 1083 1681 materiam
1114 1635 1371 1700 gravem
1395 1641 1456 1680 ».

428 1719 665 1784 Verum
694 1718 845 1782 haec
876 1719 1190 1801 postrema
1221 1718 1440 1802 regula
1472 1718 1792 1802 quidpiam
1839 1720 1986 1784 novi
2018 1720 2235 1796 habet3
2287 1719 2513 1803 quippe
2560 1739 2631 1784 ex
2671 1718 2809 1801 ipsa

338 1824 565 1888 natura
605 1821 805 1905 operis
837 1822 934 1886 est
964 1820 1262 1885 iudicium
1310 1820 1649 1898 ferendum,
1689 1841 1768 1886 an
1813 1822 2000 1887 liceat
2030 1841 2217 1887 necne
2250 1823 2316 1886 et
2347 1821 2403 1887 si
2450 1821 2670 1886 servile
2703 1820 2807 1897 sit,

341 1927 634 2007 sequetur
655 1923 940 2008 regulam
971 1941 1394 1999 communem3
1431 1923 1525 1986 sin
1559 1923 1786 2000 minue,
1829 1924 2214 1989 diuturnitas
2241 1923 2442 2007 operis
2474 1941 2597 1987 non
2621 1922 2808 1987 faciet

340 2025 501 2091 illud
546 2025 781 2089 servile.
824 2023 941 2089 Sed
974 2027 1037 2088 et
1068 2024 1130 2088 in
1162 2024 1259 2088 his
1297 2025 1637 2107 plurimum
1671 2027 1879 2090 sensui
1913 2045 1983 2090 ac
2020 2026 2195 2109 praxi
2226 2025 2505 2090 fidelium
2539 2025 2812 2089 tribuen-

342 2129 511 2193 dum.
547 2126 636 2192 Cf.
674 2126 1269 2192 animadversionem
1302 2127 1570 2191 similem
1603 2128 1667 2192 in
1700 2148 1868 2210 seqq.

450 2273 516 2327 X.
538 2274 586 2327 8.
606 2269 798 2325 servile
823 2269 972 2336 aliqui
993 2285 1088 2323 non
1112 2278 1281 2338 putant
1309 2269 1415 2336 (alii
1434 2271 1724 2325 contrarium
1748 2278 1912 2325 tenent
1932 2279 1980 2325 et
2005 2278 2242 2326 excusant
2271 2286 2354 2338 per
2389 2269 2811 2333 consuetudinem,

343 2361 403 2412 ad
423 2357 576 2412 otium
599 2356 789 2422 aliaque
811 2354 975 2422 peiora
995 2355 1216 2423 vitanda)
1234 2354 1420 2418 venari,
1440 2357 1640 2409 Granat.
1664 2359 1711 2410 2.
1735 2360 1784 2409 2.
1806 2371 1850 2409 c.
1872 2358 1921 2408 3.
1940 2362 1976 2408 t.
2002 2358 2077 2410 12.
2101 2358 2147 2410 d.
2175 2357 2220 2409 4.
2243 2372 2283 2410 s,
2305 2357 2356 2409 7.
2379 2370 2426 2411 n.
2449 2357 2534 2408 65.
2560 2353 2809 2420 aucupari,

343 2441 570 2504 militare,
592 2439 815 2505 gladiari,
856 2439 1033 2508 piscari
1075 2441 1263 2502 (saltem
1301 2439 1357 2492 in
1390 2439 1670 2494 fluminibus
1706 2440 2026 2494 recreationis
2062 2439 2240 2510 gratia>
2279 2449 2328 2495 et
2365 2440 2569 2503 similia3
2599 2438 2806 2506 piscatio

342 2534 503 2583 tamen
524 2527 769 2580 moderata
791 2538 900 2579 esse
919 2526 1082 2579 debet.
1105 2526 1170 2579 V.
1188 2524 1357 2590 Laym.
1378 2532 1427 2579 et
1448 2523 1553 2580 Fill.
1576 2532 1609 2579 t.
1633 2526 1716 2580 27.
1736 2540 1781 2580 c.
1805 2527 1854 2579 9.
1875 2542 1922 2592 q.
1949 2527 2030 2580 12.
2054 2529 2173 2581 Bon.
2194 2527 2241 2581 d.
2265 2527 2314 2581 5.
2329 2540 2410 2593 qu.
2434 2527 2482 2579 ⁴.
2503 2540 2552 2593 p.
2577 2526 2695 2578 2.11.
2718 2524 2804 2577 25.

343 2615 520 2667 Escob.
546 2612 631 2679 qui
657 2614 817 2672 docet,
844 2609 1140 2664 laboriosam
1166 2616 1215 2665 et
1252 2625 1313 2664 ex
1352 2611 1515 2664 omcio
1541 2625 1638 2665 non
1676 2610 1842 2666 licere.
1869 2610 2104 2666 Similiter
2129 2610 2327 2678 quidam
2352 2618 2591 2665 excusant
2618 2611 2808 2677 puellas

344 2700 405 2751 ad
444 2697 596 2751 olium
626 2696 876 2750 vitandum
901 2710 993 2749 acu
1025 2694 1295 2762 pingentes,
1320 2695 1455 2750 Arm.
1480 2700 1628 2759 Azor,
1656 2698 1849 2760 PalauS,
1875 2697 1956 2762 sa,
1982 2698 2250 2750 Mai-cham.
2278 2697 2344 2750 V.
2371 2695 2515 2750 Dian.
2541 2710 2588 2761 p.
2612 2697 2661 2747 6.
2691 2698 2726 2745 t.
2754 2693 2808 2746 6.

343 2797 385 2835 r.
418 2785 434 2834 Ἰ
449 2784 497 2834 5.
524 2790 571 2836 et
610 2797 655 2847 p.
688 2782 734 2835 4.
763 2789 824 2835 tr.
853 2781 900 2834 4.
926 2795 969 2834 r.
996 2783 1082 2834 62.

1084 2936 1186 3003 De
1232 2939 1557 3003 venatione
1604 2943 1666 3002 ct
1694 2940 2065 3021 piscatione.

440 3092 612 3167 736.
648 3095 708 3161 S.
744 3096 930 3180 Alph.
966 3115 1025 3160 n.
1064 3096 1253 3160 283.:
1294 3122 1330 3155 «
1363 3094 1767 3162 Communior
1799 3098 1865 3162 et
1892 3097 2271 3181 probabilior
2303 3096 2668 3179 (sententia)
2714 3115 2818 3159 ne-

349 3202 481 3285 gat,
530 3218 661 3265 esse
709 3199 1046 3284 prohibita,
1080 3199 1199 3265 etsi
1244 3198 1400 3264 fiant
1446 3219 1636 3265 causa
1688 3200 1875 3276 lucri3
1927 3202 2026 3265 vel
2071 3201 2219 3283 quia
2264 3218 2390 3265 non
2438 3201 2585 3264 sunt
2633 3216 2818 3282 opera

350 3302 663 3368 servilia...
712 3302 814 3367 vel
858 3302 1004 3385 quia
1053 3302 1278 3366 saltem
1326 3306 1698 3369 excusantur
1744 3303 2208 3380 consuetudine,
2257 3304 2332 3367 ut
2378 3305 2542 3366 recte
2579 3301 2688 3366 alii
2732 3302 2821 3365 te-

350 3408 561 3471 nent...
614 3404 901 3490 Intellige
946 3404 1130 3469 modo
1178 3404 1331 3469 haec
1397 3404 1553 3470 fiant
1609 3406 1737 3470 sine
1803 3424 2031 3489 magno
2079 3404 2333 3469 labore:
2384 3403 2539 3467 alias
2585 3403 2826 3468 frustra

351 3509 663 3574 videretur
708 3506 1075 3575 Pontificem
1119 3507 1503 3590 dispensasse
1549 3508 1614 3571 in
1658 3508 2000 3590 piscatione
2045 3508 2332 3573 halecum
2376 3505 2442 3568 in
2487 3523 2619 3586 cap.
2648 3506 2709 3567 3.
2743 3504 2819 3567 de

354 3610 567 3676 Feriis
613 3635 674 3674 ».

442 3712 567 3778 Ubi
611 3712 854 3790 videtiS,
903 3712 1233 3777 subinferri
1267 3711 1457 3777 aliam
1502 3711 1806 3796 regulam,
1841 3711 1973 3774 scil.
2008 3727 2138 3774 esse
2170 3706 2625 3790 occupationes,
2659 3724 2818 3787 quae

353 3834 465 3897 pro
513 3833 704 3898 parvo
751 3814 852 3880 vel
896 3833 1126 3899 magno
1171 3815 1385 3879 labore
1429 3814 1758 3879 videantur
1801 3814 2047 3877 mutare
2093 3813 2413 3876 naturam:
2460 3809 2609 3874 licet
2663 3807 2824 3873 alias

357 3918 709 3993 viderimuS‚
758 3918 823 3981 in
871 3917 1012 3982 aliis
1060 3918 1409 3984 actionibus
1464 3917 1978 4001 defatigationem
2037 3934 2159 3979 non
2221 3914 2469 3978 mutare
2524 3915 2819 3977 naturam

358 4038 631 4103 operum.
697 4018 869 4099 Quae
933 4021 1286 4097 ostendunt,
1334 4020 1505 4104 praxi
1555 4021 1619 4084 et
1665 4017 2110 4083 consuetudine
2158 4035 2229 4080 ac
2278 4035 2461 4081 sensu
2508 4013 2820 4080 communi

357 4122 627 4205 plurima
672 4122 1066 4189 diiudicanda
1114 4125 1343 4207 potine,
1392 4143 1582 4206 quam
1613 4122 1874 4188 theoriis
1922 4120 2335 4206 generalibus.

1007 4299 1110 4366 De
1154 4303 1422 4366 rosariis
1467 4307 1531 4366 et
1571 4302 2013 4383 scapularibus
2051 4306 2161 4365 etc.

450 4447 623 4522 737.
660 4450 838 4537 Gury
885 4451 943 4535 g.
980 4448 1129 4513 356.
1180 4469 1240 4513 11.
1291 4450 1349 4511 2.
1387 4451 1633 4524 statuit,
1674 4476 1710 4510 «
1740 4470 1865 4517 11011
1919 4451 2102 4516 licere
2158 4468 2230 4514 ea
2277 4448 2493 4525 facere,
2534 4467 2692 4530 quae
2739 4449 2829 4514 le-

362 4573 501 4619 vem
547 4554 825 4620 laborem
865 4554 1123 4639 exigunt
1159 4554 1222 4617 et
1254 4570 1411 4632 quae
1445 4570 1481 4615 a
1512 4553 1890 4618 monialibus
1928 4553 2060 4617 fieri
2084 4552 2306 4628 solent,
2339 4570 2400 4613 v.
2435 4571 2529 4636 gr.
2565 4552 2830 4626 rosaria,
