3497 5147
692 346 801 400 538
836 359 1050 400 TRAc'r.
1074 360 1150 399 vr.
1171 357 1333 400 saer.
1357 359 1420 399 11.
1440 359 1525 399 na
1549 357 1830 400 sacunno
1849 359 2064 400 PnAnc.
2087 359 2415 401 bucmar.
2435 358 2569 400 cAP.
2583 359 2673 398 111.
2696 359 2840 400 nun.
2866 359 2995 400 vui.
3016 345 3158 420 [7101

694 458 858 521 recte
894 458 1119 533 censet,
1168 456 1414 538 quando
1461 455 1884 521 iuramentum
1930 456 2071 537 quis
2118 456 2328 521 emisit
2374 456 2451 520 ad
2496 455 2868 520 firmandum
2920 457 3159 521 nudum

696 559 1083 642 propositum
1132 577 1238 641 per
1269 577 1333 622 se
1364 576 1487 622 non
1535 558 2009 642 obligatorium
2059 577 2235 623 secus
2267 559 2321 623 si
2351 558 2772 623 iuramentum
2812 557 3050 624 addidit
3082 560 3159 624 ad

695 661 1180 726 confirmandam
1218 661 1688 744 promissionem
1722 661 2163 746 obligatoriam
2199 663 2330 727 Deo
2371 662 2621 727 factam.

785 759 941 834 710.
977 763 1194 844 Quoad
1230 763 1595 828 facultatem
1627 762 2038 843 dispensandi
2080 764 2160 827 ab
2197 765 2356 828 votis
2392 763 2769 828 reservatis:
2802 783 3160 846 quanquam

654 949 661 957 .
691 866 844 930 haec
877 868 1025 930 vota
1055 866 1369 929 reservata
1409 864 1534 928 sint
1566 863 1707 928 Sedi
1738 865 2161 948 Apostolicae;
2204 867 2414 930 tamen
2457 865 2520 930 in
2559 884 2706 930 casu
2744 866 3025 950 urgentis
3062 884 3163 929 ne·

695 968 1026 1043 cessitatis,
1075 966 1320 1049 quando
1368 966 1653 1031 videlicet
1699 985 1821 1031 non
1868 969 2042 1050 patet
2086 967 2287 1032 facilis
2343 967 2550 1033 aditus
2597 985 2707 1032 seu
2749 986 3034 1032 recursus
3083 967 3158 1031 ad

696 1093 777 1139 ss.
812 1073 1177 1137 Pontificem
1216 1073 1279 1136 et
1325 1072 1560 1153 alioqui
1605 1072 1669 1135 in
1714 1090 1892 1137 mora
1938 1073 2281 1156 periculum
2329 1073 2507 1138 adest
2553 1073 2763 1157 gravis
2795 1072 3007 1138 damni
3043 1072 3162 1154 spi-

695 1176 945 1240 ritualis
969 1175 1056 1256 (v.
1083 1195 1175 1259 gr.
1205 1173 1563 1239 violationis
1593 1175 1736 1250 voti,
1768 1173 2076 1252 scandali,
2110 1176 2401 1239 rixarum
2429 1179 2544 1239 aut
2570 1173 2835 1240 alterius
2866 1175 3157 1254 peccati),

698 1278 797 1342 vel
836 1276 1195 1359 temporalis
1233 1275 1466 1359 proprii
1496 1277 1595 1340 vel
1629 1275 1812 1341 alieni
1843 1278 1929 1357 (v.
1964 1297 2058 1362 gr.
2093 1278 2302 1360 gravis
2340 1276 2635 1342 infamiae
2680 1277 2961 1341 mulieris
2992 1278 3157 1358 etc),

699 1382 849 1446 tunc
894 1379 1244 1463 dispensare
1292 1380 1550 1462 possunt
1599 1380 1789 1443 etiam
1827 1379 2136 1463 Episcopi,
2171 1398 2279 1445 seu
2314 1379 2424 1443 alii
2471 1379 2881 1462 episcopalem
2915 1377 3161 1443 iurisdi-

700 1484 969 1548 ctionem
1012 1483 1330 1548 habentes.

790 1587 924 1651 Imo
962 1605 1103 1649 cum
1150 1585 1435 1668 Episcopi
1485 1585 1633 1649 tunc
1679 1584 2032 1667 dispensent
2078 1584 2212 1649 iure
2259 1583 2590 1661 ordinario,
2625 1603 2673 1648 s.
2699 1583 2885 1665 Alph.
2919 1602 2977 1646 n.
3009 1583 3158 1646 258.

702 1691 827 1754 not.
857 1691 916 1751 2.
944 1687 1113 1762 dicit,
1153 1685 1326 1750 valde
1347 1685 1766 1766 probabiliter
1795 1705 1973 1769 posse
1998 1687 2349 1769 dispensare
2389 1688 2580 1751 etiam
2612 1685 3054 1751 Mendicantes.
3082 1686 3162 1749 Et

700 1793 816 1857 hoc
848 1790 1225 1874 intelligitur
1261 1809 1507 1870 quoque
1538 1789 1611 1852 de
1650 1791 1796 1853 voto
1844 1789 2155 1854 castitatis
2188 1789 2378 1853 etiam
2411 1789 2488 1853 ad
2519 1788 2992 1854 matrimonium
3024 1806 3161 1854 con-

700 1893 1097 1968 trahendum3
1132 1912 1277 1957 nam
1312 1889 1588 1973 alioquin
1619 1892 1764 1974 post
1793 1894 2183 1957 contractum
2207 1892 2678 1957 matrimonium
2710 1895 2850 1957 tum
2871 1891 3161 1975 Episcopi

703 2000 840 2061 tum
872 1996 1291 2060 Mendicantes
1322 1996 1484 2058 citra
1513 1993 1715 2058 ullum
1730 1995 2089 2074 perieulum
2119 1997 2189 2058 in
2219 2015 2398 2059 mora
2426 1995 2776 2077 dispensare
2807 1997 3072 2077 possunt
3099 1995 3163 2058 in

701 2100 849 2164 voto
882 2097 1192 2162 castitatis
1225 2097 1302 2161 ad
1334 2097 1612 2161 debitum
1637 2097 1996 2179 petendum:
2024 2098 2117 2161 ita
2139 2098 2205 2162 et
2227 2098 2288 2161 in
2315 2098 2462 2163 voto
2487 2098 2903 2163 continentiae
2935 2098 3158 2162 emisso

701 2203 844 2284 post
889 2201 1276 2266 contractum
1324 2199 1814 2263 matrimonium.
1851 2197 1911 2263 S.
1948 2199 2131 2282 Alph.
2165 2199 2313 2263 ibid.
2346 2199 2410 2262 in
2441 2199 2546 2263 fin.

790 2303 958 2368 Nota
1008 2305 1235 2376 tamen,
1271 2303 1428 2365 hanc
1476 2320 1511 2364 a
1558 2303 1705 2365 voto
1755 2301 2067 2366 castitatis
2114 2302 2636 2384 dispensationem
2682 2303 2747 2366 in
2792 2322 2942 2368 casu
2989 2323 3164 2387 prae·

700 2408 899 2472 dictae
937 2405 1322 2470 necessitatis
1354 2424 1476 2468 non
1515 2421 1645 2468 esse
1678 2403 2145 2478 concedendam,
2186 2404 2307 2467 nisi
2339 2408 2648 2486 quatenus
2684 2406 3021 2470 necessitas
3053 2407 3160 2470 illa

702 2509 913 2593 exigit.
948 2507 1124 2572 Unde
1172 2507 1224 2569 si
1257 2505 1529 2568 sufficiat
1567 2504 1854 2587 suspendi
1891 2508 2132 2582 votum,
2172 2524 2294 2569 non
2341 2507 2572 2590 poterit
2608 2507 2977 2591 dispensari:
3013 2508 3163 2572 item

703 2614 757 2677 si
801 2611 1189 2693 dispensetur
1234 2628 1375 2672 cum
1423 2608 1687 2672 habente
1734 2608 2047 2672 castitatis
2094 2612 2332 2685 votum,
2384 2612 2457 2673 ut
2514 2610 2710 2674 nubat
2753 2629 2897 2675 cum
2952 2611 3163 2692 aliqua

705 2716 781 2779 ad
827 2712 1238 2795 reparandum
1284 2710 1556 2775 eiusdem
1609 2710 1927 2788 honorem,
1975 2712 2192 2794 nequit
2240 2712 2341 2776 ille
2387 2732 2530 2776 cum
2592 2712 2717 2776 alia
2760 2712 3010 2777 nubere.
3062 2713 3162 2776 Ita

705 2836 753 2881 s.
786 2816 971 2897 Alph.
1005 2815 1048 2878 l.
1081 2833 1133 2878 c.

794 2918 1088 2993 Tandem,
1140 2919 1213 2982 ut
1258 2917 1331 2981 de
1376 2916 1865 2983 commutatione
1911 2918 2134 2982 horum
2181 2921 2472 2983 votorum
2519 2918 2825 2983 dicamus:
2875 2918 2929 2982 si
2976 2917 3166 3000 quod-

705 3023 873 3105 piam
911 3040 982 3084 ex
1013 3019 1177 3085 votis
1208 3019 1536 3083 reservatis
1566 3019 1630 3083 in
1663 3020 1834 3084 aliud
1867 3038 2022 3101 opus
2054 3022 2491 3097 commutetur,
2525 3020 2790 3085 materia
2822 3020 3165 3103 subrogata

706 3145 777 3191 ex
821 3124 1135 3190 communi
1181 3125 1245 3188 et
1288 3122 1686 3206 probabiliori
1719 3123 2025 3188 sententia
2057 3123 2244 3188 habet
2275 3125 2491 3206 utique
2523 3123 2840 3188 vinculum
2871 3124 3028 3200 voti,
3062 3123 3165 3188 sed

705 3248 827 3293 non
872 3226 1370 3303 reservationem,
1406 3244 1565 3307 quae
1596 3225 1832 3308 primae
1878 3227 2128 3290 tantum
2175 3226 2473 3291 materiae
2519 3225 2821 3290 adstricta
2868 3227 3024 3290 erat.
3066 3226 3166 3289 Ita

706 3351 755 3394 s.
788 3331 972 3414 Alph.
1007 3350 1066 3393 n.
1104 3330 1252 3394 260.
1288 3329 1369 3393 Et
1400 3328 1560 3392 ratio
1592 3329 1787 3410 patet,
1823 3327 1970 3408 quia
2004 3328 2318 3393 vinculum
2351 3328 2787 3393 reservationis
2826 3347 2933 3411 per
2963 3328 3165 3411 ipsam

704 3433 1257 3498 commutationem
1287 3431 1573 3516 legitima
1611 3430 1987 3494 auctoritate
2021 3431 2338 3495 sublatum
2370 3432 2484 3495 est.
