3497 5147
283 354 413 430 [601]
458 409 463 418 ,
1215 370 1299 409 ms
1337 369 1764 411 ADIURATIONE:
2604 360 2710 414 463

281 466 573 532 sollemnis
607 465 946 530 vindicavit
975 466 1093 530 sibi
1126 466 1424 547 tanquam
1464 467 1782 549 proprium
1818 485 2039 531 nomen
2075 468 2503 543 adiurationiS‚
2543 470 2603 532 h.
2654 489 2705 533 e.

276 563 628 645 ἑξορκισμὸς.

358 663 439 728 Ut
482 662 789 727 adiuratio
837 665 999 729 recte
1045 663 1178 736 fiat,
1212 664 1336 728 tria
1382 664 1803 745 requiruntur,
1845 665 1935 728 ait
1984 684 2031 728 S.
2089 665 2274 748 Alph.
2309 665 2381 729 de
2442 665 2710 731 Adiura-

278 767 427 831 tione
471 787 528 829 n.
565 767 648 844 2.,
682 766 846 830 sicut
889 766 953 829 in
999 766 1346 830 iuramento
1384 767 1633 842 veritas,
1666 767 1933 842 iustitia,
1966 767 2284 832 iudicium.
2338 768 2605 845 Veritas,
2638 772 2712 833 ut

276 868 545 932 adiurans
581 887 723 932 vere
758 868 1043 932 intendat
1088 869 1331 950 assequi
1377 868 1542 950 quod
1588 869 1745 952 petit
1778 872 1840 933 et
1871 888 2015 933 vera
2062 870 2147 934 sit
2178 889 2366 934 causa
2399 871 2477 935 ob
2523 891 2713 953 quam

275 971 454 1053 petit:
487 971 540 1034 si
602 971 762 1035 desit
808 972 1020 1034 autem
1066 970 1315 1047 veritaS‚
1363 990 1504 1035 raro
1554 970 1673 1035 erit
1716 971 2049 1054 plusquam
2098 974 2357 1049 veniale,
2398 993 2614 1057 nempe
2661 975 2713 1038 si

272 1071 436 1136 fictus
478 1091 714 1156 pauper
760 1073 934 1156 petat
970 1091 1077 1155 per
1106 1073 1309 1137 Deum
1345 1073 1816 1157 eleemosynam.
1851 1073 2131 1150 Rastitia,
2165 1076 2239 1138 ut
2283 1076 2561 1159 graviter
2582 1095 2715 1159 pec-

270 1175 421 1237 caret
464 1194 595 1238 rem
641 1175 853 1257 petens
890 1174 1167 1258 graviter
1202 1175 1453 1248 malam,
1489 1195 1560 1239 ex
1591 1176 1905 1239 communi
1938 1177 2095 1251 DD.,
2145 1179 2334 1242 etiam
2382 1181 2596 1261 petens
2633 1179 2713 1243 le-

269 1276 413 1339 viter
431 1276 687 1354 malam,
713 1276 887 1341 iuxta
912 1276 1078 1340 dicta
1111 1275 1260 1340 alibi
1292 1275 1366 1340 cf.
1394 1298 1453 1340 n.
1482 1279 1588 1340 41.
1616 1276 1951 1354 Iudicium,
1978 1278 2138 1343 idest
2170 1279 2376 1344 debita
2401 1280 2710 1356 discretio,

266 1377 427 1441 cuius
463 1377 746 1443 absentia
777 1379 940 1443 certe
976 1396 1098 1442 non
1132 1380 1227 1443 est
1257 1379 1377 1442 nisi
1408 1379 1687 1445 venialis.

344 1480 478 1545 Etsi
509 1481 757 1565 privata
793 1479 1103 1545 adiuratio
1152 1482 1438 1546 omnibus
1470 1483 1643 1547 licita
1676 1483 1788 1558 sit;
1825 1484 2140 1548 sollemnis
2174 1486 2383 1549 tamen
2429 1486 2575 1550 licet
2622 1505 2714 1550 so·

264 1581 385 1645 lum
416 1583 719 1647 ministris
749 1583 1057 1648 Ecclesiae
1089 1583 1166 1646 ad
1203 1602 1340 1647 eam
1373 1584 1688 1666 deputatis
1719 1587 1784 1648 et
1814 1586 2063 1666 quidem
2087 1605 2229 1650 cum
2260 1605 2544 1669 expressa
2575 1587 2715 1670 Epi-

265 1685 422 1767 scopi
447 1685 723 1761 licentia‚
760 1684 908 1750 ibid.
940 1705 1000 1749 n.
1036 1686 1097 1750 4.
2250 1676 2254 1682 ’

346 1785 600 1865 Quaerit
644 1787 809 1852 idem
855 1805 934 1851 an
980 1788 1244 1852 mortale
1292 1787 1377 1852 sit
1422 1807 1712 1870 quaerere
1760 1809 1795 1853 a
1841 1790 2138 1856 daemone
2184 1811 2374 1857 unam
2422 1793 2518 1857 vel
2567 1793 2716 1858 alte-

266 1907 396 1952 ram
423 1909 551 1953 rem
585 1889 892 1955 curiosam
923 1890 989 1953 in
1019 1890 1304 1954 sollemni
1323 1891 1729 1956 adiuratione.
1759 1892 2112 1975 Respondet
2140 1914 2306 1972 vero,
2332 1894 2714 1979 probabilius

263 2009 391 2055 esse
435 1992 600 2073 quod
643 1992 729 2056 sit
772 1991 1032 2068 veniale,
1081 1992 1135 2056 si
1182 1991 1297 2055 fiat
1349 1993 1719 2075 imperativo
1784 1995 2001 2070 modo;
2053 1996 2299 2061 videtur
2352 1998 2514 2063 enim
2561 1997 2716 2063 levis

256 2096 532 2160 materia.

340 2195 667 2276 Quomodo
714 2197 928 2262 autem
973 2216 1184 2282 gerere
1231 2217 1295 2262 se
1341 2196 1563 2262 debeat
1630 2198 1939 2265 Ecclesiae
1992 2201 2277 2265 minister
2321 2203 2386 2266 in
2432 2202 2718 2268 sollemni

254 2298 670 2376 adiuratione,
709 2319 833 2365 non
881 2318 1036 2383 opus
1073 2302 1168 2365 est
1214 2300 1497 2382 pluribus
1528 2300 1779 2366 docere:
1830 2304 2146 2383 sequatur,
2190 2304 2264 2366 ut
2310 2322 2421 2387 par
2466 2307 2581 2380 est,
2630 2323 2720 2368 re-

257 2402 434 2484 gulas
471 2402 759 2467 Ritualis
789 2401 1059 2468 Romani
1089 2403 1153 2466 et
1176 2402 1386 2467 omnia
1417 2403 1567 2466 bene
1614 2423 1678 2468 se
1708 2405 2046 2470 habebunt.

334 2505 444 2569 Ait
482 2524 533 2569 a.
572 2504 761 2589 Alph.
787 2505 852 2568 in
884 2504 1022 2582 fine,
1057 2505 1468 2569 communiter
1514 2505 1712 2570 dicere
1761 2507 1920 2585 DD.‚
1955 2508 2122 2589 quod
2158 2509 2481 2575 exorcismi
2517 2509 2719 2576 Eccle-

250 2608 371 2671 siae
415 2609 700 2673 habeant
751 2608 880 2672 vim
909 2608 1246 2691 expellendi
1291 2608 1617 2673 daemones
1664 2610 1966 2691 tanquam
2011 2610 2159 2693 (vox
2205 2613 2300 2677 est
2343 2611 2721 2693 diminuens)

247 2729 315 2774 ex
349 2729 536 2794 opere
592 2714 868 2794 operato.
923 2709 1169 2775 Scilicet
1222 2712 1703 2776 exorcismorum
1751 2712 1844 2777 vis
1891 2731 2014 2777 non
2059 2713 2351 2779 innititur
2395 2715 2718 2779 sanctitati

245 2812 541 2891 ministri,
580 2813 690 2878 sed
734 2813 1113 2878 invocationi
1156 2813 1423 2877 nominis
1470 2814 1605 2889 Dei,
1654 2813 1799 2878 fidei
1830 2818 1893 2879 et
1924 2816 2248 2881 sanctitati
2292 2816 2620 2893 Ecclesiae,
2653 2817 2718 2881 in

242 2916 416 2980 cuius
464 2934 739 2999 persona
785 2916 1067 2980 minister
1130 2916 1265 3001 agit
1325 2917 1388 2979 et
1432 2916 1548 2979 sub
1595 2916 1712 2980 hoc
1766 2919 2047 3000 respectu
2099 2921 2386 2984 convenit
2430 2940 2572 2985 cum
2618 2919 2715 2995 iis,

245 3036 400 3099 quae
451 3020 800 3102 operantur
856 3036 930 3083 ex
976 3036 1155 3101 opere
1203 3020 1455 3101 operato
1506 3020 1694 3100 atque
1739 3019 1857 3084 hoc
1903 3022 1998 3086 est
2034 3022 2199 3103 quod
2246 3022 2520 3086 affirmat
2566 3022 2720 3087 San-

240 3120 382 3185 chez
415 3121 461 3185 L
507 3123 577 3185 2.
614 3140 666 3185 c.
700 3121 807 3184 42.
839 3141 900 3185 n.
939 3121 1041 3184 16.
1068 3120 1300 3186 citatus
1332 3140 1369 3184 a
1401 3120 1673 3205 Ligorio.
1715 3120 1935 3201 Quoad
1980 3124 2417 3190 certitudinem
2464 3142 2607 3188 vero
2640 3124 2722 3189 ef-

240 3220 460 3300 fectus,
503 3222 624 3306 qui
663 3221 740 3286 ad
788 3240 943 3306 opus
980 3224 1296 3304 sequatur.
1329 3242 1451 3287 non
1498 3217 1849 3300 necessita&
1884 3225 1988 3290 sed
2034 3227 2440 3311 congruentia
2470 3228 2722 3291 tantum

240 3324 513 3391 habetur
561 3324 755 3406 idque
791 3327 866 3390 ut
897 3325 1102 3390 verius
1148 3324 1424 3390 affirmat
1453 3326 1584 3408 ipse
1617 3325 1886 3392 Sanchez
1921 3326 2105 3403 ibid.;
2148 3329 2407 3410 ideoque
2431 3329 2721 3394 differunt

233 3428 453 3510 quoad
479 3429 613 3495 hoc
635 3429 952 3493 exorcismi
989 3448 1026 3492 a
1058 3428 1261 3493 causis
1294 3429 1701 3495 efficientibus
1734 3450 1805 3494 ex
1840 3449 2019 3512 opere
2054 3432 2327 3512 operato.
