3497 5147
637 342 751 399 710
947 353 1159 396 TRAOE'.
1185 354 1265 397 vx.
1292 353 1455 396 suom.
1482 354 1563 396 vr.
1577 354 1663 394 nn
1687 353 1880 396 snm
1901 354 1983 395 m·
2011 352 2175 395 nono
2199 351 2418 396 mna
2446 349 2758 393 nnoAmm
2961 335 3109 412 [801]
3235 352 3246 362 ·

728 452 1075 519 Delectatio
1106 470 1384 529 venerea,
1403 452 1741 528 luxuriosa,
1760 450 2110 530 libidinosa,
2139 448 2406 515 carnalis
2430 448 2681 533 perinde
2696 449 2924 514 sonant
2948 448 3114 532 apud

644 556 936 623 Morales.
993 607 1003 616 .

737 654 889 731 961.
931 655 1048 723 Sed
1075 657 1210 723 heic
1239 655 1433 721 latius
1467 655 1826 739 explicanda
1857 673 1954 720 res
1979 657 2091 735 est,
2120 654 2425 742 explicata
2465 652 2878 732 distinctione,
2919 672 3111 736 quam

647 761 720 828 A.
754 761 906 826 facit
935 760 1096 824 inter
1132 757 1603 823 delectationem
1642 776 1965 823 veneream
1997 757 2060 822 et
2091 755 2246 821 alias
2284 756 2603 821 sensibiles
2651 756 3109 822 delectationes.

746 891 781 924 «
812 863 989 943 Sane,
1024 864 1115 929 ait
1160 863 1232 927 Β.
1269 862 1433 947 apud
1479 861 1654 948 Gury
1701 862 1779 927 V.
1819 864 1875 926 1.
1915 863 2047 928 not.
2088 861 2165 926 ad
2214 862 2272 945 ς.
2300 862 2474 938 411.,
2510 861 2782 927 diversas
2823 861 2986 945 apud
3025 862 3112 926 di·

648 986 859 1035 versos
890 966 1022 1030 AA.
1070 964 1334 1048 reperire
1381 966 1477 1029 est
1521 965 1583 1029 in
1629 964 1747 1030 hac
1791 984 1857 1029 re
1897 961 2342 1029 distinctiones,
2393 959 2558 1026 Nam
2605 964 2848 1046 praeter
2894 963 3109 1027 distin·

647 1071 915 1142 ctionem
958 1087 1249 1133 venereae
1294 1066 1721 1132 delectationis
1769 1067 1832 1131 in
1901 1086 2226 1131 veneream
2275 1063 2634 1132 sensibilem
2680 1066 2743 1136 et
2787 1086 3112 1132 veneream

649 1171 1046 1255 spiritualem
1092 1171 1278 1254 (quae
1322 1173 1419 1238 est
1464 1171 1793 1238 delectatio
1857 1171 1924 1238 in
1983 1171 2119 1238 sola
2187 1170 2513 1238 voluntate
2583 1169 2880 1235 exsistens
2928 1169 3000 1234 de
3046 1188 3113 1234 re

649 1275 847 1359 turpi)
894 1292 1103 1357 quam,
1143 1274 1285 1356 post
1316 1271 1832 1337 Salmanticenses
1886 1273 1961 1336 de
2009 1273 2079 1336 6⁰
2111 1271 2458 1351 Praecepto
2503 1290 2556 1336 c.
2591 1271 2652 1335 3.
2687 1291 2746 1334 n.
2788 1272 2917 1348 31„
2967 1291 3111 1342 cum

650 1377 964 1448 nonnullis
996 1375 1249 1442 admisit
1279 1375 1624 1461 Roncaglia
1654 1377 1736 1440 tr.
1775 1376 1880 1442 12.
1912 1394 1972 1457 q.
2007 1376 2068 1440 3.
2101 1396 2161 1458 p.
2198 1375 2372 1451 295„
2404 1373 2658 1458 quidam
2690 1392 2905 1438 rursus
2938 1393 3112 1440 vene-

645 1499 817 1550 ream
871 1479 1275 1563 distinguunt
1328 1479 1393 1552 in
1449 1497 1774 1543 veneream
1827 1476 2197 1557 simpliciter
2253 1478 2318 1544 et
2370 1495 2693 1540 veneream
2739 1475 3115 1550 sensibilem,

648 1606 710 1650 v.
758 1584 1027 1656 Sanchez
1058 1582 1134 1647 de
1172 1581 1363 1648 Matr.
1395 1581 1437 1645 l.
1473 1582 1534 1645 9.
1569 1580 1628 1645 d.
1662 1581 1770 1645 46.
1810 1601 1871 1645 n.
1905 1582 1990 1656 4.,
2024 1580 2282 1662 quidam
2311 1599 2636 1644 veneream
2671 1578 3000 1643 carnalem
3047 1598 3124 1650 ac

651 1687 1016 1753 sensitivam
1038 1702 1148 1769 pro
1180 1703 1305 1748 una
1338 1683 1671 1767 eademque
1704 1683 1992 1747 videntur
2029 1682 2300 1765 accipere
2333 1702 2390 1747 v.
2418 1680 2740 1767 Laymann
2763 1682 2807 1745 l.
2847 1683 2903 1748 1.
2945 1682 3022 1745 tr.
3050 1682 3116 1746 3.

653 1811 707 1857 c.
740 1791 800 1854 6.
834 1810 895 1854 n.
923 1788 1106 1853 6.-8.:
1141 1785 1250 1852 alii
1294 1786 1657 1852 sensitivam
1703 1803 1776 1849 ac
1820 1783 2176 1849 sensibilem
2221 1803 2472 1868 prorsus
2521 1803 2557 1847 a
2603 1803 2858 1848 venerea
2907 1782 3122 1848 distin-

654 1892 935 1978 guentes,
968 1889 1145 1956 illam
1191 1907 1408 1956 rursus
1444 1888 1802 1972 partiuntur
1831 1888 1896 1956 in
1919 1908 2085 1968 pure
2107 1885 2464 1952 sensibilem
2493 1888 2558 1951 et
2588 1886 2904 1951 carnalem
2931 1886 3126 1951 sensi-

656 1993 841 2058 bilem
884 2012 944 2055 v.
1000 1989 1185 2057 Croix
1221 1991 1264 2056 1.
1299 1992 1360 2056 5.
1394 2010 1455 2056 n.
1483 1991 1620 2056 93.=
1667 1990 1777 2055 alii
1823 1989 2074 2055 demum
2117 1989 2488 2072 simpliciori
2533 1989 2861 2054 bimembri
2907 1989 3124 2056 distin-

658 2095 860 2160 ctione
905 2093 1192 2170 utuntur,
1229 2092 1295 2156 in
1343 2091 1814 2158 delectationem
1846 2111 2134 2156 veneram
2177 2093 2245 2156 et
2276 2091 2652 2167 sen-sibilent,
2692 2111 2883 2173 quam
2929 2092 3125 2157 etiam

659 2194 1017 2263 naturalem
1045 2194 1277 2259 dicunt.
1326 2193 1494 2276 Quas
1525 2195 1774 2278 quidem
1805 2195 2011 2259 varias
2035 2193 2461 2259 distinctiones
2491 2195 2682 2276 atque
2729 2193 2880 2259 adeo
2915 2195 3124 2260 varias

661 2299 993 2367 earundem
1039 2317 1221 2381 penes
1276 2296 1549 2362 diversos
1595 2296 1898 2370 Auctores
1946 2295 2350 2375 definitioneS‚
2414 2296 2562 2361 dum
2610 2296 2862 2379 quidam
2902 2315 3121 2379 parum

663 2402 1071 2479 adverterent,
1102 2401 1169 2466 in
1214 2399 1369 2466 illud
1414 2399 1764 2470 inciderunt
1807 2399 2289 2480 incommodum,
2329 2400 2402 2465 ut
2434 2399 2804 2481 quibusdam
2843 2399 3127 2466 Auctori-

663 2505 780 2570 bus
825 2523 930 2569 eas
974 2503 1314 2568 sententias
1361 2502 1722 2579 tribuerent,
1772 2521 1928 2584 quas
1971 2501 2070 2567 illi
2114 2521 2190 2569 ne
2236 2521 2344 2587 per
2388 2502 2700 2570 somnium
2734 2502 2982 2586 quidem
3028 2521 3128 2570 co-

665 2607 1021 2694 gitaverant
1060 2630 1123 2669 ».
2295 2654 2298 2657 .

751 2709 891 2774 Non
938 2707 1222 2792 displicet
1267 2707 1476 2775 tamen
1543 2707 1861 2774 distinctio
1923 2706 2353 2774 delectationis
2400 2709 2730 2787 sensibilis),
2779 2728 2939 2792 quae
3004 2708 3129 2774 alia

664 2813 758 2877 est
806 2831 841 2875 a
888 2829 1163 2886 venerea,
1203 2809 1268 2874 in
1287 2830 1453 2890 pure
1483 2809 1842 2877 sensibilem
1871 2810 1935 2876 in
1965 2811 2361 2892 spiritualem
2405 2810 2763 2877 sensibilem
2809 2816 2872 2877 et
2904 2813 2968 2878 in
2998 2831 3132 2876 car-

665 2912 873 2987 nalem
917 2910 1289 2979 sensibilem.
1357 2912 1565 2979 Prima
1611 2916 1722 2993 est,
1773 2933 1964 2996 quam
2000 2913 2166 2997 parit
2224 2914 2361 2997 ipsa
2416 2915 2702 2999 aptitudo
2764 2914 2989 2980 obiecti
3049 2913 3129 2982 ad

666 3034 935 3081 sensum.
974 3014 1191 3079 Altera
1237 3017 1332 3079 est
1373 3015 1648 3091 interior,
1682 3035 1842 3097 quae
1871 3035 1946 3081 ex
1977 3016 2206 3082 affectu
2232 3016 2494 3083 honesto
2520 3017 2738 3094 oritur,
2773 3020 2947 3101 puta,
2980 3037 3129 3103 erga

668 3120 953 3195 matrem,
986 3118 1113 3183 imo
1145 3118 1335 3184 etiam
1368 3137 1517 3202 erga
1541 3119 1743 3183 Deum
1775 3137 1915 3183 cum
1940 3117 2210 3201 quadam
2242 3120 2656 3185 commotione
2688 3120 3007 3205 sanguinis
3027 3121 3127 3185 vel

670 3222 1006 3307 spirituum
1020 3221 1182 3286 circa
1202 3240 1326 3299 cor,
1348 3220 1629 3302 adquam
1663 3220 2069 3297 excitandam,
2103 3221 2350 3287 etiamsi
2374 3222 2544 3287 visus
2569 3224 2633 3287 et
2649 3224 2854 3289 tactus
2872 3220 3129 3288 subinde

671 3326 1059 3401 concurrant,
1084 3324 1219 3389 sola
1256 3324 1465 3389 tamen
1511 3323 1818 3406 quaedam
1865 3323 2189 3389 vehemens
2237 3323 2537 3410 cogitatio
2583 3324 2684 3389 vel
2729 3324 3128 3409 apprehensio

672 3430 923 3507 sufficit.
957 3431 1169 3497 Tertia
1213 3432 1309 3495 est
1353 3450 1497 3497 cum
1526 3430 1741 3496 eadem
1772 3430 2206 3507 commotione,
2241 3450 2313 3496 ex
2344 3431 2567 3497 affectu
2604 3432 2812 3497 minus
2849 3432 3129 3515 honeste,

670 3534 956 3617 quamvis
1002 3551 1123 3599 non
1169 3552 1448 3606 venereo,
1481 3532 1914 3611 determinata,
1964 3535 2327 3618 plerumque
2366 3534 2446 3599 ob
2494 3534 2975 3618 pulcritudinem
3019 3553 3133 3601 seu

676 3636 1085 3711 venustatem,
1125 3654 1284 3719 quae
1329 3635 1393 3701 in
1441 3635 1653 3718 aliqua
1698 3655 1960 3720 persona
1990 3637 2194 3721 placet
2223 3637 2502 3719 soletque
2533 3637 2760 3721 percipi
2791 3656 2934 3701 cum
2960 3639 3138 3705 tactu

673 3739 812 3803 tum
857 3738 990 3804 solo
1037 3738 1175 3803 visu
1207 3739 1272 3803 et
1301 3737 1651 3821 frequenter
1682 3739 1818 3804 sola
1855 3739 2234 3823 cogitatione
2263 3738 2579 3821 repetente
2613 3739 2945 3814 obiectum,
2978 3758 3139 3823 quae

675 3839 976 3923 cogitatio
1022 3839 1169 3903 licet
1211 3840 1275 3905 in
1324 3860 1390 3906 se
1435 3860 1557 3906 non
1591 3841 1872 3919 obscena,
1911 3840 2131 3905 idonea
2163 3841 2372 3905 tamen
2419 3841 2514 3905 est
2559 3841 2801 3906 munire
2833 3841 3142 3924 paulatim

673 3940 841 4006 viam
888 3939 965 4004 ad
1012 3959 1335 4005 veneream
1401 3944 1902 4008 commotionem.
1958 3941 2138 4007 Hanc
2183 3941 2258 4006 A.
2301 3942 2446 4008 dub.
2509 3943 2566 4007 1.
2622 3945 2803 4010 resol.
2846 3945 2908 4007 4.
2962 3946 3147 4009 vocat

675 4042 1164 4110 sensualitatem.

775 4173 810 4209 α
838 4145 1108 4224 Interim,
1143 4145 1355 4211 subdit
1401 4147 1473 4211 B.
1514 4147 1563 4211 I.
1597 4166 1673 4225 c.,
1704 4146 1874 4229 quod
1895 4148 2135 4230 spectat
2181 4148 2259 4213 ad
2304 4149 2782 4216 delectationem
2814 4170 2967 4234 pure
3013 4169 3149 4217 sen-

677 4250 920 4314 sibilem
965 4268 1075 4313 seu
1118 4249 1492 4324 naturalem,
1554 4248 1837 4332 quaestio
1885 4247 1958 4314 de
2003 4252 2182 4317 reatu
2227 4251 2424 4335 ipsius
2472 4251 2651 4318 facile
2697 4253 2984 4319 solvitur.
3032 4252 3154 4319 Pe.

678 4351 850 4416 rinde
895 4351 1058 4416 enim
1105 4353 1201 4417 est
1252 4370 1324 4415 ac
1371 4370 1682 4432 quaerere,
1738 4352 1879 4433 quis
1925 4356 2134 4417 reatus
2181 4372 2311 4418 esse
2369 4356 2560 4436 queat
2604 4355 2667 4419 in
2714 4355 3146 4433 delectatione,

681 4473 840 4539 quae
888 4474 946 4519 v.
986 4476 1048 4540 g.
1090 4475 1160 4520 ex
1201 4454 1434 4519 olfactu
1484 4453 1671 4532 floriS,
1721 4474 1795 4520 ex
1839 4454 1993 4521 caeli
2041 4456 2293 4540 aspectu
2340 4458 2453 4520 aut
2499 4475 2570 4520 ex
2623 4458 2853 4521 haustu
2902 4456 3146 4543 gelidae

679 4557 1032 4641 percipitur.
1067 4557 1293 4623 Merito
1342 4557 1595 4641 proinde
1627 4556 1811 4625 Croix
1842 4559 1884 4622 l.
1920 4577 1993 4633 c.,
2028 4557 2128 4622 cui
2175 4556 2484 4624 consentit
2515 4556 2678 4623 Viva
2717 4559 2788 4621 in
2807 4579 2990 4639 prop.
3034 4560 3145 4626 40.
