3497 5147
698 337 809 392 504
841 349 1056 391 macr.
1076 351 1156 392 v1.
1178 350 1342 392 sacr.
1363 351 1427 391 11.
1445 351 1531 391 nn
1554 350 1836 393 sncusno
1861 349 2078 391 paam,
2098 348 2429 391 nmnmm.
2455 349 2591 390 car.
2619 349 2711 389 111.
2734 349 2880 390 nna.
2903 349 2985 390 vr.
3024 334 3172 404 [663]

698 445 1141 531 pensationem,
1177 465 1248 511 eo
1296 447 1430 530 ipso
1470 449 1650 529 quasi
1686 446 2015 511 confirmat
2040 449 2260 510 votum
2283 447 2612 529 ipsumque
2651 445 2881 508 iterum
2913 444 3166 509 emittit.

696 549 918 613 Differ-t
954 548 1334 631 dispensatio
1383 569 1419 613 a
1455 551 1601 614 voto
1635 568 1670 612 a
1722 549 2187 632 dispensatione
2236 567 2272 612 a
2317 548 2482 633 lege;
2532 548 2681 630 qnia
2726 547 2933 630 quoad
2971 547 3170 632 legem

689 652 785 715 vis
822 650 1061 735 ligandi
1092 653 1188 716 est
1218 652 1282 715 in
1315 652 1650 735 superiore,
1701 653 1766 717 et
1814 651 2279 736 obligationem,
2321 652 2637 715 sublatam
2669 650 2860 714 semel
2911 669 2948 712 a
2996 670 3167 733 supe-

694 756 877 830 riore,
928 754 1216 820 subditus
1264 775 1387 821 non
1435 759 1644 840 potest
1689 776 1827 821 eam
1877 756 1994 820 sibi
2025 757 2369 839 imponere:
2396 757 2467 819 at
2510 774 2635 820 non
2679 755 2772 818 ita
2805 755 2904 819 est
2925 754 3001 819 de
3024 756 3172 820 obli-

693 858 951 942 gatione
999 857 1151 923 voti.
1186 856 1390 938 Quare
1436 860 1489 923 si
1534 859 1864 924 Praelatus
1913 858 2069 923 velit
2114 857 2349 922 subditi
2396 858 2618 922 votum
2674 856 2916 920 auferre
2977 857 3164 922 etiam

695 960 830 1044 ipso
880 960 1103 1035 invito,
1159 980 1399 1025 necesse
1437 963 1551 1039 est,
1590 964 1664 1026 ut
1711 961 2061 1026 irritatione
2099 961 2338 1038 utatur,
2403 959 2783 1043 prohibendo
2841 959 3166 1024 materiam

696 1063 795 1127 vel
845 1062 1184 1127 resistendo
1234 1063 1603 1148 obligationi
1649 1064 1784 1128 voti
1830 1065 1894 1127 et
1940 1064 2121 1145 quasi
2168 1061 2499 1127 auferendo
2547 1061 2966 1126 conditionem
3011 1061 3167 1143 (scil.

696 1166 1095 1248 honestatis),
1129 1166 1261 1230 sine
1307 1186 1431 1248 qua
1479 1166 1758 1230 validum
1805 1185 1936 1231 esse
1982 1185 2105 1231 non
2142 1167 2370 1249 potest.
2406 1163 2633 1230 Suarez
2682 1165 2790 1228 lib.
2827 1166 2889 1228 6.
2939 1184 3071 1248 cap.
3112 1167 3167 1229 l.

697 1285 759 1330 n.
816 1268 917 1330 13.

1508 1423 1606 1488 De
1656 1425 2032 1500 irritat-ione,
2067 1424 2222 1505 quid
2266 1424 2370 1487 sit.

787 1562 958 1635 883.
993 1566 1230 1633 Votum
1279 1567 1506 1632 dicitur
1543 1567 1866 1642 irritabile,
1909 1566 2155 1648 quando
2189 1567 2252 1630 in
2285 1585 2400 1631 suo
2434 1565 2645 1630 valore
2691 1566 2759 1629 et
2791 1564 3178 1649 obligatione

696 1670 761 1732 et
806 1667 1263 1750 quodammodo
1311 1669 1375 1733 in
1412 1688 1527 1734 suo
1566 1669 1699 1734 fieri
1745 1671 1810 1733 et
1840 1669 2192 1733 conservari
2222 1667 2447 1751 pendet
2479 1688 2514 1731 a
2545 1668 2878 1731 voluntate
2909 1666 3178 1731 alicuius

694 1770 919 1834 tertiae
950 1789 1246 1851 personae
1279 1773 1452 1836 extra
1485 1772 1952 1854 promittentem
1986 1774 2048 1835 et
2081 1769 2572 1853 promissarium.
2593 1768 2772 1833 Unde
2805 1769 2934 1833 tale
2957 1773 3176 1832 votum

696 1891 937 1954 semper
982 1875 1077 1936 est
1123 1873 1619 1939 conditionatum
1666 1892 1946 1957 expresse
1977 1873 2076 1937 vel
2108 1873 2321 1946 tacite,
2353 1890 2477 1936 non
2510 1870 2762 1953 quidem
2799 1870 3178 1946 conditione,

698 1993 889 2055 quam
935 1973 1124 2038 libere
1172 1975 1462 2040 adnectat
1508 1976 1897 2059 promittens,
1938 1978 2053 2039 aut
2096 1993 2255 2056 quae
2286 1973 2551 2057 pendeat
2598 1992 2634 2036 a
2672 1972 3002 2037 voluntate
3041 1992 3181 2054 pro·

700 2074 990 2151 missarii,
1025 2076 1140 2140 Dei
1180 2078 1414 2142 scilicet
1461 2079 1575 2142 aut
1614 2078 1806 2142 etiam
1841 2077 2031 2153 tertii,
2067 2077 2130 2141 in
2161 2076 2338 2141 cuius
2377 2076 2654 2140 favorem
2695 2075 2927 2138 „votum
2972 2074 3178 2150 cedat,

696 2177 806 2241 sed
839 2179 1146 2259 quatenus
1193 2179 1610 2244 conditionem
1654 2180 1923 2245 involvit
1961 2179 2216 2262 positivi
2246 2197 2576 2244 consensus
2626 2180 2740 2242 aut
2787 2177 3018 2243 saltem
3047 2196 3176 2242 non

699 2281 1149 2364 repugnantiae
1174 2300 1246 2346 ex
1269 2283 1446 2363 parte
1477 2282 1667 2359 illius,
1706 2302 1741 2346 a
1779 2301 1902 2364 quo
1939 2300 2167 2347 vovens
2201 2281 2424 2364 pendet
2446 2283 2509 2344 et
2539 2279 2676 2344 ideo
2704 2280 2784 2345 ab
2817 2280 2942 2344 isto
2975 2299 3012 2343 a
3050 2299 3180 2361 quo

696 2382 941 2466 pendet,
980 2386 1076 2450 est
1104 2385 1428 2450 irritabile.
1463 2385 1757 2449 Irritatio
1804 2386 2017 2467 itaque
2064 2384 2221 2448 dicit
2260 2388 2469 2448 actum
2515 2383 2784 2447 liberum
2831 2381 3182 2447 voluntati-s

698 2506 819 2566 quo
864 2487 943 2562 is,
975 2509 1018 2551 a
1052 2508 1172 2570 quo
1219 2493 1423 2552 votum
1467 2490 1781 2569 dependet,
1821 2488 1978 2568 facit
2021 2491 2094 2551 ut
2135 2507 2264 2551 non
2286 2487 2376 2551 sit
2401 2506 2510 2550 seu
2541 2506 2669 2549 non
2707 2485 2956 2567 obliyet.
2987 2484 3175 2549 Suar.

701 2590 807 2654 lib.
850 2590 910 2654 6.
945 2610 1078 2673 cap.
1119 2593 1175 2655 1.
1216 2613 1276 2657 n.
1312 2594 1373 2657 3.

1484 2751 1745 2833 Duplex
1791 2754 2175 2816 irritationis
2221 2753 2405 2817 ratic.

784 2903 956 2977 684.
996 2909 1416 2992 Dependentia
1454 2910 1586 2974 voti
1624 2910 1701 2974 ab
1740 2910 1998 2974 alterius
2032 2910 2358 2974 voluntate
2388 2909 2715 2991 multiplex
2763 2927 2897 2973 esse
2928 2910 3172 2991 potest:

695 3009 801 3073 sed
848 3011 926 3074 ad
974 3010 1095 3076 duo
1143 3013 1353 3096 capita
1383 3013 1719 3089 reducitur,
1772 3031 1989 3095 nempe
2027 3014 2092 3076 1⁰
2125 3032 2196 3077 ex
2245 3014 2421 3094 parte
2468 3029 2765 3094 personae
2804 3030 2914 3075 seu
2944 3011 3176 3075 volun-

694 3112 846 3177 tatis
869 3113 1066 3196 ipsius
1088 3115 1406 3179 voventis:
1445 3118 1515 3178 2⁰
1546 3135 1617 3179 ex
1656 3116 1832 3197 parte
1863 3116 2161 3179 materiae
2193 3114 2326 3178 voti
2361 3113 2578 3195 ipsius.

784 3214 989 3279 Priori
1033 3217 1218 3282 modo
1265 3216 1491 3300 pendet
1532 3218 1752 3281 votum
1799 3217 1877 3279 ab
1927 3216 2183 3280 alterius
2214 3216 2563 3288 voluntate,
2596 3215 2847 3296 quando
2879 3214 3174 3279 wluutas

694 3316 970 3380 voventis
1012 3317 1106 3382 ita
1151 3320 1247 3383 est
1293 3318 1697 3384 subordinate
1731 3318 2047 3383 voluntati
2094 3318 2374 3394 alterius,
2415 3320 2489 3382 ut
2531 3318 2596 3381 in
2630 3337 2745 3382 sua
2785 3319 3169 3404 obligatione

696 3417 976 3482 includat
1018 3421 1434 3486 conditionem
1478 3444 1514 3480 ‹
1544 3422 1605 3485 si
1646 3420 1813 3485 alter
1857 3421 2241 3484 consenserit
2281 3423 2398 3483 aut
2438 3438 2566 3483 non
2611 3422 3056 3503 repugmaverit
3085 3442 3169 3485 »s

694 3517 788 3582 ita
836 3520 1001 3587 filius
1048 3522 1330 3606 impubes
1353 3524 1579 3606 pendet
1602 3544 1638 3587 a
1670 3525 1847 3606 patre
1880 3524 1943 3587 et
1972 3523 2302 3607 religiosus
2328 3543 2363 3587 a
2402 3541 2516 3587 suo
2555 3524 2872 3588 Praelato.

785 3623 1122 3689 Posteriori
1151 3625 1335 3690 modo
1366 3626 1593 3709 pendet
1622 3629 1843 3691 votum
1877 3627 1954 3691 ab
1986 3627 2244 3691 alterius
2281 3627 2627 3704 voluntate,
2655 3628 2905 3710 quando
2939 3628 3016 3691 ab
3038 3628 3170 3691 ista

693 3725 919 3806 pendet
946 3727 1209 3791 materia
1240 3728 1376 3792 voti
1422 3729 1485 3792 in
1519 3728 1729 3810 aliqua
1777 3728 2126 3794 conditione
2171 3730 2515 3794 necessaria
2563 3729 2642 3793 ad
2688 3730 2820 3794 voti
2867 3730 3170 3799 valorem.

695 3827 769 3889 ut
807 3846 864 3888 v.
896 3847 990 3910 gr.
1030 3828 1094 3891 in
1126 3827 1461 3908 honestate,
1502 3831 1649 3913 quia
1675 3832 1884 3913 potest
1930 3831 2007 3895 ab
2054 3831 2177 3895 alio
2211 3831 2521 3914 prohiberi
2546 3831 2645 3896 vel
2675 3850 2798 3896 non
2831 3832 3171 3914 prohiberi,

694 3930 807 3990 aut
853 3927 917 3991 in
952 3929 1393 4011 possibilitate,
1426 3933 1482 3998 si
1517 3934 1785 3999 materia
1833 3934 1965 3998 voti
1996 3936 2092 3999 est
2122 3935 2239 3999 sub
2287 3934 2545 3999 alterius
2598 3936 2931 4018 potestate.
2981 3934 3172 3999 Suar.

695 4029 803 4095 lib.
840 4031 900 4095 6.
934 4051 1067 4115 cap.
1108 4035 1164 4098 1.
1204 4055 1263 4099 n.
1299 4036 1360 4099 3.

779 4135 944 4200 Hinc
980 4136 1204 4220 duplex
1240 4138 1462 4203 modus
1508 4139 1795 4204 irritandi
1843 4142 2092 4204 votum:
2128 4140 2286 4203 alter
2332 4159 2404 4203 ex
2449 4142 2627 4223 parte
2673 4141 2851 4204 actus
2899 4140 3168 4204 vovendi

689 4255 801 4302 seu
824 4238 1170 4304 voluntatis
1203 4241 1505 4320 voventiS,
1535 4242 1876 4307 revocando
1903 4244 1966 4306 et
1988 4242 2168 4323 quasi
2200 4240 2590 4305 dissolvendo
2614 4241 2820 4324 ipsum
2844 4243 3082 4315 actum,
3102 4248 3168 4306 et

692 4338 793 4401 hic
837 4340 1058 4405 modus
1092 4343 1186 4405 est
1209 4344 1273 4407 et
1303 4342 1531 4407 dicitur
1564 4343 1836 4407 directus
1868 4346 1933 4408 et
1953 4345 2257 4423 proprius
2275 4364 2297 4419 ,·
2331 4343 2479 4424 quia
2509 4342 2865 4407 immediate
2897 4342 3072 4407 cadit
3103 4346 3170 4407 in

691 4442 909 4503 votum
957 4443 1161 4525 ipsum
1194 4448 1257 4509 et
1289 4446 1477 4509 habet
1500 4448 1817 4529 propriam
1842 4450 1904 4510 et
1927 4446 2257 4529 specialem
2289 4446 2595 4510 rationem
2633 4445 2945 4509 auferendi
2981 4445 3171 4510 illud.

690 4542 868 4605 Alter
900 4564 972 4608 ex
1017 4548 1193 4629 parte
1223 4547 1541 4625 materiae,
1569 4549 1747 4630 quasi
1797 4549 2214 4613 subtrahendo
2264 4550 2326 4613 et
2357 4547 2658 4612 mutando
2707 4547 2902 4623 illam,
2938 4552 3004 4612 et
3043 4548 3180 4615 dici
