3497 5147
347 351 531 419 [1134]
991 366 1077 405 mn
1113 365 1325 408 causis
1361 363 1819 408 nxcusimrmus
1855 364 1896 402 A
1933 364 2175 407 ramme
2703 357 2813 411 849

343 460 487 524 dam
535 480 667 525 esse
704 462 768 525 in
833 462 930 526 his
992 463 1298 527 rationem
1352 461 1698 526 communis
1744 461 2222 525 existimationis
2262 461 2563 528 fidelium.
2629 466 2814 531 quta

342 582 531 645 quam
565 564 958 641 sententiam,
996 582 1115 629 non
1164 564 1556 646 dispensatus
1589 561 1666 626 ad
1704 562 1966 627 edendas
1997 583 2232 640 carnes,
2268 565 2386 629 etsi
2419 565 2811 649 dispensatus

341 666 419 729 ad
451 666 786 741 lacticinia,
827 685 947 730 non
996 668 1205 748 posset
1237 667 1312 729 iis
1338 665 1490 729 cibis
1530 664 1720 729 vesci:
1770 665 2055 746 quamvis
2100 666 2432 749 Laymann
2464 668 2506 731 1.
2541 688 2593 732 c.
2628 690 2687 733 n.
2724 674 2808 750 5.,

340 771 590 850 propter
622 768 1127 850 probabilitatem
1162 768 1501 832 sententiae
1558 767 1812 849 primae,
1871 767 2249 849 speculative
2304 772 2589 853 acceptae
2635 771 2811 853 (nam

340 870 449 946 ait,
484 871 547 934 in
579 871 753 953 praxi
779 871 1026 934 obstare
1048 870 1604 953 consuetudinem),
1627 870 1923 935 concedat
1946 890 2068 936 non
2099 870 2280 936 facile
2314 872 2808 939 condemnandos

337 973 409 1037 de
441 974 694 1037 mortali
728 974 920 1037 etiam
955 973 1198 1050 diviteS,
1247 974 1301 1037 si
1357 974 1464 1037 ubi
1495 973 1832 1055 permissus
1864 977 1960 1037 est
2005 992 2147 1038 esus
2189 993 2449 1039 ovorum
2481 977 2545 1039 et
2573 976 2809 1041 lactici-

337 1076 600 1153 niorum,
646 1076 950 1160 sagimine
981 1095 1087 1140 seu
1135 1075 1333 1140 larido
1373 1077 1634 1139 utantur
1665 1075 1728 1139 in
1766 1075 1918 1139 cibis
1956 1076 2330 1141 condiendiS.
2382 1075 2607 1142 Confer
2638 1098 2806 1161 prae-

335 1178 504 1241 terea
548 1177 714 1241 dicta
745 1198 804 1241 n.
846 1178 1034 1240 1118.
1060 1178 1094 1216 *

1422 1392 1585 1454 Dua.
1623 1391 1704 1454 II.

942 1535 1042 1600 Dc
1089 1537 1297 1600 causis
1344 1534 1786 1598 excusantibus
1831 1557 1872 1597 a
1918 1535 2172 1599 ieiunio,

436 1701 521 1750 vl.
552 1699 798 1763 Respond.
828 1699 929 1751 Hae
955 1703 1232 1762 sequentes.
1262 1698 1310 1748 t.
1340 1694 1623 1761 Superioris
1660 1694 1976 1762 dispensatio,
2005 1710 2098 1761 qua
2137 1703 2296 1750 tamen
2334 1714 2431 1752 non
2463 1707 2539 1753 est
2578 1714 2724 1767 opuS,
2751 1701 2796 1755 si

328 1782 593 1835 necessitas
629 1782 694 1835 sit
730 1781 949 1846 evidens,
990 1784 1076 1834 sed
1112 1781 1162 1834 in
1201 1780 1352 1834 dubio
1391 1787 1575 1833 tantum
1614 1780 1762 1846 idque
1800 1780 1905 1833 sive
1944 1783 2004 1833 ad
2043 1796 2179 1834 esum
2217 1781 2431 1836 carnium
2472 1783 2579 1837 sive
2616 1787 2678 1838 ad
2721 1801 2796 1840 se-

329 1871 536 1922 cundam
576 1867 906 1921 refectionem.
932 1867 1068 1920 Talis
1104 1872 1266 1919 autem
1305 1865 1532 1932 superior
1563 1872 1638 1919 est
1676 1865 1950 1932 Episcopus
1979 1873 2029 1920 et
2066 1869 2334 1931 ParochuS,
2364 1866 2508 1920 etiam
2537 1877 2794 1935 praesente

324 1954 586 2022 Episcopo,
616 1955 809 2018 quando
848 1951 1060 2016 legitima
1088 1953 1394 2005 consuetudo
1436 1950 1506 2003 sic
1544 1953 1709 2003 habet.
1738 1954 1837 2003 lmo
1863 1954 2000 2015 sylv.
2030 1957 2079 2004 ct
2117 1953 2294 2004 Sancti.
2323 1950 2388 2005 de
2417 1950 2595 2006 Matr.
2625 1952 2708 2007 lib.
2739 1957 2788 2007 8.

324 2040 372 2090 d.
394 2041 441 2091 9.
466 2053 599 2092 num.
623 2039 705 2090 27.
722 2037 837 2090 etin
857 2052 1025 2104 opusc.
1054 2044 1086 2090 t.
1108 2040 1155 2089 2.
1178 2039 1208 2089 Ι.
1231 2036 1281 2090 5.
1302 2050 1345 2089 c.
1374 2037 1419 2087 t.
1443 2037 1561 2088 dub.
1583 2037 1633 2088 5.
1655 2050 1790 2088 num.
1818 2039 1893 2088 18.
1915 2038 2140 2090 absolute
2173 2039 2398 2103 affirmat,
2420 2052 2566 2104 posse
2599 2037 2792 2104 dispen-

325 2138 440 2176 sare
467 2129 721 2190 praesente
747 2123 1025 2190 Episcopo;
1063 2122 1192 2187 quia,
1219 2121 1392 2187 inquit,
1420 2124 1481 2174 ad
1509 2121 1803 2188 Episcopum
1831 2136 1924 2174 non
1950 2122 2217 2176 recurritur
2244 2121 2294 2175 in
2333 2122 2562 2187 minimis,
2591 2132 2643 2177 ut
2672 2140 2791 2179 usus

322 2211 495 2273 habet;
538 2212 665 2273 quod
705 2208 935 2275 Episcopi
973 2208 1136 2261 sciunt
1173 2216 1222 2261 ct
1259 2221 1354 2260 non
1393 2207 1748 2261 contradicunt.
1789 2208 1974 2260 Verum
2013 2207 2065 2260 id
2104 2216 2258 2261 totum
2300 2212 2477 2274 pendet
2506 2212 2568 2262 ab
2609 2225 2701 2263 usu
2740 2217 2791 2264 ct

322 2293 692 2354 consuetudine,
732 2294 836 2348 sine
872 2309 966 2360 qua
1008 2310 1103 2348 non
1141 2292 1320 2346 licebit.
1351 2295 1414 2347 V.
1440 2295 1598 2346 Trull.
1628 2297 1660 2346 Ι.
1690 2296 1738 2345 2.
1765 2309 1809 2345 c.
1837 2294 1887 2345 3.
1913 2294 2031 2346 (1.7.
2061 2296 2178 2346 item
2217 2296 2473 2347 praetatus
2511 2294 2634 2349 etin
2674 2295 2784 2349 eius

322 2378 542 2432 absentia
569 2378 794 2431 vicarius
819 2378 968 2443 illius,
997 2386 1050 2431 ut
1074 2381 1222 2432 babet
1249 2381 1425 2431 Snncb.
1455 2381 1486 2430 Ι.
1513 2393 1574 2439 c.,
1600 2385 1826 2444 respectu
1853 2391 2054 2430 suorum
2081 2376 2469 2445 Religiosorum3
2501 2394 2596 2432 non
2625 2386 2785 2434 tamen

319 2462 670 2527 ConfessariuS‚
700 2464 812 2517 licet
853 2463 1209 2530 privilegiatus,
1240 2462 1280 2515 si
1309 2479 1402 2515 non
1445 2462 1509 2515 sit
1548 2466 1797 2516 parochus
1813 2477 1828 2528 ;
1855 2461 1966 2528 quia
2007 2476 2100 2515 non
2128 2464 2275 2515 habet
2316 2462 2705 2517 iurisdictionem
2733 2464 2783 2518 in

319 2551 426 2602 toro
466 2556 687 2604 externo.
716 2551 934 2603 Sancluez
970 2552 999 2602 Ι.
1028 2563 1070 2602 c.
1098 2556 1265 2602 contra
1309 2550 1407 2601 Pal.
1436 2550 1577 2602 Unde
1616 2555 1803 2601 tantum
1844 2553 2006 2615 potest
2041 2544 2255 2600 iudicare
2283 2549 2344 2600 de
2372 2546 2557 2601 iustitia
2587 2563 2782 2604 causae.

317 2635 473 2689 Causa
502 2643 663 2687 autom
703 2635 863 2687 valida
892 2637 951 2687 ad
980 2633 1359 2700 dispensandum
1387 2633 1482 2686 erit
1509 2637 1586 2686 vel
1628 2625 1762 2700 vera,
1792 2637 1869 2686 vel
1895 2647 2020 2699 quae
2048 2631 2160 2686 talis
2188 2638 2420 2701 putatur;
2446 2633 2625 2687 sufficit
2652 2635 2781 2688 enim

318 2717 583 2771 credulitas
618 2717 881 2783 inculpata.
910 2721 1044 2782 ltem,
1081 2734 1190 2772 cum
1226 2719 1337 2784 quis
1375 2722 1500 2771 bona
1543 2720 1638 2772 tide
1677 2725 1816 2784 putat
1855 2733 1909 2772 se
1934 2732 1960 2770 a
1997 2717 2182 2772 ieiunio
2220 2717 2466 2782 excusari,
2497 2718 2590 2773 etsi
2631 2734 2777 2773 causa

315 2801 613 2856 insufficiens
650 2803 730 2867 sit,
761 2809 946 2857 tantum
985 2804 1241 2858 venialiter
1280 2818 1501 2871 peccare,
1524 2806 1671 2857 docet
1705 2803 1861 2856 Caiet.
1888 2805 1953 2856 At
1990 2802 2032 2858 si
2073 2817 2192 2857 vere
2232 2807 2359 2857 bona
2399 2807 2495 2859 tide
2536 2812 2690 2874 putet,
2718 2821 2773 2859 se

315 2889 460 2954 plane
497 2887 741 2954 excusari,
782 2890 916 2943 nullo
955 2890 1101 2942 modo
1141 2903 1344 2955 peccare
1385 2888 1593 2941 videtur.

408 3009 597 3083 1134.
639 3011 700 3078 S.
736 3014 957 3077 Thom.
994 3015 1053 3077 2.
1108 3017 1166 3077 2.
1200 3034 1259 3096 q.
1307 3014 1453 3077 147.
1494 3014 1613 3077 art.
1664 3013 1762 3077 4.:
1809 3038 1844 3071 ‹<
1876 3013 2134 3078 Statuta
2167 3016 2524 3080 communia
2556 3036 2783 3099 propo-

314 3119 567 3194 nuntur,
595 3118 931 3182 secundum
979 3117 1144 3199 quod
1190 3116 1585 3180 multitudini
1631 3116 2025 3181 conveniunt.
2059 3117 2142 3180 Et
2188 3117 2326 3182 ideo
2357 3119 2684 3200 legislator
2715 3120 2778 3184 in

313 3222 399 3287 eis
432 3222 780 3288 statuendis
812 3221 1083 3286 attendit
1111 3220 1195 3298 id,
1229 3220 1394 3302 quod
1442 3221 1854 3284 communiter
1889 3221 2155 3284 habetur
2186 3221 2336 3283 etin
2371 3221 2651 3301 pluribus
2686 3242 2781 3286 ac—

311 3324 478 3389 cidit.
544 3325 610 3390 Si
672 3326 819 3408 quid
869 3327 1081 3388 autem
1128 3342 1199 3387 ex
1246 3323 1496 3404 speciali
1558 3342 1744 3386 causa
1791 3324 1856 3386 in
1904 3323 2114 3403 aliquo
2176 3322 2549 3398 inveniatur,
2611 3325 2779 3404 quod

314 3426 740 3492 observantiae
779 3425 1007 3489 statuti
1044 3425 1365 3507 repugnet,
1402 3442 1521 3488 non
1553 3422 1821 3487 intendit
1857 3424 2046 3487 talem
2078 3423 2406 3506 legislator
2438 3422 2515 3487 ad
2547 3425 2779 3489 statuti

314 3528 772 3594 observantiam
805 3526 1102 3612 obligare.
1137 3526 1207 3588 In
1247 3544 1368 3607 quo
1407 3527 1618 3589 tamen
1650 3524 1936 3589 discretio
1985 3526 2081 3588 est
2114 3524 2477 3589 adhibenda.
2512 3524 2675 3589 Nam
2723 3528 2780 3591 si

311 3648 501 3695 causa
524 3632 608 3695 sit
639 3630 904 3708 evidens,
932 3649 1041 3713 per
1064 3647 1128 3693 se
1162 3628 1368 3710 ipsum
1397 3626 1568 3691 licite
1599 3627 1810 3709 potest
1839 3626 2023 3690 homo
2049 3626 2281 3690 statuti
2314 3627 2777 3693 observantiam

311 3732 663 3816 praeterire,
698 3732 1059 3815 praesertim
1092 3728 1535 3795 consuetudine
1565 3727 2031 3805 interveniente,
2065 3729 2166 3793 vel
2197 3727 2396 3793 sinon
2445 3731 2655 3810 posset
2702 3730 2777 3794 de

310 3835 480 3900 facili
527 3854 810 3899 recursus
865 3834 941 3898 ad
980 3833 1357 3917 superiorem
1405 3831 1637 3896 haberi.
1672 3831 1738 3897 Si
1785 3848 1929 3896 vero
1977 3850 2166 3895 causa
2213 3831 2301 3895 sit
2336 3831 2544 3906 dubia,
2594 3830 2777 3896 debet

310 3938 537 4020 aliquis
585 3937 662 4001 ad
709 3937 1086 4019 superiorem
1134 3954 1462 4012 recurrere,
1502 3934 1613 4016 qui
1648 3934 1837 3998 habet
1884 3935 2258 4015 potestatem
2306 3935 2371 3998 in
2417 3934 2650 3998 talibus
2689 3934 2777 3999 di-

308 4040 656 4125 spensandi.
690 4041 773 4104 Et
818 4039 935 4104 hoc
983 4038 1432 4104 observandum
1485 4039 1581 4102 est
1625 4037 1691 4101 in
1720 4036 1967 4100 ieiuniis
2000 4037 2077 4100 ab
2114 4036 2393 4102 Ecclesia
2440 4037 2770 4112 institutis),

308 4143 386 4208 ad
410 4163 569 4226 quae
597 4162 806 4208 omnes
831 4141 1242 4207 communiter
1266 4140 1646 4224 obligantur,
1672 4139 1793 4204 nisi
1816 4139 1881 4202 in
1906 4139 1992 4203 eis
2015 4139 2207 4203 fuerit
2231 4137 2486 4220 aliquod
2510 4138 2774 4221 speciale

305 4247 819 4330 impedimentum
858 4271 920 4320 »,

396 4349 460 4414 Si
499 4349 816 4432 dispensat
862 4348 1053 4430 Papa,
1103 4346 1481 4429 dispensatio
1528 4345 1647 4409 erit
1691 4344 1922 4422 valida,
1958 4342 2205 4408 etiamsi
2236 4343 2368 4407 sine
2399 4360 2588 4406 causa
2635 4361 2773 4406 con-

304 4453 576 4518 cedatur.
613 4453 873 4516 Peccare
919 4470 1061 4515 eum
1092 4451 1303 4514 tamen
1325 4450 1476 4513 tunc
1507 4448 1730 4512 saltem
1768 4445 2094 4513 venialiter
2123 4444 2473 4510 communis
2505 4447 2602 4510 est
2632 4463 2771 4510 sen-

305 4555 524 4620 tentia.

464 4679 747 4722 Batauum.
776 4701 828 4710 —
859 4676 1027 4720 Mor-al.
1058 4675 1194 4718 Tom.
1224 4673 1291 4716 11.
2549 4668 2604 4711 54
