<?xml version="1.0" encoding="UTF-8"?>
<!DOCTYPE html PUBLIC "-//W3C//DTD XHTML 1.0 Transitional//EN"
    "http://www.w3.org/TR/xhtml1/DTD/xhtml1-transitional.dtd">
<html xmlns="http://www.w3.org/1999/xhtml" xml:lang="en" lang="en">
 <head>
  <title>
</title>
<meta http-equiv="Content-Type" content="text/html;charset=utf-8" />
  <meta name='ocr-system' content='tesseract 3.04.00' />
  <meta name='ocr-capabilities' content='ocr_page ocr_carea ocr_par ocr_line ocrx_word'/>
</head>
<body>
  <div class='ocr_page' id='page_1' title='image "./opustheologicum00ballgoog/opustheologicum00ballgoog_0547.png"; bbox 0 0 3497 5147; ppageno 0'>
   <div class='ocr_carea' id='block_1_1' title="bbox 706 347 3155 424">
    <p class='ocr_par' dir='ltr' id='par_1_1' title="bbox 706 347 3155 424">
     <span class='ocr_line' id='line_1_1' title="bbox 706 347 3155 424; baseline 0.001 -22"><span class='ocrx_word' id='word_1_1' title='bbox 706 347 816 403; x_wconf 79' lang='lat'>540</span> <span class='ocrx_word' id='word_1_2' title='bbox 1152 361 1365 403; x_wconf 57' lang='lat' dir='ltr'>macr.</span> <span class='ocrx_word' id='word_1_3' title='bbox 1392 364 1472 403; x_wconf 79' lang='lat' dir='ltr'>vr.</span> <span class='ocrx_word' id='word_1_4' title='bbox 1497 363 1661 404; x_wconf 71' lang='lat' dir='ltr'>eaor.</span> <span class='ocrx_word' id='word_1_5' title='bbox 1689 364 1782 405; x_wconf 90' lang='lat'>111.</span> <span class='ocrx_word' id='word_1_6' title='bbox 1807 365 1893 404; x_wconf 74' lang='lat' dir='ltr'>nn</span> <span class='ocrx_word' id='word_1_7' title='bbox 1915 364 2137 405; x_wconf 69' lang='lat' dir='ltr'>‘mimo</span> <span class='ocrx_word' id='word_1_8' title='bbox 2161 364 2379 405; x_wconf 64' lang='lat' dir='ltr'>manc.</span> <span class='ocrx_word' id='word_1_9' title='bbox 2405 361 2716 406; x_wconf 66' lang='lat' dir='ltr'>Damnem</span> <span class='ocrx_word' id='word_1_10' title='bbox 3013 348 3155 424; x_wconf 81' lang='lat'>[712]</span> 
     </span>
    </p>
   </div>
   <div class='ocr_carea' id='block_1_2' title="bbox 698 459 3160 3113">
    <p class='ocr_par' dir='ltr' id='par_1_2' title="bbox 704 459 3156 648">
     <span class='ocr_line' id='line_1_2' title="bbox 706 459 3156 543; baseline 0.001 -21"><span class='ocrx_word' id='word_1_11' title='bbox 706 462 915 523; x_wconf 89' lang='lat' dir='ltr'>autem</span> <span class='ocrx_word' id='word_1_12' title='bbox 948 459 1250 525; x_wconf 85' lang='lat' dir='ltr'>dedicatio</span> <span class='ocrx_word' id='word_1_13' title='bbox 1289 459 1635 525; x_wconf 77' lang='lat' dir='ltr'>formaliter</span> <span class='ocrx_word' id='word_1_14' title='bbox 1664 460 1738 525; x_wconf 90' lang='lat' dir='ltr'>fit</span> <span class='ocrx_word' id='word_1_15' title='bbox 1770 480 1877 543; x_wconf 91' lang='lat' dir='ltr'>per</span> <span class='ocrx_word' id='word_1_16' title='bbox 1912 461 2317 524; x_wconf 81' lang='lat' dir='ltr'>cessationem</span> <span class='ocrx_word' id='word_1_17' title='bbox 2350 460 2427 524; x_wconf 90' lang='lat' dir='ltr'>ab</span> <span class='ocrx_word' id='word_1_18' title='bbox 2477 480 2674 543; x_wconf 90' lang='lat' dir='ltr'>opere,</span> <span class='ocrx_word' id='word_1_19' title='bbox 2702 479 2861 542; x_wconf 88' lang='lat' dir='ltr'>quae</span> <span class='ocrx_word' id='word_1_20' title='bbox 2892 461 3156 543; x_wconf 77' lang='lat' dir='ltr'>pertinet</span> 
     </span>
     <span class='ocr_line' id='line_1_3' title="bbox 704 561 2730 648; baseline 0.001 -24"><span class='ocrx_word' id='word_1_21' title='bbox 704 561 782 624; x_wconf 88' lang='lat' dir='ltr'>ad</span> <span class='ocrx_word' id='word_1_22' title='bbox 813 565 1131 626; x_wconf 81' lang='lat' dir='ltr'>externum</span> <span class='ocrx_word' id='word_1_23' title='bbox 1163 563 1405 627; x_wconf 89' lang='lat' dir='ltr'>cultum</span> <span class='ocrx_word' id='word_1_24' title='bbox 1436 583 1542 646; x_wconf 90' lang='lat' dir='ltr'>per</span> <span class='ocrx_word' id='word_1_25' title='bbox 1571 564 1824 647; x_wconf 85' lang='lat' dir='ltr'>signum</span> <span class='ocrx_word' id='word_1_26' title='bbox 1854 563 2213 648; x_wconf 86' lang='lat' dir='ltr'>negativum</span> <span class='ocrx_word' id='word_1_27' title='bbox 2253 563 2634 627; x_wconf 89' lang='lat' dir='ltr'>declaratum</span> <span class='ocrx_word' id='word_1_28' title='bbox 2668 589 2730 627; x_wconf 85' lang='lat'>».</span> 
     </span>
    </p>

    <p class='ocr_par' dir='ltr' id='par_1_3' title="bbox 704 663 3158 935">
     <span class='ocr_line' id='line_1_4' title="bbox 877 663 3154 749; baseline 0.002 -23"><span class='ocrx_word' id='word_1_29' title='bbox 877 664 947 726; x_wconf 86' lang='lat'>3⁰</span> <span class='ocrx_word' id='word_1_30' title='bbox 987 663 1146 743; x_wconf 77' lang='lat' dir='ltr'>Quia</span> <span class='ocrx_word' id='word_1_31' title='bbox 1179 664 1542 740; x_wconf 79' lang='lat' dir='ltr'>dicentibus,</span> <span class='ocrx_word' id='word_1_32' title='bbox 1577 666 1693 730; x_wconf 92' lang='lat' dir='ltr'>hoc</span> <span class='ocrx_word' id='word_1_33' title='bbox 1725 666 2139 748; x_wconf 86' lang='lat' dir='ltr'>praeceptum,</span> <span class='ocrx_word' id='word_1_34' title='bbox 2174 667 2361 748; x_wconf 91' lang='lat' dir='ltr'>prout</span> <span class='ocrx_word' id='word_1_35' title='bbox 2392 664 2650 729; x_wconf 80' lang='lat' dir='ltr'>Iudaeis</span> <span class='ocrx_word' id='word_1_36' title='bbox 2695 666 3154 749; x_wconf 87' lang='lat' dir='ltr'>iniungebatur‚</span> 
     </span>
     <span class='ocr_line' id='line_1_5' title="bbox 704 766 3158 851; baseline 0.002 -24"><span class='ocrx_word' id='word_1_37' title='bbox 704 782 835 828; x_wconf 88' lang='lat' dir='ltr'>esse</span> <span class='ocrx_word' id='word_1_38' title='bbox 887 768 1261 848; x_wconf 73' lang='lat' dir='ltr'>neyativum,</span> <span class='ocrx_word' id='word_1_39' title='bbox 1314 771 1633 851; x_wconf 89' lang='lat' dir='ltr'>opponunt</span> <span class='ocrx_word' id='word_1_40' title='bbox 1684 766 2144 832; x_wconf 85' lang='lat' dir='ltr'>Catechismum</span> <span class='ocrx_word' id='word_1_41' title='bbox 2197 786 2544 844; x_wconf 84' lang='lat' dir='ltr'>romanum,</span> <span class='ocrx_word' id='word_1_42' title='bbox 2604 769 2712 849; x_wconf 88' lang='lat' dir='ltr'>qui</span> <span class='ocrx_word' id='word_1_43' title='bbox 2758 769 3039 850; x_wconf 90' lang='lat' dir='ltr'>loquitur</span> <span class='ocrx_word' id='word_1_44' title='bbox 3084 768 3158 833; x_wconf 82' lang='lat' dir='ltr'>de</span> 
     </span>
     <span class='ocr_line' id='line_1_6' title="bbox 705 866 1103 935; baseline 0.008 -3"><span class='ocrx_word' id='word_1_45' title='bbox 705 866 1103 935; x_wconf 56' lang='lat' dir='ltr'>Christiani&amp;</span> 
     </span>
    </p>

    <p class='ocr_par' dir='ltr' id='par_1_4' title="bbox 698 968 3158 1776">
     <span class='ocr_line' id='line_1_7' title="bbox 789 968 3155 1058; baseline -0.001 -17"><span class='ocrx_word' id='word_1_46' title='bbox 789 968 943 1042; x_wconf 84' lang='grc'><strong>712.</strong></span> <span class='ocrx_word' id='word_1_47' title='bbox 982 973 1042 1038; x_wconf 93' lang='lat' dir='ltr'>S.</span> <span class='ocrx_word' id='word_1_48' title='bbox 1077 975 1431 1058; x_wconf 88' lang='lat' dir='ltr'>Alphonsus</span> <span class='ocrx_word' id='word_1_49' title='bbox 1462 975 1567 1038; x_wconf 92' lang='lat' dir='ltr'>lib.</span> <span class='ocrx_word' id='word_1_50' title='bbox 1604 975 1664 1038; x_wconf 83' lang='lat'>3.</span> <span class='ocrx_word' id='word_1_51' title='bbox 1691 994 1752 1038; x_wconf 93' lang='lat' dir='ltr'>n.</span> <span class='ocrx_word' id='word_1_52' title='bbox 1790 975 1937 1037; x_wconf 86' lang='grc'><strong>264.</strong></span> <span class='ocrx_word' id='word_1_53' title='bbox 1978 995 2035 1055; x_wconf 86' lang='lat' dir='ltr'>q.</span> <span class='ocrx_word' id='word_1_54' title='bbox 2066 976 2125 1037; x_wconf 82' lang='lat'>2.</span> <span class='ocrx_word' id='word_1_55' title='bbox 2154 977 2369 1038; x_wconf 90' lang='lat' dir='ltr'>contra</span> <span class='ocrx_word' id='word_1_56' title='bbox 2392 975 2715 1056; x_wconf 88' lang='lat' dir='ltr'>quosdam,</span> <span class='ocrx_word' id='word_1_57' title='bbox 2750 974 2856 1056; x_wconf 90' lang='lat' dir='ltr'>qui</span> <span class='ocrx_word' id='word_1_58' title='bbox 2889 975 3155 1058; x_wconf 83' lang='lat' dir='ltr'>praecipi</span> 
     </span>
     <span class='ocr_line' id='line_1_8' title="bbox 704 1075 3155 1158; baseline 0 -20"><span class='ocrx_word' id='word_1_59' title='bbox 704 1075 822 1138; x_wconf 93' lang='lat' dir='ltr'>hoc</span> <span class='ocrx_word' id='word_1_60' title='bbox 867 1078 1190 1158; x_wconf 91' lang='lat' dir='ltr'>praecepto</span> <span class='ocrx_word' id='word_1_61' title='bbox 1237 1077 1477 1140; x_wconf 88' lang='lat' dir='ltr'>cultum</span> <span class='ocrx_word' id='word_1_62' title='bbox 1521 1077 1834 1140; x_wconf 90' lang='lat' dir='ltr'>internum</span> <span class='ocrx_word' id='word_1_63' title='bbox 1882 1076 2223 1140; x_wconf 89' lang='lat' dir='ltr'>docuerunt</span> <span class='ocrx_word' id='word_1_64' title='bbox 2270 1081 2456 1158; x_wconf 85' lang='lat' dir='ltr'>atque</span> <span class='ocrx_word' id='word_1_65' title='bbox 2503 1076 2642 1141; x_wconf 91' lang='lat' dir='ltr'>inde</span> <span class='ocrx_word' id='word_1_66' title='bbox 2678 1075 3043 1152; x_wconf 85' lang='lat' dir='ltr'>inserebant,</span> <span class='ocrx_word' id='word_1_67' title='bbox 3095 1078 3155 1139; x_wconf 84' lang='lat' dir='ltr'>vi</span> 
     </span>
     <span class='ocr_line' id='line_1_9' title="bbox 700 1176 3154 1259; baseline 0.001 -20"><span class='ocrx_word' id='word_1_68' title='bbox 700 1176 887 1240; x_wconf 89' lang='lat' dir='ltr'>huius</span> <span class='ocrx_word' id='word_1_69' title='bbox 935 1178 1242 1259; x_wconf 85' lang='lat' dir='ltr'>praecepti</span> <span class='ocrx_word' id='word_1_70' title='bbox 1287 1197 1399 1243; x_wconf 88' lang='lat' dir='ltr'>nos</span> <span class='ocrx_word' id='word_1_71' title='bbox 1447 1180 1638 1243; x_wconf 90' lang='lat' dir='ltr'>teneri</span> <span class='ocrx_word' id='word_1_72' title='bbox 1686 1179 1764 1244; x_wconf 90' lang='lat' dir='ltr'>ad</span> <span class='ocrx_word' id='word_1_73' title='bbox 1810 1179 2137 1244; x_wconf 89' lang='lat' dir='ltr'>eliciendos</span> <span class='ocrx_word' id='word_1_74' title='bbox 2185 1199 2256 1243; x_wconf 88' lang='lat' dir='ltr'>ea</span> <span class='ocrx_word' id='word_1_75' title='bbox 2308 1180 2406 1244; x_wconf 91' lang='lat' dir='ltr'>die</span> <span class='ocrx_word' id='word_1_76' title='bbox 2456 1183 2633 1244; x_wconf 88' lang='lat' dir='ltr'>actus</span> <span class='ocrx_word' id='word_1_77' title='bbox 2689 1180 2972 1244; x_wconf 87' lang='lat' dir='ltr'>caritatis</span> <span class='ocrx_word' id='word_1_78' title='bbox 3019 1182 3154 1256; x_wconf 64' lang='lat' dir='ltr'>etc„</span> 
     </span>
     <span class='ocr_line' id='line_1_10' title="bbox 705 1278 3158 1366; baseline 0.002 -25"><span class='ocrx_word' id='word_1_79' title='bbox 705 1278 918 1352; x_wconf 88' lang='lat' dir='ltr'>tradit,</span> <span class='ocrx_word' id='word_1_80' title='bbox 954 1281 1524 1345; x_wconf 86' lang='lat' dir='ltr'>communissimam</span> <span class='ocrx_word' id='word_1_81' title='bbox 1555 1301 1685 1346; x_wconf 86' lang='lat' dir='ltr'>esse</span> <span class='ocrx_word' id='word_1_82' title='bbox 1726 1283 1858 1346; x_wconf 91' lang='lat' dir='ltr'>DD.</span> <span class='ocrx_word' id='word_1_83' title='bbox 1893 1283 2283 1358; x_wconf 85' lang='lat' dir='ltr'>sententiam,</span> <span class='ocrx_word' id='word_1_84' title='bbox 2318 1301 2476 1365; x_wconf 89' lang='lat' dir='ltr'>quae</span> <span class='ocrx_word' id='word_1_85' title='bbox 2509 1282 2571 1345; x_wconf 91' lang='lat' dir='ltr'>id</span> <span class='ocrx_word' id='word_1_86' title='bbox 2601 1284 2793 1366; x_wconf 85' lang='lat' dir='ltr'>negat</span> <span class='ocrx_word' id='word_1_87' title='bbox 2823 1284 2888 1346; x_wconf 90' lang='lat' dir='ltr'>et</span> <span class='ocrx_word' id='word_1_88' title='bbox 2926 1282 3158 1366; x_wconf 87' lang='lat' dir='ltr'>allegat</span> 
     </span>
     <span class='ocr_line' id='line_1_11' title="bbox 702 1381 3154 1465; baseline 0.002 -22"><span class='ocrx_word' id='word_1_89' title='bbox 702 1400 751 1444; x_wconf 90' lang='lat' dir='ltr'>s.</span> <span class='ocrx_word' id='word_1_90' title='bbox 788 1381 1092 1447; x_wconf 86' lang='lat' dir='ltr'>Thomam</span> <span class='ocrx_word' id='word_1_91' title='bbox 1120 1385 1179 1446; x_wconf 87' lang='grc'><strong>2.</strong></span> <span class='ocrx_word' id='word_1_92' title='bbox 1210 1386 1268 1446; x_wconf 89' lang='grc'><strong>2.</strong></span> <span class='ocrx_word' id='word_1_93' title='bbox 1303 1404 1362 1465; x_wconf 90' lang='lat' dir='ltr'>q.</span> <span class='ocrx_word' id='word_1_94' title='bbox 1391 1386 1535 1447; x_wconf 87' lang='grc'><strong>122.</strong></span> <span class='ocrx_word' id='word_1_95' title='bbox 1572 1386 1690 1447; x_wconf 89' lang='lat' dir='ltr'>art.</span> <span class='ocrx_word' id='word_1_96' title='bbox 1717 1386 1779 1449; x_wconf 85' lang='lat'>4.</span> <span class='ocrx_word' id='word_1_97' title='bbox 1816 1385 2109 1448; x_wconf 87' lang='lat' dir='ltr'>aientem:</span> <span class='ocrx_word' id='word_1_98' title='bbox 2151 1409 2187 1443; x_wconf 82' lang='lat'><strong>‹</strong></span> <span class='ocrx_word' id='word_1_99' title='bbox 2218 1383 2376 1463; x_wconf 86' lang='lat' dir='ltr'>Quia</span> <span class='ocrx_word' id='word_1_100' title='bbox 2411 1383 2488 1447; x_wconf 91' lang='lat' dir='ltr'>ad</span> <span class='ocrx_word' id='word_1_101' title='bbox 2512 1385 2870 1448; x_wconf 90' lang='lat' dir='ltr'>interiorem</span> <span class='ocrx_word' id='word_1_102' title='bbox 2894 1384 3154 1458; x_wconf 89' lang='lat' dir='ltr'>cultum,</span> 
     </span>
     <span class='ocr_line' id='line_1_12' title="bbox 698 1486 3157 1572; baseline 0.001 -23"><span class='ocrx_word' id='word_1_103' title='bbox 698 1486 806 1567; x_wconf 89' lang='lat' dir='ltr'>qui</span> <span class='ocrx_word' id='word_1_104' title='bbox 828 1489 1114 1552; x_wconf 76' lang='lat' dir='ltr'>consistit</span> <span class='ocrx_word' id='word_1_105' title='bbox 1138 1490 1198 1552; x_wconf 89' lang='lat' dir='ltr'>in</span> <span class='ocrx_word' id='word_1_106' title='bbox 1226 1490 1504 1554; x_wconf 90' lang='lat' dir='ltr'>oratione</span> <span class='ocrx_word' id='word_1_107' title='bbox 1530 1490 1592 1553; x_wconf 91' lang='grc'>61</span> <span class='ocrx_word' id='word_1_108' title='bbox 1615 1489 1961 1564; x_wconf 82' lang='lat' dir='ltr'>devotione,</span> <span class='ocrx_word' id='word_1_109' title='bbox 1989 1489 2189 1572; x_wconf 78' lang='lat' dir='ltr'>magis</span> <span class='ocrx_word' id='word_1_110' title='bbox 2221 1488 2536 1552; x_wconf 83' lang='lat' dir='ltr'>inducitur</span> <span class='ocrx_word' id='word_1_111' title='bbox 2565 1489 2750 1553; x_wconf 90' lang='lat' dir='ltr'>homo</span> <span class='ocrx_word' id='word_1_112' title='bbox 2784 1508 2856 1552; x_wconf 84' lang='lat' dir='ltr'>ex</span> <span class='ocrx_word' id='word_1_113' title='bbox 2879 1488 3157 1552; x_wconf 89' lang='lat' dir='ltr'>interiori</span> 
     </span>
     <span class='ocr_line' id='line_1_13' title="bbox 707 1586 3158 1674; baseline 0.001 -23"><span class='ocrx_word' id='word_1_114' title='bbox 707 1586 974 1670; x_wconf 85' lang='lat' dir='ltr'>Spiritus</span> <span class='ocrx_word' id='word_1_115' title='bbox 1013 1591 1223 1656; x_wconf 85' lang='lat' dir='ltr'>Sancti</span> <span class='ocrx_word' id='word_1_116' title='bbox 1254 1592 1572 1668; x_wconf 88' lang='lat' dir='ltr'>instinctu,</span> <span class='ocrx_word' id='word_1_117' title='bbox 1624 1595 2019 1674; x_wconf 89' lang='lat' dir='ltr'>praeceptum</span> <span class='ocrx_word' id='word_1_118' title='bbox 2064 1592 2220 1674; x_wconf 83' lang='lat' dir='ltr'>legis</span> <span class='ocrx_word' id='word_1_119' title='bbox 2267 1590 2539 1655; x_wconf 88' lang='lat' dir='ltr'>dandum</span> <span class='ocrx_word' id='word_1_120' title='bbox 2584 1590 2706 1654; x_wconf 87' lang='lat' dir='ltr'>fuit</span> <span class='ocrx_word' id='word_1_121' title='bbox 2751 1589 2825 1654; x_wconf 90' lang='lat' dir='ltr'>de</span> <span class='ocrx_word' id='word_1_122' title='bbox 2872 1590 3158 1655; x_wconf 85' lang='lat' dir='ltr'>exteriori</span> 
     </span>
     <span class='ocr_line' id='line_1_14' title="bbox 700 1689 1258 1776; baseline 0.011 -24"><span class='ocrx_word' id='word_1_123' title='bbox 700 1689 876 1755; x_wconf 87' lang='lat' dir='ltr'>cultu</span> <span class='ocrx_word' id='word_1_124' title='bbox 909 1695 1023 1757; x_wconf 87' lang='lat' dir='ltr'>etc.</span> <span class='ocrx_word' id='word_1_125' title='bbox 1064 1695 1159 1776; x_wconf 85' lang='lat' dir='ltr'>(a)</span> <span class='ocrx_word' id='word_1_126' title='bbox 1197 1719 1258 1758; x_wconf 67' lang='grc' dir='ltr'>ι».</span> 
     </span>
    </p>

    <p class='ocr_par' dir='ltr' id='par_1_5' title="bbox 700 1792 3156 1978">
     <span class='ocr_line' id='line_1_15' title="bbox 793 1792 3156 1877; baseline 0.001 -22"><span class='ocrx_word' id='word_1_127' title='bbox 793 1792 875 1856; x_wconf 84' lang='lat' dir='ltr'>Et</span> <span class='ocrx_word' id='word_1_128' title='bbox 912 1792 1159 1859; x_wconf 82' lang='lat' dir='ltr'>Catech.</span> <span class='ocrx_word' id='word_1_129' title='bbox 1202 1796 1383 1861; x_wconf 87' lang='lat' dir='ltr'>Rom.</span> <span class='ocrx_word' id='word_1_130' title='bbox 1418 1796 1492 1860; x_wconf 82' lang='lat' dir='ltr'>de</span> <span class='ocrx_word' id='word_1_131' title='bbox 1523 1797 1593 1859; x_wconf 81' lang='lat'>3⁰</span> <span class='ocrx_word' id='word_1_132' title='bbox 1619 1797 1847 1860; x_wconf 82' lang='lat' dir='ltr'>Praec.</span> <span class='ocrx_word' id='word_1_133' title='bbox 1888 1816 1946 1859; x_wconf 93' lang='lat' dir='ltr'>n.</span> <span class='ocrx_word' id='word_1_134' title='bbox 1988 1798 2044 1859; x_wconf 96' lang='grc'>1.</span> <span class='ocrx_word' id='word_1_135' title='bbox 2084 1822 2120 1854; x_wconf 80' lang='lat'>«</span> <span class='ocrx_word' id='word_1_136' title='bbox 2153 1795 2288 1859; x_wconf 91' lang='lat' dir='ltr'>Hoc</span> <span class='ocrx_word' id='word_1_137' title='bbox 2317 1795 2474 1877; x_wconf 85' lang='lat' dir='ltr'>legis</span> <span class='ocrx_word' id='word_1_138' title='bbox 2506 1795 2831 1877; x_wconf 86' lang='lat' dir='ltr'>praecepto</span> <span class='ocrx_word' id='word_1_139' title='bbox 2870 1796 3156 1859; x_wconf 84' lang='lat' dir='ltr'>externus</span> 
     </span>
     <span class='ocr_line' id='line_1_16' title="bbox 700 1894 3154 1978; baseline 0.001 -21"><span class='ocrx_word' id='word_1_140' title='bbox 700 1894 805 1958; x_wconf 88' lang='lat' dir='ltr'>ille</span> <span class='ocrx_word' id='word_1_141' title='bbox 829 1896 1055 1971; x_wconf 84' lang='grc'><strong>61111116,</strong></span> <span class='ocrx_word' id='word_1_142' title='bbox 1089 1898 1197 1978; x_wconf 90' lang='lat' dir='ltr'>qui</span> <span class='ocrx_word' id='word_1_143' title='bbox 1230 1900 1360 1963; x_wconf 92' lang='lat' dir='ltr'>Deo</span> <span class='ocrx_word' id='word_1_144' title='bbox 1393 1918 1426 1961; x_wconf 88' lang='lat' dir='ltr'>a</span> <span class='ocrx_word' id='word_1_145' title='bbox 1453 1899 1630 1962; x_wconf 90' lang='lat' dir='ltr'>nobis</span> <span class='ocrx_word' id='word_1_146' title='bbox 1663 1898 1940 1973; x_wconf 84' lang='lat' dir='ltr'>debetur,</span> <span class='ocrx_word' id='word_1_147' title='bbox 1974 1900 2136 1962; x_wconf 89' lang='lat' dir='ltr'>recte</span> <span class='ocrx_word' id='word_1_148' title='bbox 2169 1898 2355 1978; x_wconf 87' lang='lat' dir='ltr'>atque</span> <span class='ocrx_word' id='word_1_149' title='bbox 2390 1895 2599 1960; x_wconf 87' lang='lat' dir='ltr'>ordine</span> <span class='ocrx_word' id='word_1_150' title='bbox 2629 1895 3072 1978; x_wconf 87' lang='lat' dir='ltr'>praescribitur</span> <span class='ocrx_word' id='word_1_151' title='bbox 3095 1921 3154 1960; x_wconf 83' lang='lat'>›.</span> 
     </span>
    </p>

    <p class='ocr_par' dir='ltr' id='par_1_6' title="bbox 704 1996 3158 2183">
     <span class='ocr_line' id='line_1_17' title="bbox 794 1996 3158 2083; baseline 0.002 -25"><span class='ocrx_word' id='word_1_152' title='bbox 794 1996 979 2062; x_wconf 88' lang='lat' dir='ltr'>Nota.</span> <span class='ocrx_word' id='word_1_153' title='bbox 1031 1997 1266 2063; x_wconf 87' lang='lat' dir='ltr'>Saltem</span> <span class='ocrx_word' id='word_1_154' title='bbox 1313 1999 1461 2064; x_wconf 91' lang='lat' dir='ltr'>dum</span> <span class='ocrx_word' id='word_1_155' title='bbox 1510 2001 1887 2083; x_wconf 89' lang='lat' dir='ltr'>praecipitur</span> <span class='ocrx_word' id='word_1_156' title='bbox 1935 2000 2172 2064; x_wconf 84' lang='lat' dir='ltr'>auditio</span> <span class='ocrx_word' id='word_1_157' title='bbox 2221 2000 2466 2074; x_wconf 80' lang='lat' dir='ltr'>Missae,</span> <span class='ocrx_word' id='word_1_158' title='bbox 2526 1998 2902 2080; x_wconf 87' lang='lat' dir='ltr'>praecipitur</span> <span class='ocrx_word' id='word_1_159' title='bbox 2955 2017 3158 2063; x_wconf 91' lang='lat' dir='ltr'>conse-</span> 
     </span>
     <span class='ocr_line' id='line_1_18' title="bbox 704 2100 3053 2183; baseline -0 -19"><span class='ocrx_word' id='word_1_160' title='bbox 704 2101 962 2181; x_wconf 87' lang='lat' dir='ltr'>quenter</span> <span class='ocrx_word' id='word_1_161' title='bbox 993 2101 1067 2164; x_wconf 91' lang='lat' dir='ltr'>ut</span> <span class='ocrx_word' id='word_1_162' title='bbox 1096 2101 1353 2166; x_wconf 71' lang='lat' dir='ltr'>velimus</span> <span class='ocrx_word' id='word_1_163' title='bbox 1386 2102 1598 2167; x_wconf 87' lang='lat' dir='ltr'>audire</span> <span class='ocrx_word' id='word_1_164' title='bbox 1631 2103 1919 2177; x_wconf 84' lang='lat' dir='ltr'>Missam;</span> <span class='ocrx_word' id='word_1_165' title='bbox 1961 2102 2106 2183; x_wconf 88' lang='lat' dir='ltr'>quia</span> <span class='ocrx_word' id='word_1_166' title='bbox 2132 2101 2313 2165; x_wconf 89' lang='lat' dir='ltr'>debet</span> <span class='ocrx_word' id='word_1_167' title='bbox 2349 2120 2479 2165; x_wconf 89' lang='lat' dir='ltr'>esse</span> <span class='ocrx_word' id='word_1_168' title='bbox 2512 2102 2689 2164; x_wconf 87' lang='lat' dir='ltr'>actus</span> <span class='ocrx_word' id='word_1_169' title='bbox 2720 2100 3053 2164; x_wconf 89' lang='lat' dir='ltr'>humanus.</span> 
     </span>
    </p>

    <p class='ocr_par' dir='ltr' id='par_1_7' title="bbox 703 2201 3160 2489">
     <span class='ocr_line' id='line_1_19' title="bbox 791 2201 3160 2288; baseline 0 -21"><span class='ocrx_word' id='word_1_170' title='bbox 791 2201 1078 2268; x_wconf 87' lang='lat' dir='ltr'>Ceterum</span> <span class='ocrx_word' id='word_1_171' title='bbox 1105 2205 1277 2270; x_wconf 87' lang='lat' dir='ltr'>addit</span> <span class='ocrx_word' id='word_1_172' title='bbox 1299 2207 1445 2270; x_wconf 89' lang='lat' dir='ltr'>ibid.</span> <span class='ocrx_word' id='word_1_173' title='bbox 1474 2226 1521 2270; x_wconf 91' lang='lat' dir='ltr'>s.</span> <span class='ocrx_word' id='word_1_174' title='bbox 1550 2207 1758 2288; x_wconf 87' lang='lat' dir='ltr'>Alph.,</span> <span class='ocrx_word' id='word_1_175' title='bbox 1783 2205 2336 2270; x_wconf 88' lang='lat' dir='ltr'>sanctificationem</span> <span class='ocrx_word' id='word_1_176' title='bbox 2361 2203 2602 2267; x_wconf 85' lang='lat' dir='ltr'>animae</span> <span class='ocrx_word' id='word_1_177' title='bbox 2627 2221 2757 2267; x_wconf 88' lang='lat' dir='ltr'>esse</span> <span class='ocrx_word' id='word_1_178' title='bbox 2781 2202 2968 2267; x_wconf 90' lang='lat' dir='ltr'>finem</span> <span class='ocrx_word' id='word_1_179' title='bbox 2992 2223 3160 2286; x_wconf 85' lang='lat' dir='ltr'>prae-</span> 
     </span>
     <span class='ocr_line' id='line_1_20' title="bbox 703 2303 3153 2392; baseline 0 -23"><span class='ocrx_word' id='word_1_180' title='bbox 703 2306 882 2388; x_wconf 89' lang='lat' dir='ltr'>cepti,</span> <span class='ocrx_word' id='word_1_181' title='bbox 918 2307 1025 2388; x_wconf 89' lang='lat' dir='ltr'>qui</span> <span class='ocrx_word' id='word_1_182' title='bbox 1057 2326 1129 2372; x_wconf 82' lang='lat' dir='ltr'>ex</span> <span class='ocrx_word' id='word_1_183' title='bbox 1160 2308 1432 2392; x_wconf 83' lang='lat' dir='ltr'>generali</span> <span class='ocrx_word' id='word_1_184' title='bbox 1470 2309 1685 2392; x_wconf 85' lang='lat' dir='ltr'>regula</span> <span class='ocrx_word' id='word_1_185' title='bbox 1718 2327 1841 2372; x_wconf 94' lang='lat' dir='ltr'>non</span> <span class='ocrx_word' id='word_1_186' title='bbox 1871 2308 2038 2371; x_wconf 90' lang='lat' dir='ltr'>cadit</span> <span class='ocrx_word' id='word_1_187' title='bbox 2085 2307 2198 2371; x_wconf 88' lang='lat' dir='ltr'>sub</span> <span class='ocrx_word' id='word_1_188' title='bbox 2233 2308 2645 2388; x_wconf 89' lang='lat' dir='ltr'>praeceptum.</span> <span class='ocrx_word' id='word_1_189' title='bbox 2682 2303 2824 2368; x_wconf 90' lang='lat' dir='ltr'>Vid.</span> <span class='ocrx_word' id='word_1_190' title='bbox 2851 2323 2899 2369; x_wconf 89' lang='grc'>6.</span> <span class='ocrx_word' id='word_1_191' title='bbox 2935 2305 3153 2370; x_wconf 87' lang='grc' dir='ltr'><strong>Τ116111.</strong></span> 
     </span>
     <span class='ocr_line' id='line_1_21' title="bbox 704 2409 1595 2489; baseline 0.003 -19"><span class='ocrx_word' id='word_1_192' title='bbox 704 2409 760 2470; x_wconf 93' lang='grc'>1.</span> <span class='ocrx_word' id='word_1_193' title='bbox 803 2410 862 2472; x_wconf 85' lang='grc'><strong>2.</strong></span> <span class='ocrx_word' id='word_1_194' title='bbox 902 2428 960 2489; x_wconf 82' lang='lat' dir='ltr'>q.</span> <span class='ocrx_word' id='word_1_195' title='bbox 995 2410 1138 2473; x_wconf 84' lang='lat'>100.</span> <span class='ocrx_word' id='word_1_196' title='bbox 1176 2411 1292 2473; x_wconf 87' lang='lat' dir='ltr'>art.</span> <span class='ocrx_word' id='word_1_197' title='bbox 1330 2412 1389 2473; x_wconf 80' lang='lat'>9.</span> <span class='ocrx_word' id='word_1_198' title='bbox 1425 2410 1503 2473; x_wconf 88' lang='lat' dir='ltr'>ad</span> <span class='ocrx_word' id='word_1_199' title='bbox 1537 2412 1595 2473; x_wconf 90' lang='grc'><strong>2.</strong></span> 
     </span>
    </p>

    <p class='ocr_par' dir='ltr' id='par_1_8' title="bbox 704 2508 3159 3113">
     <span class='ocr_line' id='line_1_22' title="bbox 788 2508 3159 2585; baseline -0.003 -1"><span class='ocrx_word' id='word_1_200' title='bbox 788 2508 940 2583; x_wconf 84' lang='grc'><strong>713.</strong></span> <span class='ocrx_word' id='word_1_201' title='bbox 978 2514 1072 2578; x_wconf 85' lang='lat' dir='ltr'>An</span> <span class='ocrx_word' id='word_1_202' title='bbox 1115 2532 1256 2578; x_wconf 79' lang='lat' dir='ltr'>vero</span> <span class='ocrx_word' id='word_1_203' title='bbox 1291 2514 1640 2578; x_wconf 82' lang='lat' dir='ltr'>observatio</span> <span class='ocrx_word' id='word_1_204' title='bbox 1675 2513 2032 2578; x_wconf 87' lang='lat' dir='ltr'>Dominicae</span> <span class='ocrx_word' id='word_1_205' title='bbox 2080 2514 2162 2577; x_wconf 88' lang='lat' dir='ltr'>sit</span> <span class='ocrx_word' id='word_1_206' title='bbox 2192 2511 2346 2576; x_wconf 87' lang='lat' dir='ltr'>iuris</span> <span class='ocrx_word' id='word_1_207' title='bbox 2380 2510 2574 2576; x_wconf 84' lang='lat' dir='ltr'>divini</span> <span class='ocrx_word' id='word_1_208' title='bbox 2605 2529 2713 2575; x_wconf 89' lang='lat' dir='ltr'>nec</span> <span class='ocrx_word' id='word_1_209' title='bbox 2743 2528 2837 2585; x_wconf 87' lang='lat' dir='ltr'>ne,</span> <span class='ocrx_word' id='word_1_210' title='bbox 2873 2529 3018 2575; x_wconf 79' lang='lat' dir='ltr'>vera</span> <span class='ocrx_word' id='word_1_211' title='bbox 3065 2530 3159 2577; x_wconf 90' lang='lat' dir='ltr'>so·</span> 
     </span>
     <span class='ocr_line' id='line_1_23' title="bbox 704 2615 3155 2700; baseline -0.002 -17"><span class='ocrx_word' id='word_1_212' title='bbox 704 2618 864 2683; x_wconf 89' lang='lat' dir='ltr'>lutio</span> <span class='ocrx_word' id='word_1_213' title='bbox 891 2620 985 2682; x_wconf 88' lang='lat' dir='ltr'>est</span> <span class='ocrx_word' id='word_1_214' title='bbox 1008 2619 1084 2698; x_wconf 87' lang='grc'>(6.</span> <span class='ocrx_word' id='word_1_215' title='bbox 1120 2618 1304 2699; x_wconf 86' lang='lat' dir='ltr'>Alph.</span> <span class='ocrx_word' id='word_1_216' title='bbox 1331 2618 1438 2681; x_wconf 90' lang='lat' dir='ltr'>lib.</span> <span class='ocrx_word' id='word_1_217' title='bbox 1467 2618 1526 2681; x_wconf 84' lang='lat'>3.</span> <span class='ocrx_word' id='word_1_218' title='bbox 1553 2636 1613 2681; x_wconf 93' lang='lat' dir='ltr'>n.</span> <span class='ocrx_word' id='word_1_219' title='bbox 1652 2618 1852 2700; x_wconf 52' lang='lat'>265),</span> <span class='ocrx_word' id='word_1_220' title='bbox 1888 2618 2049 2698; x_wconf 89' lang='lat' dir='ltr'>quod</span> <span class='ocrx_word' id='word_1_221' title='bbox 2085 2618 2198 2681; x_wconf 88' lang='grc'><strong>1166</strong></span> <span class='ocrx_word' id='word_1_222' title='bbox 2229 2618 2643 2699; x_wconf 90' lang='lat' dir='ltr'>praeceptum,</span> <span class='ocrx_word' id='word_1_223' title='bbox 2679 2615 2884 2696; x_wconf 88' lang='lat' dir='ltr'>quoad</span> <span class='ocrx_word' id='word_1_224' title='bbox 2915 2616 3155 2680; x_wconf 88' lang='lat' dir='ltr'>cultum</span> 
     </span>
     <span class='ocr_line' id='line_1_24' title="bbox 704 2719 3158 2804; baseline -0.002 -18"><span class='ocrx_word' id='word_1_225' title='bbox 704 2724 974 2804; x_wconf 87' lang='lat' dir='ltr'>aliquem</span> <span class='ocrx_word' id='word_1_226' title='bbox 1014 2724 1142 2787; x_wconf 93' lang='lat' dir='ltr'>Deo</span> <span class='ocrx_word' id='word_1_227' title='bbox 1177 2722 1602 2791; x_wconf 81' lang='lat' dir='ltr'>exhibendum.</span> <span class='ocrx_word' id='word_1_228' title='bbox 1644 2725 1739 2786; x_wconf 89' lang='lat' dir='ltr'>est</span> <span class='ocrx_word' id='word_1_229' title='bbox 1776 2724 2059 2786; x_wconf 87' lang='lat' dir='ltr'>naturale</span> <span class='ocrx_word' id='word_1_230' title='bbox 2093 2724 2156 2786; x_wconf 90' lang='lat' dir='ltr'>et</span> <span class='ocrx_word' id='word_1_231' title='bbox 2191 2722 2497 2785; x_wconf 79' lang='lat' dir='ltr'>divinum:</span> <span class='ocrx_word' id='word_1_232' title='bbox 2547 2720 2752 2801; x_wconf 89' lang='lat' dir='ltr'>quoad</span> <span class='ocrx_word' id='word_1_233' title='bbox 2785 2719 3158 2783; x_wconf 86' lang='lat' dir='ltr'>determina-</span> 
     </span>
     <span class='ocr_line' id='line_1_25' title="bbox 707 2822 3155 2907; baseline -0.002 -19"><span class='ocrx_word' id='word_1_234' title='bbox 707 2826 940 2889; x_wconf 89' lang='lat' dir='ltr'>tionem</span> <span class='ocrx_word' id='word_1_235' title='bbox 966 2826 1260 2907; x_wconf 87' lang='lat' dir='ltr'>temporis</span> <span class='ocrx_word' id='word_1_236' title='bbox 1285 2828 1347 2889; x_wconf 88' lang='lat' dir='ltr'>et</span> <span class='ocrx_word' id='word_1_237' title='bbox 1370 2825 1624 2889; x_wconf 89' lang='lat' dir='ltr'>modum</span> <span class='ocrx_word' id='word_1_238' title='bbox 1651 2844 1720 2889; x_wconf 90' lang='grc'>66</span> <span class='ocrx_word' id='word_1_239' title='bbox 1746 2829 2022 2907; x_wconf 84' lang='lat' dir='ltr'>tempore</span> <span class='ocrx_word' id='word_1_240' title='bbox 2040 2824 2295 2901; x_wconf 90' lang='lat' dir='ltr'>colendi,</span> <span class='ocrx_word' id='word_1_241' title='bbox 2316 2825 2410 2887; x_wconf 89' lang='lat' dir='ltr'>est</span> <span class='ocrx_word' id='word_1_242' title='bbox 2434 2822 2936 2887; x_wconf 87' lang='lat' dir='ltr'>ecclesiasticum.</span> <span class='ocrx_word' id='word_1_243' title='bbox 2964 2822 3155 2885; x_wconf 89' lang='lat' dir='ltr'>Porro</span> 
     </span>
     <span class='ocr_line' id='line_1_26' title="bbox 704 2924 3156 3008; baseline -0 -20"><span class='ocrx_word' id='word_1_244' title='bbox 704 2927 797 2989; x_wconf 89' lang='lat' dir='ltr'>ait</span> <span class='ocrx_word' id='word_1_245' title='bbox 827 2944 875 2989; x_wconf 94' lang='grc'>6.</span> <span class='ocrx_word' id='word_1_246' title='bbox 911 2927 1025 2991; x_wconf 90' lang='lat' dir='ltr'>Th.</span> <span class='ocrx_word' id='word_1_247' title='bbox 1077 2928 1135 2990; x_wconf 87' lang='grc'><strong>2.</strong></span> <span class='ocrx_word' id='word_1_248' title='bbox 1189 2929 1247 2990; x_wconf 89' lang='grc'><strong>2.</strong></span> <span class='ocrx_word' id='word_1_249' title='bbox 1283 2947 1341 3008; x_wconf 89' lang='lat' dir='ltr'>q.</span> <span class='ocrx_word' id='word_1_250' title='bbox 1398 2928 1542 2991; x_wconf 85' lang='grc'><strong>122.</strong></span> <span class='ocrx_word' id='word_1_251' title='bbox 1585 2930 1701 2991; x_wconf 85' lang='lat' dir='ltr'>art.</span> <span class='ocrx_word' id='word_1_252' title='bbox 1738 2930 1798 2990; x_wconf 82' lang='lat'>4.</span> <span class='ocrx_word' id='word_1_253' title='bbox 1851 2927 1927 2990; x_wconf 86' lang='lat' dir='ltr'>ad</span> <span class='ocrx_word' id='word_1_254' title='bbox 1965 2928 2055 2990; x_wconf 76' lang='lat'>4.:</span> <span class='ocrx_word' id='word_1_255' title='bbox 2113 2952 2148 2984; x_wconf 87' lang='lat'>‹&lt;</span> <span class='ocrx_word' id='word_1_256' title='bbox 2181 2925 2521 2990; x_wconf 90' lang='lat' dir='ltr'>Dicendum</span> <span class='ocrx_word' id='word_1_257' title='bbox 2560 2924 2724 3006; x_wconf 91' lang='lat' dir='ltr'>quod</span> <span class='ocrx_word' id='word_1_258' title='bbox 2764 2924 3156 2989; x_wconf 79' lang='lat' dir='ltr'>observantia</span> 
     </span>
     <span class='ocr_line' id='line_1_27' title="bbox 711 3026 3157 3113; baseline -0.001 -22"><span class='ocrx_word' id='word_1_259' title='bbox 711 3028 832 3092; x_wconf 90' lang='lat' dir='ltr'>diei</span> <span class='ocrx_word' id='word_1_260' title='bbox 878 3028 1222 3093; x_wconf 86' lang='lat' dir='ltr'>dominicae</span> <span class='ocrx_word' id='word_1_261' title='bbox 1267 3030 1331 3092; x_wconf 89' lang='lat' dir='ltr'>in</span> <span class='ocrx_word' id='word_1_262' title='bbox 1378 3048 1539 3094; x_wconf 86' lang='lat' dir='ltr'>nova</span> <span class='ocrx_word' id='word_1_263' title='bbox 1586 3030 1720 3113; x_wconf 82' lang='lat' dir='ltr'>lege</span> <span class='ocrx_word' id='word_1_264' title='bbox 1760 3029 2030 3093; x_wconf 84' lang='lat' dir='ltr'>succedit</span> <span class='ocrx_word' id='word_1_265' title='bbox 2064 3028 2490 3093; x_wconf 82' lang='lat' dir='ltr'>observantiae</span> <span class='ocrx_word' id='word_1_266' title='bbox 2529 3027 2775 3091; x_wconf 88' lang='lat' dir='ltr'>sabbati</span> <span class='ocrx_word' id='word_1_267' title='bbox 2807 3044 2928 3090; x_wconf 88' lang='lat' dir='ltr'>non</span> <span class='ocrx_word' id='word_1_268' title='bbox 2977 3046 3049 3089; x_wconf 77' lang='lat' dir='ltr'>ex</span> <span class='ocrx_word' id='word_1_269' title='bbox 3094 3026 3157 3090; x_wconf 85' lang='lat' dir='ltr'>vi</span> 
     </span>
    </p>
   </div>
   <div class='ocr_carea' id='block_1_3' title="bbox 598 3127 3158 3215">
    <p class='ocr_par' dir='ltr' id='par_1_9' title="bbox 598 3127 3158 3215">
     <span class='ocr_line' id='line_1_28' title="bbox 598 3127 3158 3215; baseline 0 -22"><span class='ocrx_word' id='word_1_270' title='bbox 598 3208 605 3215; x_wconf 75' lang='lat'>.</span> <span class='ocrx_word' id='word_1_271' title='bbox 707 3132 1014 3213; x_wconf 86' lang='lat' dir='ltr'>praecepti</span> <span class='ocrx_word' id='word_1_272' title='bbox 1052 3130 1227 3214; x_wconf 51' lang='lat' dir='ltr'>legis</span> <span class='ocrx_word' id='word_1_273' title='bbox 1269 3130 1373 3194; x_wconf 89' lang='lat' dir='ltr'>sed</span> <span class='ocrx_word' id='word_1_274' title='bbox 1410 3151 1480 3194; x_wconf 81' lang='lat' dir='ltr'>ex</span> <span class='ocrx_word' id='word_1_275' title='bbox 1528 3132 1972 3196; x_wconf 86' lang='lat' dir='ltr'>constitutione</span> <span class='ocrx_word' id='word_1_276' title='bbox 2019 3130 2324 3193; x_wconf 86' lang='lat' dir='ltr'>Ecclesiae</span> <span class='ocrx_word' id='word_1_277' title='bbox 2371 3133 2433 3193; x_wconf 97' lang='grc'>61</span> <span class='ocrx_word' id='word_1_278' title='bbox 2469 3127 2913 3193; x_wconf 87' lang='lat' dir='ltr'>consuetudine</span> <span class='ocrx_word' id='word_1_279' title='bbox 2943 3128 3158 3212; x_wconf 85' lang='lat' dir='ltr'>populi</span> 
     </span>
    </p>
   </div>
   <div class='ocr_carea' id='block_1_4' title="bbox 702 3230 3163 4317">
    <p class='ocr_par' dir='ltr' id='par_1_10' title="bbox 703 3230 1131 3296">
     <span class='ocr_line' id='line_1_29' title="bbox 703 3230 1131 3296; baseline 0.007 -3"><span class='ocrx_word' id='word_1_280' title='bbox 703 3230 1039 3295; x_wconf 81' lang='lat' dir='ltr'>Christiani</span> <span class='ocrx_word' id='word_1_281' title='bbox 1071 3258 1131 3296; x_wconf 84' lang='lat'>».</span> 
     </span>
    </p>

    <p class='ocr_par' dir='ltr' id='par_1_11' title="bbox 702 3332 3163 3928">
     <span class='ocr_line' id='line_1_30' title="bbox 787 3332 3159 3416; baseline 0 -19"><span class='ocrx_word' id='word_1_282' title='bbox 787 3332 1093 3412; x_wconf 85' lang='lat' dir='ltr'>Quoniam</span> <span class='ocrx_word' id='word_1_283' title='bbox 1117 3336 1189 3400; x_wconf 91' lang='lat' dir='ltr'>de</span> <span class='ocrx_word' id='word_1_284' title='bbox 1216 3336 1627 3400; x_wconf 85' lang='lat' dir='ltr'>ecclesiastica</span> <span class='ocrx_word' id='word_1_285' title='bbox 1650 3336 2045 3401; x_wconf 87' lang='lat' dir='ltr'>institutione</span> <span class='ocrx_word' id='word_1_286' title='bbox 2069 3354 2270 3399; x_wconf 90' lang='lat' dir='ltr'>sermo</span> <span class='ocrx_word' id='word_1_287' title='bbox 2295 3334 2497 3399; x_wconf 85' lang='lat' dir='ltr'>factus</span> <span class='ocrx_word' id='word_1_288' title='bbox 2524 3334 2637 3409; x_wconf 89' lang='lat' dir='ltr'>est,</span> <span class='ocrx_word' id='word_1_289' title='bbox 2666 3334 2987 3415; x_wconf 88' lang='lat' dir='ltr'>quaeritur</span> <span class='ocrx_word' id='word_1_290' title='bbox 3008 3333 3159 3416; x_wconf 89' lang='lat' dir='ltr'>quid</span> 
     </span>
     <span class='ocr_line' id='line_1_31' title="bbox 708 3436 3158 3521; baseline 0.002 -23"><span class='ocrx_word' id='word_1_291' title='bbox 708 3436 770 3498; x_wconf 93' lang='lat' dir='ltr'>in</span> <span class='ocrx_word' id='word_1_292' title='bbox 819 3436 933 3499; x_wconf 88' lang='lat' dir='ltr'>hac</span> <span class='ocrx_word' id='word_1_293' title='bbox 982 3457 1043 3500; x_wconf 93' lang='lat' dir='ltr'>re</span> <span class='ocrx_word' id='word_1_294' title='bbox 1093 3439 1333 3520; x_wconf 90' lang='lat' dir='ltr'>possint</span> <span class='ocrx_word' id='word_1_295' title='bbox 1378 3438 1684 3520; x_wconf 85' lang='lat' dir='ltr'>Episcopi.</span> <span class='ocrx_word' id='word_1_296' title='bbox 1734 3438 2074 3521; x_wconf 85' lang='lat' dir='ltr'>Responsio</span> <span class='ocrx_word' id='word_1_297' title='bbox 2126 3441 2240 3515; x_wconf 85' lang='lat' dir='ltr'>est,</span> <span class='ocrx_word' id='word_1_298' title='bbox 2303 3457 2478 3521; x_wconf 84' lang='lat' dir='ltr'>posse</span> <span class='ocrx_word' id='word_1_299' title='bbox 2534 3437 2871 3519; x_wconf 89' lang='lat' dir='ltr'>Episcopos</span> <span class='ocrx_word' id='word_1_300' title='bbox 2928 3438 3158 3502; x_wconf 81' lang='lat' dir='ltr'>festum</span> 
     </span>
     <span class='ocr_line' id='line_1_32' title="bbox 706 3538 3161 3621; baseline 0 -20"><span class='ocrx_word' id='word_1_301' title='bbox 706 3538 955 3620; x_wconf 89' lang='lat' dir='ltr'>aliquod</span> <span class='ocrx_word' id='word_1_302' title='bbox 988 3540 1333 3613; x_wconf 84' lang='lat' dir='ltr'>instituere,</span> <span class='ocrx_word' id='word_1_303' title='bbox 1359 3539 1582 3603; x_wconf 89' lang='lat' dir='ltr'>saltem</span> <span class='ocrx_word' id='word_1_304' title='bbox 1615 3559 1756 3605; x_wconf 90' lang='lat' dir='ltr'>cum</span> <span class='ocrx_word' id='word_1_305' title='bbox 1782 3560 2080 3606; x_wconf 90' lang='lat' dir='ltr'>consensu</span> <span class='ocrx_word' id='word_1_306' title='bbox 2111 3541 2256 3604; x_wconf 87' lang='lat' dir='ltr'>cleri</span> <span class='ocrx_word' id='word_1_307' title='bbox 2288 3546 2350 3604; x_wconf 91' lang='lat' dir='ltr'>et</span> <span class='ocrx_word' id='word_1_308' title='bbox 2375 3539 2607 3621; x_wconf 85' lang='lat' dir='ltr'>populi,</span> <span class='ocrx_word' id='word_1_309' title='bbox 2641 3540 2747 3620; x_wconf 88' lang='lat' dir='ltr'>qui</span> <span class='ocrx_word' id='word_1_310' title='bbox 2781 3539 3161 3604; x_wconf 87' lang='lat' dir='ltr'>sufficienter</span> 
     </span>
     <span class='ocr_line' id='line_1_33' title="bbox 704 3640 3163 3720; baseline 0 -17"><span class='ocrx_word' id='word_1_311' title='bbox 704 3641 911 3706; x_wconf 85' lang='lat' dir='ltr'>adesse</span> <span class='ocrx_word' id='word_1_312' title='bbox 944 3644 1244 3717; x_wconf 87' lang='lat' dir='ltr'>censetur,</span> <span class='ocrx_word' id='word_1_313' title='bbox 1279 3642 1333 3705; x_wconf 89' lang='lat' dir='ltr'>si</span> <span class='ocrx_word' id='word_1_314' title='bbox 1372 3661 1494 3706; x_wconf 92' lang='lat' dir='ltr'>non</span> <span class='ocrx_word' id='word_1_315' title='bbox 1532 3643 1976 3708; x_wconf 84' lang='lat' dir='ltr'>contradicant.</span> <span class='ocrx_word' id='word_1_316' title='bbox 2021 3643 2105 3706; x_wconf 84' lang='lat' dir='ltr'>Ex</span> <span class='ocrx_word' id='word_1_317' title='bbox 2139 3663 2188 3705; x_wconf 92' lang='lat' dir='ltr'>c.</span> <span class='ocrx_word' id='word_1_318' title='bbox 2234 3641 2637 3720; x_wconf 73' lang='lat' dir='ltr'>Conquestus,</span> <span class='ocrx_word' id='word_1_319' title='bbox 2670 3640 2744 3703; x_wconf 84' lang='lat' dir='ltr'>de</span> <span class='ocrx_word' id='word_1_320' title='bbox 2776 3640 3012 3705; x_wconf 69' lang='lat' dir='ltr'>Feriis.</span> <span class='ocrx_word' id='word_1_321' title='bbox 3049 3642 3163 3707; x_wconf 90' lang='lat' dir='ltr'>Ur·</span> 
     </span>
     <span class='ocr_line' id='line_1_34' title="bbox 702 3743 3161 3827; baseline 0.001 -22"><span class='ocrx_word' id='word_1_322' title='bbox 702 3744 896 3807; x_wconf 89' lang='lat' dir='ltr'>banus</span> <span class='ocrx_word' id='word_1_323' title='bbox 930 3747 1135 3807; x_wconf 88' lang='lat' dir='ltr'>tamen</span> <span class='ocrx_word' id='word_1_324' title='bbox 1170 3745 1343 3807; x_wconf 85' lang='lat' dir='ltr'>VIII.</span> <span class='ocrx_word' id='word_1_325' title='bbox 1372 3745 1433 3808; x_wconf 92' lang='lat' dir='ltr'>in</span> <span class='ocrx_word' id='word_1_326' title='bbox 1466 3746 1651 3810; x_wconf 88' lang='lat' dir='ltr'>Bulla</span> <span class='ocrx_word' id='word_1_327' title='bbox 1697 3745 2005 3812; x_wconf 73' lang='lat' dir='ltr'>Universa</span> <span class='ocrx_word' id='word_1_328' title='bbox 2037 3761 2196 3808; x_wconf 87' lang='lat' dir='ltr'>anno</span> <span class='ocrx_word' id='word_1_329' title='bbox 2235 3743 2423 3806; x_wconf 75' lang='grc'><strong>1642.</strong></span> <span class='ocrx_word' id='word_1_330' title='bbox 2459 3744 2670 3808; x_wconf 90' lang='lat' dir='ltr'>monet</span> <span class='ocrx_word' id='word_1_331' title='bbox 2700 3743 3059 3827; x_wconf 78' lang='lat' dir='ltr'>EpiscopOS,</span> <span class='ocrx_word' id='word_1_332' title='bbox 3086 3763 3161 3808; x_wconf 89' lang='lat' dir='ltr'>ne</span> 
     </span>
     <span class='ocr_line' id='line_1_35' title="bbox 704 3843 3156 3928; baseline 0.001 -22"><span class='ocrx_word' id='word_1_333' title='bbox 704 3843 881 3907; x_wconf 84' lang='lat' dir='ltr'>facile</span> <span class='ocrx_word' id='word_1_334' title='bbox 915 3845 991 3907; x_wconf 88' lang='lat' dir='ltr'>ad</span> <span class='ocrx_word' id='word_1_335' title='bbox 1022 3863 1184 3909; x_wconf 89' lang='lat' dir='ltr'>nova</span> <span class='ocrx_word' id='word_1_336' title='bbox 1209 3846 1366 3910; x_wconf 88' lang='lat' dir='ltr'>festa</span> <span class='ocrx_word' id='word_1_337' title='bbox 1391 3847 1772 3911; x_wconf 88' lang='lat' dir='ltr'>instituenda</span> <span class='ocrx_word' id='word_1_338' title='bbox 1804 3847 2193 3910; x_wconf 88' lang='lat' dir='ltr'>inducantur.</span> <span class='ocrx_word' id='word_1_339' title='bbox 2219 3843 2360 3908; x_wconf 88' lang='lat' dir='ltr'>Vid.</span> <span class='ocrx_word' id='word_1_340' title='bbox 2386 3864 2434 3908; x_wconf 91' lang='grc'>6.</span> <span class='ocrx_word' id='word_1_341' title='bbox 2470 3845 2654 3928; x_wconf 81' lang='lat' dir='ltr'>Alph.</span> <span class='ocrx_word' id='word_1_342' title='bbox 2688 3845 2796 3910; x_wconf 89' lang='lat' dir='ltr'>lib.</span> <span class='ocrx_word' id='word_1_343' title='bbox 2825 3846 2887 3909; x_wconf 86' lang='lat'>3.</span> <span class='ocrx_word' id='word_1_344' title='bbox 2915 3866 2975 3909; x_wconf 93' lang='grc'>11.</span> <span class='ocrx_word' id='word_1_345' title='bbox 3007 3846 3156 3910; x_wconf 87' lang='grc'><strong>266.</strong></span> 
     </span>
    </p>

    <p class='ocr_par' dir='ltr' id='par_1_12' title="bbox 703 3945 3160 4317">
     <span class='ocr_line' id='line_1_36' title="bbox 787 3945 3160 4031; baseline 0.002 -23"><span class='ocrx_word' id='word_1_346' title='bbox 787 3945 1055 4027; x_wconf 88' lang='lat' dir='ltr'>Tempus</span> <span class='ocrx_word' id='word_1_347' title='bbox 1090 3950 1300 4011; x_wconf 91' lang='lat' dir='ltr'>autem</span> <span class='ocrx_word' id='word_1_348' title='bbox 1348 3948 1746 4031; x_wconf 79' lang='lat' dir='ltr'>obligationis</span> <span class='ocrx_word' id='word_1_349' title='bbox 1796 3968 1867 4012; x_wconf 83' lang='lat' dir='ltr'>ex</span> <span class='ocrx_word' id='word_1_350' title='bbox 1899 3967 2017 4011; x_wconf 87' lang='lat' dir='ltr'>usu</span> <span class='ocrx_word' id='word_1_351' title='bbox 2063 3946 2355 4012; x_wconf 89' lang='lat' dir='ltr'>hodierno</span> <span class='ocrx_word' id='word_1_352' title='bbox 2390 3948 2695 4013; x_wconf 86' lang='lat' dir='ltr'>Ecclesiae</span> <span class='ocrx_word' id='word_1_353' title='bbox 2727 3949 3048 4013; x_wconf 86' lang='lat' dir='ltr'>Romanae</span> <span class='ocrx_word' id='word_1_354' title='bbox 3096 3967 3160 4013; x_wconf 90' lang='grc'>66</span> 
     </span>
     <span class='ocr_line' id='line_1_37' title="bbox 704 4048 3157 4116; baseline 0.001 -5"><span class='ocrx_word' id='word_1_355' title='bbox 704 4048 976 4113; x_wconf 81' lang='lat' dir='ltr'>extendit</span> <span class='ocrx_word' id='word_1_356' title='bbox 1024 4069 1059 4113; x_wconf 90' lang='lat' dir='ltr'>a</span> <span class='ocrx_word' id='word_1_357' title='bbox 1097 4049 1298 4114; x_wconf 89' lang='lat' dir='ltr'>media</span> <span class='ocrx_word' id='word_1_358' title='bbox 1330 4054 1508 4114; x_wconf 85' lang='lat' dir='ltr'>nocte</span> <span class='ocrx_word' id='word_1_359' title='bbox 1542 4050 1619 4112; x_wconf 88' lang='lat' dir='ltr'>ad</span> <span class='ocrx_word' id='word_1_360' title='bbox 1652 4049 1842 4112; x_wconf 85' lang='lat' dir='ltr'>aliam</span> <span class='ocrx_word' id='word_1_361' title='bbox 1890 4048 2156 4112; x_wconf 88' lang='lat' dir='ltr'>mediam</span> <span class='ocrx_word' id='word_1_362' title='bbox 2189 4052 2451 4114; x_wconf 86' lang='lat' dir='ltr'>noctem.</span> <span class='ocrx_word' id='word_1_363' title='bbox 2485 4050 2744 4115; x_wconf 81' lang='lat' dir='ltr'>Monent</span> <span class='ocrx_word' id='word_1_364' title='bbox 2773 4053 2984 4115; x_wconf 87' lang='lat' dir='ltr'>tamen</span> <span class='ocrx_word' id='word_1_365' title='bbox 3018 4052 3157 4116; x_wconf 88' lang='lat' dir='ltr'>DD.</span> 
     </span>
     <span class='ocr_line' id='line_1_38' title="bbox 703 4150 3153 4236; baseline 0 -21"><span class='ocrx_word' id='word_1_366' title='bbox 703 4170 878 4234; x_wconf 86' lang='lat' dir='ltr'>posse</span> <span class='ocrx_word' id='word_1_367' title='bbox 901 4152 1149 4216; x_wconf 87' lang='lat' dir='ltr'>institui</span> <span class='ocrx_word' id='word_1_368' title='bbox 1174 4152 1332 4214; x_wconf 87' lang='lat' dir='ltr'>festa</span> <span class='ocrx_word' id='word_1_369' title='bbox 1355 4170 1550 4232; x_wconf 89' lang='lat' dir='ltr'>usque</span> <span class='ocrx_word' id='word_1_370' title='bbox 1576 4150 1780 4214; x_wconf 90' lang='lat' dir='ltr'>solum</span> <span class='ocrx_word' id='word_1_371' title='bbox 1807 4150 1882 4214; x_wconf 87' lang='lat' dir='ltr'>ad</span> <span class='ocrx_word' id='word_1_372' title='bbox 1907 4150 2223 4215; x_wconf 83' lang='lat' dir='ltr'>meridiem</span> <span class='ocrx_word' id='word_1_373' title='bbox 2249 4153 2345 4216; x_wconf 83' lang='lat' dir='ltr'>vel</span> <span class='ocrx_word' id='word_1_374' title='bbox 2367 4171 2703 4235; x_wconf 87' lang='lat' dir='ltr'>vesperam.</span> <span class='ocrx_word' id='word_1_375' title='bbox 2725 4152 2864 4216; x_wconf 88' lang='lat' dir='ltr'>Vid.</span> <span class='ocrx_word' id='word_1_376' title='bbox 2892 4172 2941 4218; x_wconf 90' lang='grc'>6.</span> <span class='ocrx_word' id='word_1_377' title='bbox 2968 4154 3153 4236; x_wconf 85' lang='lat' dir='ltr'>Alph.</span> 
     </span>
     <span class='ocr_line' id='line_1_39' title="bbox 704 4251 1947 4317; baseline 0 -2"><span class='ocrx_word' id='word_1_378' title='bbox 704 4254 812 4316; x_wconf 92' lang='lat' dir='ltr'>lib.</span> <span class='ocrx_word' id='word_1_379' title='bbox 847 4256 906 4316; x_wconf 87' lang='lat'>3.</span> <span class='ocrx_word' id='word_1_380' title='bbox 948 4274 1006 4317; x_wconf 92' lang='lat' dir='ltr'>n.</span> <span class='ocrx_word' id='word_1_381' title='bbox 1044 4254 1192 4316; x_wconf 86' lang='grc'><strong>267.</strong></span> <span class='ocrx_word' id='word_1_382' title='bbox 1227 4251 1519 4317; x_wconf 87' lang='lat' dir='ltr'>Servetur</span> <span class='ocrx_word' id='word_1_383' title='bbox 1549 4251 1947 4316; x_wconf 89' lang='lat' dir='ltr'>consuetudo.</span> 
     </span>
    </p>
   </div>
   <div class='ocr_carea' id='block_1_5' title="bbox 722 4400 1032 4414">
    <p class='ocr_par' dir='ltr' id='par_1_13' title="bbox 722 4400 1032 4414">
     <span class='ocr_line' id='line_1_40' title="bbox 722 4400 1032 4414; baseline 0 733"><span class='ocrx_word' id='word_1_384' title='bbox 722 4400 1032 4414; x_wconf 95' lang='lat' dir='ltr'> </span> 
     </span>
    </p>
   </div>
   <div class='ocr_carea' id='block_1_6' title="bbox 700 4528 3157 4653">
    <p class='ocr_par' dir='ltr' id='par_1_14' title="bbox 700 4528 3157 4653">
     <span class='ocr_line' id='line_1_41' title="bbox 778 4528 3157 4584; baseline 0.002 -15"><span class='ocrx_word' id='word_1_385' title='bbox 778 4528 843 4580; x_wconf 85' lang='grc'>(6)</span> <span class='ocrx_word' id='word_1_386' title='bbox 873 4528 1067 4573; x_wconf 81' lang='lat' dir='ltr'>Exinde</span> <span class='ocrx_word' id='word_1_387' title='bbox 1100 4531 1304 4574; x_wconf 77' lang='lat' dir='ltr'>infirma</span> <span class='ocrx_word' id='word_1_388' title='bbox 1333 4531 1464 4573; x_wconf 80' lang='lat' dir='ltr'>ratio</span> <span class='ocrx_word' id='word_1_389' title='bbox 1484 4536 1557 4572; x_wconf 69' lang='grc'>661</span> <span class='ocrx_word' id='word_1_390' title='bbox 1595 4541 1723 4583; x_wconf 74' lang='lat' dir='ltr'>quae</span> <span class='ocrx_word' id='word_1_391' title='bbox 1744 4541 1805 4572; x_wconf 83' lang='lat' dir='ltr'>ex</span> <span class='ocrx_word' id='word_1_392' title='bbox 1825 4532 2121 4574; x_wconf 73' lang='lat' dir='ltr'>necessitate</span> <span class='ocrx_word' id='word_1_393' title='bbox 2151 4530 2327 4574; x_wconf 81' lang='lat' dir='ltr'>orandi</span> <span class='ocrx_word' id='word_1_394' title='bbox 2348 4535 2570 4584; x_wconf 83' lang='lat' dir='ltr'>tempore</span> <span class='ocrx_word' id='word_1_395' title='bbox 2600 4529 2776 4573; x_wconf 70' lang='lat' dir='ltr'>Missae</span> <span class='ocrx_word' id='word_1_396' title='bbox 2799 4531 2914 4573; x_wconf 84' lang='lat' dir='ltr'>vult</span> <span class='ocrx_word' id='word_1_397' title='bbox 2946 4530 3157 4583; x_wconf 80' lang='lat' dir='ltr'>inferre.</span> 
     </span>
     <span class='ocr_line' id='line_1_42' title="bbox 700 4594 2748 4653; baseline 0.002 -17"><span class='ocrx_word' id='word_1_398' title='bbox 700 4606 801 4637; x_wconf 86' lang='lat' dir='ltr'>uon</span> <span class='ocrx_word' id='word_1_399' title='bbox 830 4594 1067 4638; x_wconf 75' lang='lat' dir='ltr'>satisfieri</span> <span class='ocrx_word' id='word_1_400' title='bbox 1097 4600 1361 4650; x_wconf 69' lang='lat' dir='ltr'>praecepto</span> <span class='ocrx_word' id='word_1_401' title='bbox 1389 4597 1583 4647; x_wconf 76' lang='lat' dir='ltr'>Missae,</span> <span class='ocrx_word' id='word_1_402' title='bbox 1614 4597 1655 4639; x_wconf 77' lang='lat' dir='ltr'>si</span> <span class='ocrx_word' id='word_1_403' title='bbox 1684 4603 1810 4641; x_wconf 80' lang='lat' dir='ltr'>tunc</span> <span class='ocrx_word' id='word_1_404' title='bbox 1839 4598 1954 4653; x_wconf 68' lang='lat' dir='ltr'>qula</span> <span class='ocrx_word' id='word_1_405' title='bbox 1984 4598 2259 4641; x_wconf 82' lang='lat' dir='ltr'>confitetur</span> <span class='ocrx_word' id='word_1_406' title='bbox 2287 4598 2748 4641; x_wconf 68' lang='lat' dir='ltr'>sacramentaliter.</span> 
     </span>
    </p>
   </div>
  </div>
 </body>
</html>
