3497 5147
366 344 511 421 [117]
1372 358 1523 407 Qun>
1563 358 1657 400 srr
1693 358 1837 401 spns
2755 348 2828 403 87

355 458 694 539 potestatis
726 458 789 519 et
800 457 1089 537 pietati&
1125 455 1214 520 Ut
1246 455 1361 520 hoc
1391 455 1509 519 rite
1540 455 1934 541 intelligatur
1980 458 2044 521 et
2080 476 2202 522 non
2242 457 2654 523 confundatur
2685 477 2830 523 cum

367 560 620 639 auxilio,
655 559 821 643 quod
854 578 984 624 esse
1015 559 1222 642 potest
1256 557 1566 624 obiectum
1589 558 1719 643 spei
1760 558 2106 634 materiale,
2141 560 2490 644 accipienda
2524 580 2595 626 ea
2643 563 2830 627 verba

365 663 516 727 sunt
550 683 662 747 pro
696 662 1022 728 voluntate
1060 661 1176 726 Dei
1206 662 1458 745 potente
1490 664 1553 726 et
1584 661 1848 747 benigna
1888 662 2247 727 auxiliandi.

456 764 649 848 quue
688 764 1031 848 expressius
1070 764 1219 828 alibi
1251 784 1300 827 s.
1333 763 1606 828 Thomas
1638 765 1725 828 sic
1764 764 1915 828 dicit
1947 767 2006 829 2.
2043 768 2102 829 2.
2140 785 2197 847 q.
2238 766 2338 830 18.
2374 768 2492 831 art.
2529 768 2589 831 4.
2627 766 2704 831 ad
2731 769 2828 831 2.:

376 896 411 930 ‹
437 870 587 954 Spes
609 889 733 935 non
761 870 1054 935 innititur
1085 868 1507 953 principaliter
1543 869 1786 953 gratiae
1809 870 1935 933 iam
1973 870 2244 947 habitae,
2278 869 2383 934 sed
2422 869 2665 934 divinae
2706 888 2834 935 om-

264 1046 271 1055 ,
368 973 755 1057 nipotentiae
789 975 852 1036 et
881 970 1355 1047 misericordiae,
1407 991 1513 1053 per
1551 991 1740 1053 quam
1779 972 1970 1036 etiam
2016 973 2123 1055 qui
2161 973 2435 1056 gratiam
2467 991 2588 1036 non
2621 971 2828 1050 habet,

366 1096 506 1141 eam
551 1075 842 1157 consequi
889 1074 1113 1158 potest,
1162 1073 1236 1138 ut
1282 1072 1370 1136 sic
1417 1072 1494 1136 ad
1543 1073 1742 1137 vitam
1790 1074 2104 1138 aeternam
2128 1074 2465 1157 perveniat.
2502 1074 2592 1137 De
2641 1074 2834 1138 omni-

362 1178 644 1263 potentia
692 1179 903 1243 autem
939 1176 1057 1241 Dei
1088 1177 1150 1240 et
1195 1174 1617 1240 misericordia
1663 1175 1796 1240 eius
1844 1175 2047 1241 certus
2095 1179 2191 1241 est
2238 1176 2609 1259 quicumque
2648 1176 2832 1241 fidem

362 1281 555 1346 habet
581 1305 643 1344 ›.

430 1379 586 1453 Ι116.
625 1381 943 1462 Quaenam
992 1381 1203 1443 autem
1239 1379 1324 1444 sit
1360 1379 1667 1444 certitudo
1707 1377 1857 1462 spei,
1893 1380 2105 1462 paucis
2131 1379 2217 1444 sic
2251 1379 2445 1443 tradit
2477 1399 2525 1443 s.
2560 1380 2833 1445 Thomas

364 1484 439 1548 de
493 1484 722 1548 Virtut.
757 1503 814 1567 q.
851 1483 911 1546 4.
946 1484 1066 1546 art.
1102 1481 1162 1546 4.
1199 1482 1317 1546 art.
1346 1484 1406 1546 2.
1435 1482 1513 1546 ad
1546 1483 1644 1545 4.:
1688 1506 1723 1539 «
1761 1481 2125 1560 Dicendum,
2160 1482 2324 1565 quod
2365 1482 2671 1547 certitudo
2705 1484 2834 1565 spei

360 1586 682 1651 derivatur
713 1604 749 1649 a
798 1583 1168 1649 certitudine
1206 1584 1368 1649 fidei.
1406 1585 1478 1648 In
1512 1584 1821 1666 quantum
1853 1584 2016 1648 enim
2049 1585 2261 1649 motus
2309 1585 2686 1668 appetitivae
2719 1585 2839 1649 vir-

362 1688 522 1754 tutis
569 1686 864 1772 dirigitur
903 1705 939 1750 a
986 1687 1224 1751 virtute
1273 1685 1718 1770 cognoscitiva,
1770 1685 2105 1768 participat
2153 1686 2391 1767 aliquid
2424 1686 2499 1751 de
2544 1687 2676 1751 eius
2708 1706 2837 1751 cer-

364 1789 644 1855 titudine
678 1815 740 1852 ».

463 1891 655 1956 Porro
702 1890 1007 1973 quomodo
1057 1891 1260 1956 virtus
1312 1890 1655 1974 appetitiva
1689 1888 2021 1974 participet
2058 1891 2491 1962 certitudinem
2525 1911 2597 1956 ex
2643 1891 2705 1956 vi
2737 1910 2842 1955 co-

364 1992 737 2079 gnoscitiva,
786 1993 873 2057 sic
922 1993 1070 2057 alibi
1124 1995 1182 2056 2.
1221 1995 1280 2056 2.
1317 2013 1375 2076 q.
1416 1993 1518 2056 18.
1561 1994 1678 2056 art.
1731 1992 1792 2054 4.
1828 1992 2121 2075 explicat:
2179 2020 2213 2052 «
2262 1994 2624 2071 Dicendum,
2673 1993 2840 2077 quod

362 2093 677 2159 certitudo
725 2094 1039 2159 invenitur
1085 2095 1148 2158 in
1198 2095 1407 2177 aliquo
1457 2094 1809 2178 dupliciter,
1861 2095 2097 2160 scilicet
2143 2096 2559 2161 essentialiter
2596 2099 2660 2160 et
2706 2116 2842 2180 par-

366 2196 709 2279 ticipative.
758 2196 1189 2261 Essentialiter
1236 2197 1488 2278 quidem
1534 2196 1848 2260 invenitur
1895 2197 1959 2261 in
2000 2197 2062 2261 vi
2093 2199 2544 2281 cognoscitiva;
2595 2198 2843 2282 partici-

364 2298 577 2382 pative
624 2300 836 2363 autem
883 2298 946 2362 in
987 2298 1152 2363 omni
1188 2317 1279 2373 e0,
1321 2299 1487 2380 quod
1535 2318 1571 2361 a
1620 2298 1682 2362 vi
1727 2298 2152 2383 cognoscitiva
2200 2302 2487 2365 movetur
2538 2298 2841 2380 infallibi-

368 2400 517 2464 liter
553 2400 634 2464 ad
692 2400 880 2465 finem
933 2419 1136 2464 suum.
1179 2398 1527 2465 Secundum
1581 2420 1766 2482 quem
1813 2399 2071 2466 modum
2119 2400 2347 2465 dicitur
2393 2402 2559 2483 quod
2613 2403 2842 2466 natura

368 2502 890 2569 certitudinaliter
915 2505 1227 2587 operatur,
1268 2503 1568 2586 tanquam
1601 2504 1775 2567 mota
1815 2503 1894 2567 ab
1924 2502 2246 2568 intellectu
2279 2502 2486 2569 divino
2526 2503 2842 2569 certitudi-

372 2607 597 2671 naliter
641 2610 929 2671 movente
976 2605 1462 2688 unumquodque
1495 2605 1573 2669 ad
1621 2605 1804 2670 finem
1838 2626 2043 2671 suum.
2083 2606 2166 2670 Et
2189 2626 2296 2689 per
2326 2626 2434 2689 per
2464 2607 2627 2671 hunc
2651 2607 2844 2671 etiam

375 2712 632 2778 modum
684 2711 947 2777 virtutes
992 2713 1260 2777 morales
1286 2711 1513 2776 certius
1548 2712 1681 2775 arte
1713 2710 2005 2776 dicuntur
2039 2712 2300 2794 operari,
2333 2712 2706 2792 inquantum
2738 2729 2845 2793 per

378 2816 637 2881 modum
675 2817 938 2879 naturae
983 2814 1315 2879 moventur
1361 2832 1399 2877 a
1444 2813 1686 2879 ratione
1720 2813 1797 2878 ad
1830 2832 1977 2878 suos
2027 2814 2203 2878 actus
2251 2815 2314 2879 et
2360 2813 2448 2877 sic
2481 2814 2673 2878 etiam
2705 2832 2844 2895 spes

371 2916 897 2983 certitudinaliter
944 2915 1146 2980 tendit
1190 2915 1254 2979 in
1305 2915 1490 2979 finem
1537 2934 1740 2990 suum,
1783 2915 1963 2996 quasi
2001 2915 2378 2998 participans
2411 2915 2846 2979 certitudinem

372 3040 411 3085 a
457 3019 597 3096 fide,
631 3038 789 3101 quae
836 3019 931 3083 est
977 3017 1042 3082 in
1090 3017 1512 3102 cognoscitiva
1546 3042 1606 3080 ».

463 3119 790 3186 Certitudo
822 3119 1021 3205 igitur
1057 3122 1121 3183 et
1159 3119 1578 3184 infallibilitas
1625 3118 1758 3202 spei
1789 3118 2071 3201 sequitur
2102 3120 2538 3185 certitudinem
2577 3121 2640 3184 et
2663 3118 2847 3183 infal-

368 3225 737 3290 libilitatem
784 3222 923 3287 fidei
971 3223 1036 3286 et
1081 3222 1346 3286 refertur
1398 3223 1464 3284 1⁰
1513 3222 1592 3285 ad
1637 3221 2074 3286 certitudinem
2122 3222 2366 3288 divinae
2416 3220 2843 3297 ordinationis,

371 3329 444 3391 2ο
478 3327 558 3391 ad
589 3325 1024 3390 certitudinem
1056 3324 1251 3388 divini
1298 3323 1532 3402 auxilii,
1568 3324 1639 3386 3⁰
1672 3324 1751 3388 ad
1796 3323 2187 3389 infallibilem
2220 3326 2496 3390 ordinem
2526 3326 2690 3390 inter
2721 3324 2845 3388 duo
2873 3313 2886 3325 ⁹

370 3430 498 3495 ista
537 3429 600 3493 et
631 3428 775 3493 boni
808 3426 1039 3511 sperati
1079 3426 1550 3492 assecutionem.

471 3558 506 3589 α
533 3529 704 3614 SpeS,
740 3529 944 3612 inquit
975 3549 1024 3595 s,
1054 3518 1273 3594 Thoin.
1310 3528 1371 3591 3.
1399 3527 1541 3591 dist.
1579 3528 1682 3591 26.
1718 3548 1777 3609 q.
1808 3529 1866 3590 2.
1897 3529 2014 3592 art.
2050 3529 2132 3606 4.‚
2162 3529 2457 3611 supponit
2485 3528 2848 3607 facultatem

372 3634 437 3697 in
462 3632 651 3697 finem
683 3630 1090 3716 perveniendi,
1131 3650 1289 3714 quae
1327 3628 1577 3712 quidem
1623 3631 1716 3692 est
1745 3649 1824 3692 ex
1856 3627 2236 3693 liberalitate
2268 3629 2485 3692 divim
2516 3629 2848 3693 ordinante

379 3754 489 3799 nos
517 3734 583 3799 in
622 3734 806 3798 finem
853 3733 916 3798 et
962 3752 1034 3797 ex
1071 3734 1334 3810 meritis,
1375 3732 1714 3797 secundum
1764 3751 1922 3813 quae
1974 3750 2183 3797 omnes
2233 3731 2496 3796 virtutes
2543 3733 2608 3796 in
2661 3732 2847 3796 finem

381 3836 677 3901 ultimum
709 3835 1101 3919 perveniunt;
1138 3835 1274 3900 ideo
1306 3833 1615 3899 certitudo
1650 3833 1781 3916 spei
1813 3835 2110 3898 causatur
2134 3854 2204 3898 61
2231 3833 2608 3898 liberalitate
2633 3835 2851 3898 divina

379 3940 707 4007 ordinante
736 3958 849 4004 nos
879 3939 943 4003 in
976 3939 1160 4003 finem
1194 3941 1257 4004 et
1287 3958 1360 4004 ex
1392 3936 1800 4001 inclinatione
1832 3937 2107 4001 omnium
2136 3936 2414 4002 aliarum
2446 3939 2755 4003 virtutum
2787 3940 2852 4002 et

378 4043 573 4108 etiam
620 4062 693 4107 ex
742 4040 1146 4106 inclinatione
1200 4042 1400 4121 ipsius
1446 4039 1735 4105 habitus:
1792 4041 1856 4104 et
1900 4039 2036 4105 ideo
2084 4043 2328 4124 praeter
2394 4041 2848 4118 certitudinem,

382 4165 573 4229 quam
620 4143 811 4208 habet
856 4143 930 4208 ut
976 4143 1282 4224 quaedam
1342 4142 1563 4221 virtus,
1627 4143 1890 4208 includit
1936 4143 2392 4221 certitudinem,
2434 4162 2591 4225 quae
2647 4142 2743 4205 est
2787 4141 2852 4204 in

383 4245 673 4312 omnibus
699 4244 839 4308 aliis
871 4243 1213 4309 virtutibus
1247 4246 1310 4310 et
1342 4244 1603 4310 ulterius
1629 4244 2061 4309 certitudinem
2089 4244 2330 4310 divinae
2358 4243 2762 4310 ordinationis
2787 4269 2849 4305 ».

474 4343 606 4418 117.
656 4347 763 4424 At,
796 4346 1058 4428 inquieS,
1094 4366 1292 4412 nonne
1325 4366 1373 4411 s.
1410 4347 1633 4411 Petrus
1666 4345 1852 4412 dicit:
1913 4344 2070 4409 Cum
2111 4347 2326 4410 timore
2359 4349 2421 4410 et
2452 4349 2711 4410 tremore
2756 4364 2853 4408 sa-

383 4447 573 4513 lutem
609 4451 881 4513 vestram
917 4447 1316 4528 operamini?

473 4553 662 4637 Resp.
705 4571 755 4616 S.
796 4551 1070 4617 Thomas
1109 4551 1169 4615 3.
1213 4551 1356 4616 dist.
1393 4551 1496 4614 26.
1532 4571 1591 4632 q.
1628 4552 1687 4614 2.
1722 4552 1841 4614 art.
1881 4551 1944 4614 4.
1981 4550 2058 4614 ad
2098 4552 2199 4615 4.:
2242 4576 2276 4608 «
2312 4549 2600 4631 Quandiu
2639 4549 2702 4612 in
2731 4548 2848 4610 hac
