3497 5147
340 358 473 434 [103]
1284 376 1369 417 nm
1406 374 1820 416 umnaamsuo
2726 360 2797 416 73

344 472 403 535 111
433 471 810 537 confessione
841 473 1264 556 exprimendas
1301 492 1433 537 esse
1468 472 1620 537 dicit
1650 472 1924 536 diversas
1948 472 2178 555 species
2219 491 2343 537 non
2375 474 2627 555 propter
2661 491 2795 554 pec-

340 574 542 639 catum
566 575 784 639 contra
813 574 1018 652 fidem,
1045 576 1150 640 sed
1176 579 1429 659 propter
1453 576 1577 639 alia
1615 577 1870 658 peccata
1899 575 2209 656 specialia,
2243 593 2402 655 quae
2438 575 2502 638 in
2534 574 2793 639 diversis

338 676 510 741 sectis
547 677 1036 742 committuntur
1069 680 1287 743 eontra
1325 678 1449 742 6116
1481 680 1809 760 praecepta
1839 697 1950 741 seu
1987 677 2272 741 virtutes.

418 777 516 843 Sic
561 778 694 862 ipse
737 798 869 843 rem
925 781 1191 863 explicat
1235 780 1277 843 1.
1324 800 1377 844 6.
1426 800 1485 843 11.
1537 781 1723 844 292.;
1780 804 1816 838 «
1855 778 2247 861 Quamquam
2308 778 2454 842 illae
2515 778 2792 844 diversae

337 883 528 947 sectae
565 901 690 946 non
720 882 1007 948 differant
1044 885 1262 967 specie,
1296 885 1605 967 quatenus
1629 883 1900 966 praecise
1933 882 2329 965 opponuntur
2359 883 2575 947 contra
2605 881 2791 947 fidem

338 986 395 1049 et
426 986 659 1070 negant
687 985 965 1051 divinam
998 987 1439 1052 auctoritatem
1476 988 1539 1051 et
1587 987 1703 1050 Dei
1734 986 2197 1061 testimonium3
2232 984 2526 1048 differunt
2557 986 2785 1077 tamen,

337 1088 633 1168 quatenus
696 1091 1094 1172 opponuntur
1148 1089 1434 1174 religioni
1482 1089 1625 1169 (aut
1685 1089 1827 1152 aliis
1874 1088 2262 1171 virtutibus),
2311 1106 2454 1151 cum
2502 1088 2787 1171 singulae

335 1191 526 1254 sectae
569 1192 895 1256 includant
956 1193 1199 1275 aliquas
1247 1192 1622 1256 ceremonias
1678 1192 1777 1255 vel
1837 1192 1998 1254 ritus
2046 1191 2428 1256 continentes
2475 1190 2787 1255 malitiam

333 1291 522 1374 specie
553 1293 897 1371 diversam;
932 1314 990 1359 v.
1026 1315 1118 1380 gr.
1154 1295 1509 1359 Iudaismus
1533 1294 1812 1359 continet
1841 1292 2388 1367 circumcisionem,
2416 1312 2574 1375 quae
2598 1292 2789 1357 habet

334 1392 632 1458 malitiam
670 1397 1165 1478 superstitionis:
1192 1397 1606 1482 Paganismus
1639 1396 1901 1460 includit
1934 1395 2374 1471 idololatriam,
2402 1414 2560 1477 quae
2597 1394 2787 1458 habet

335 1495 636 1560 malitiam
684 1498 882 1580 specie
930 1498 1273 1563 diversam:
1308 1499 1726 1564 Calvinismus
1758 1499 1947 1563 habet
1991 1517 2178 1562 usum
2214 1497 2587 1561 sacramenti
2617 1498 2788 1560 inva-

332 1595 438 1660 lidi
466 1598 528 1661 in
559 1598 1018 1664 Eucharistia...
1053 1603 1116 1665 et
1147 1602 1201 1666 si
1231 1603 1295 1665 in
1329 1603 1542 1684 aliqua
1581 1604 1750 1665 secta
1782 1601 1867 1664 sit
1897 1619 2067 1665 error
2097 1599 2260 1662 circa
2289 1598 2781 1674 matrimonium,

330 1700 560 1765 ratione
591 1702 769 1766 cuius
804 1702 1206 1768 matrimonia
1238 1704 1364 1768 sint
1394 1704 1688 1778 invalida,
1722 1704 1852 1766 iam
1882 1721 1953 1766 eo
1987 1702 2120 1783 ipso
2160 1702 2270 1765 illa
2317 1702 2485 1765 secta
2521 1700 2786 1765 includit

336 1803 578 1882 peecata
604 1804 1326 1889 fornicationiS,quae-ex
1357 1806 1600 1870 defectu
1630 1805 2016 1870 matrimonii
2042 1804 2235 1867 validi
2263 1804 2426 1868 fiunt
2451 1823 2487 1867 a
2503 1803 2785 1885 quolibet

333 1904 588 1989 coniuge
619 1907 858 1973 vivente
889 1910 1226 1974 secundum
1264 1910 1458 1973 ritum
1494 1908 1667 1972 illius
1714 1909 1936 1972 sectae.
1970 1905 2130 1971 Cum
2161 1924 2308 1991 ergo
2340 1907 2466 1983 ille,
2499 1906 2610 1988 qui
2655 1924 2783 1969 am-

330 2005 621 2087 plectitur
642 2010 915 2092 aliquam
939 2014 1191 2087 sectam‚
1220 2012 1634 2093 amplectatur
1658 2012 1791 2075 eius
1807 2011 1969 2075 ritus
1994 2012 2058 2074 et
2080 2029 2302 2086 moreS,
2330 2029 2400 2073 eo
2433 2010 2568 2091 ipso
2593 2009 2783 2073 habet

333 2108 719 2175 voluntatem
750 2113 814 2177 et
842 2115 1232 2197 propositum
1270 2114 1531 2181 faciendi
1564 2114 1675 2177 illa
1706 2116 1961 2197 peccata
1997 2114 2196 2196 specie
2228 2113 2491 2189 diversa,
2523 2132 2683 2194 quae
2714 2112 2780 2175 in

324 2213 608 2278 exercitio
638 2213 807 2279 illius
839 2220 1043 2281 sectae
1075 2216 1496 2281 includuntur.
1523 2216 1699 2281 Unde
1730 2217 1878 2280 11661
1907 2217 2121 2298 lapsus
2150 2216 2214 2279 in
2249 2216 2406 2279 alias
2429 2216 2629 2279 sectas
2655 2233 2778 2278 non

318 2310 602 2381 differant
631 2318 829 2399 specie
853 2318 1015 2382 inter
1038 2337 1102 2383 se
1132 2337 1205 2382 ex
1238 2322 1414 2402 parte
1436 2319 1688 2383 termini
1717 2340 1760 2382 a
1783 2340 1921 2399 quo,
1949 2319 2241 2382 differunt
2262 2322 2470 2381 tamen
2505 2337 2576 2381 ex
2602 2318 2779 2399 parte

315 2415 558 2483 termini
589 2417 683 2483 ad
714 2440 927 2501 quem:
965 2423 1272 2503 quatenus
1318 2441 1425 2505 per
1471 2421 1751 2505 singulas
1799 2422 2111 2486 acceditur
2158 2421 2234 2484 ad
2281 2422 2532 2503 peccata
2579 2420 2778 2501 specie

319 2517 643 2586 diversa...
691 2522 890 2587 Debet
949 2542 1095 2608 ergo
1151 2524 1443 2608 explicari
1498 2523 1701 2606 qualis
1747 2524 1833 2589 sit
1887 2524 1998 2588 illa
2061 2525 2249 2600 secta,
2309 2525 2383 2588 ut
2439 2522 2796 2605 explicetur

320 2623 539 2703 species
571 2625 833 2709 peccati,
868 2626 1032 2709 quod
1070 2628 1506 2704 committitur,
1539 2627 1716 2691 illam
1747 2631 1981 2692 sectam
2015 2626 2437 2709 amplectendo
2462 2650 2524 2688 ».

401 2723 596 2804 Quam
632 2727 981 2793 doctrinam
1027 2729 1116 2794 sic
1160 2730 1407 2794 brevius
1454 2730 1908 2813 complectitur,
1942 2730 2050 2794 ubi
2096 2730 2287 2794 etiam
2335 2729 2409 2792 de
2453 2728 2776 2808 apostasia

315 2842 659 2896 sermonem
689 2830 892 2895 iniicit
921 2831 1068 2896 ibid.
1104 2852 1163 2896 n.
1201 2832 1349 2896 296.
1384 2832 1446 2896 in
1478 2833 1613 2896 fin.:
1654 2858 1690 2890 ‹<
1716 2833 1939 2896 Restat
1970 2851 2137 2916 ergo,
2173 2833 2247 2896 ut
2277 2832 2331 2896 si
2369 2830 2558 2896 semel
2589 2831 2775 2914 expli-

312 2935 481 2996 cetur
510 2932 869 3015 infidelitas
904 2933 1092 3017 (idest
1139 2937 1460 3018 peccatum
1506 2935 1571 2998 in
1617 2954 1838 3019 genere
1884 2937 2101 2999 6611116
2146 2934 2358 3016 fidem)
2390 2935 2452 2997 61
2498 2933 2774 3014 qualitas

304 3036 522 3114 sectae,
554 3054 755 3119 quam
797 3037 1115 3120 amplexus
1162 3039 1274 3113 est,
1311 3042 1575 3117 propter
1608 3040 1870 3117 peccata
1912 3036 2230 3116 specialia,
2279 3058 2438 3118 quae
2481 3035 2773 3117 sinyulae

303 3141 497 3202 sectae
526 3138 875 3215 continent,
907 3159 1031 3205 non
1061 3140 1147 3204 sit
1170 3141 1510 3205 necessario
1536 3140 1895 3223 explicanda
1918 3140 2386 3204 circumstantia
2419 3139 2772 3223 apostasiae

305 3238 476 3304 iuxta
508 3241 894 3306 sententiam
924 3245 1257 3327 negantem
1289 3243 1735 3327 obligationem
1760 3242 2101 3325 explicandi
2131 3242 2633 3307 circumstantias
2667 3262 2771 3325 ag-

303 3346 647 3425 gravantes
677 3343 846 3408 intra
881 3344 1138 3409 eandem
1166 3345 1431 3427 speciem
1467 3370 1529 3408 ».

382 3443 604 3528 Neque
639 3447 800 3510 hanc
830 3445 1176 3510 doctrinam
1217 3447 1426 3531 negat,
1459 3447 1566 3511 sed
1596 3450 2006 3512 consentanea
2052 3447 2231 3511 docet
2279 3446 2481 3510 Diana
2526 3449 2679 3510 tom.
2714 3447 2765 3509 Ι.

301 3546 479 3613 11661.
524 3550 587 3613 7.
622 3549 807 3613 resol.
843 3549 948 3613 33.
991 3550 1055 3613 et
1085 3550 1190 3612 34.

1199 3767 1234 3805 '⁸‘
1274 3782 1352 3829 nu
1384 3780 1795 3829 LIBERALISMO
1835 3766 1869 3802 *

382 3959 540 4033 103.
576 3962 818 4045 Operae
840 3962 1113 4045 pretium
1135 3963 1432 4044 putamus
1457 3958 1691 4042 aliquid
1724 3960 1946 4025 addere
1968 3959 2043 4023 de
2073 3959 2365 4042 pestifera
2389 3960 2577 4034 secta,
2605 3978 2764 4040 quae

296 4061 356 4127 in
399 4063 534 4130 dies
585 4067 779 4129 aucta
840 4064 1169 4147 perniciem
1213 4064 1530 4149 Religioni
1575 4065 1763 4145 atque
1816 4065 2008 4128 etiam
2054 4063 2224 4128 civili
2268 4063 2556 4128 societati
2599 4082 2764 4128 nuuc

291 4165 518 4248 ubique
566 4166 871 4230 minatur.
919 4167 1011 4230 Ea
1055 4164 1518 4230 Liberalismus
1553 4168 1833 4230 vocatur.

371 4267 725 4348 Quaeritur
775 4269 832 4331 1.
882 4268 945 4331 in
983 4286 1108 4350 quo
1153 4269 1209 4332 is
1255 4269 1416 4332 situs
1463 4268 1564 4332 sit.
1614 4267 2055 4333 Sanctissimus
2101 4268 2293 4332 Pater
2328 4267 2451 4332 Leo
2485 4267 2662 4332 XIII.
2696 4269 2762 4332 in

294 4369 624 4456 Encyclica
644 4369 944 4434 Libertas
966 4389 1125 4434 anno
1156 4371 1347 4435 1888.
1375 4371 1543 4446 data,
1567 4371 1791 4454 triplex
1813 4370 2167 4434 liberalium
2190 4389 2385 4454 genus
2405 4368 2758 4453 distinguit.

292 4474 370 4535 1¹¹¹
395 4477 494 4539 est
518 4492 766 4549 eorum,
800 4473 909 4555 qui
942 4472 1300 4538 absolutam
1321 4474 1632 4537 humanae
1662 4472 1924 4537 rationis
1956 4471 2491 4555 independentiam
2524 4472 2601 4535 ab
2626 4471 2760 4534 ulla

282 4575 415 4662 lege
430 4596 545 4642 seu
570 4577 892 4659 superiore
915 4580 1198 4642 tuentur:
1226 4577 1292 4640 hi
1313 4595 1527 4659 reapse
1552 4577 1756 4640 Deum
1772 4596 1986 4640 verum
2010 4578 2242 4660 negant
2266 4575 2395 4639 sive
2419 4575 2759 4638 humanam
