3497 5147
415 379 567 457 [869]
1459 395 1546 434 ma
1584 394 1855 439 smclmo
2785 389 2890 444 645

531 492 658 545 Vin.
687 492 739 542 6.
770 493 1080 544 Excusantur
1107 489 1258 554 aegri,
1282 488 1366 555 qui
1392 494 1537 556 paulo
1562 497 1674 545 ante
1699 500 1922 560 mortem,
1948 510 2094 550 causa
2123 495 2412 551 humilitatis
2440 500 2515 551 vel
2546 497 2660 550 boni
2679 500 2889 566 exempli

416 581 588 643 petunt
610 574 746 629 humi
767 573 1002 628 collocari
1012 588 1028 641 ;
1050 574 1165 641 quia
1185 589 1281 627 nou
1302 574 1559 629 intendunt
1579 575 1729 630 vitam
1751 579 2057 634 abbreviare.
2081 583 2141 634 V.
2166 583 2408 648 vasquez.
2432 585 2462 635 Ι.
2484 597 2525 634 c.
2544 582 2692 635 Addit
2713 585 2884 646 Laym.

418 665 450 714 Ι.
481 663 529 713 3.
561 668 594 713 t.
631 662 680 714 3.
709 675 757 726 p.
787 661 835 713 3.
862 674 970 726 cap.
1002 662 1049 712 ⁴.
1078 674 1126 713 n.
1156 660 1207 711 5.
1232 673 1328 712 nou
1355 660 1507 713 teneri
1544 676 1832 728 quemquam
1860 664 2031 718 mediis
2055 666 2459 720 extraordinariis
2484 673 2532 720 et
2558 666 2700 719 nimis
2725 668 2883 733 darie,

414 744 556 798 verbi
595 744 745 809 gratia
786 742 1091 797 abscissione
1129 743 1289 797 cruris
1315 750 1408 797 etc.
1438 743 1585 798 vitam
1624 760 1938 815 conservare3
1973 750 2065 803 nisi
2099 757 2257 803 tamen
2286 766 2342 804 ea
2382 750 2627 804 communi
2656 754 2784 804 bono
2821 752 2887 806 sit

414 828 722 883 necessaria:
751 842 800 880 v.
829 831 967 882 LesS.
994 829 1026 881 l.
1065 843 1107 880 c.
1136 830 1312 881 Sanch.
1352 827 1400 881 in
1439 844 1611 896 opusc.
1650 839 1682 883 ι.
1713 834 1760 884 4.
1788 834 1819 885 l.
1847 834 1896 886 5.
1925 848 1966 886 c.
1997 836 2043 887 ⁴.
2069 836 2116 887 d.
2146 835 2230 889 34.
2266 835 2360 889 Ubi
2399 835 2517 889 dicit
2554 835 2798 890 infirmum
2835 837 2882 890 in

412 913 632 981 periculo
676 913 865 976 mortis,
893 912 936 966 si
962 911 1025 966 sit
1063 927 1176 979 spes
1214 913 1406 976 salutiS,
1432 928 1528 967 non
1554 929 1700 981 posse
1725 917 2045 971 medicamina
2080 934 2336 986 respuere:
2366 934 2460 973 non
2498 920 2694 974 videtur
2722 929 2881 976 tamen

412 997 554 1064 virgo
591 1006 851 1063 aegrotans
890 1000 1000 1065 (per
1039 1011 1093 1050 se
1133 999 1399 1063 loquendo)
1425 998 1581 1052 teneri
1619 999 1786 1054 subire
1811 1016 1980 1056 manus
2009 1003 2183 1057 medici
2221 1008 2298 1058 ve!
2338 1004 2574 1069 chirurgi,
2598 1009 2795 1071 quando
2832 1005 2884 1060 id

410 1082 457 1137 ei
495 1082 839 1148 gravissimum
867 1089 943 1135 est
969 1089 1018 1136 et
1046 1081 1217 1146 magis,
1243 1096 1386 1148 quam
1414 1089 1621 1137 mortem
1645 1084 1820 1150 ipsam,
1845 1089 2032 1141 horret.
2057 1091 2234 1141 Escob.
2256 1104 2299 1143 c.
2326 1090 2376 1144 7.
2408 1105 2451 1143 c.
2480 1093 2528 1142 8.
2554 1105 2615 1143 ex
2653 1088 2879 1145 Turrian.

414 1164 570 1222 Sum.
604 1182 648 1233 p.
682 1170 727 1220 i.
755 1182 798 1219 c.
825 1168 945 1220 263.
974 1168 1021 1218 d.
1053 1168 1102 1218 2.

501 1291 676 1364 888.
708 1296 845 1359 Duo
891 1295 1046 1358 nota
1079 1313 1221 1357 cum
1253 1286 1564 1357 communi
1595 1294 1938 1380 Theologg.
1977 1298 2043 1361 1⁰
2073 1298 2410 1364 Teneretur
2441 1301 2575 1382 pati
2603 1300 2756 1364 dura
2791 1320 2880 1365 re-

407 1396 612 1461 media
643 1396 767 1473 ille,
809 1395 918 1478 qui
948 1396 1044 1459 est
1075 1396 1190 1460 sub
1226 1396 1554 1478 potestate,
1588 1397 1643 1461 si
1674 1397 1730 1461 ei
1762 1397 1823 1462 id
1855 1399 2191 1480 imperetur
2223 1402 2337 1485 (a).

499 1498 922 1563 Nihilominus
956 1497 1009 1561 si
1043 1499 1333 1581 ageretur
1356 1498 1429 1562 de
1475 1518 1539 1563 re
1586 1499 1921 1565 admodum
1966 1504 2146 1585 gravi
2193 1524 2243 1568 e.
2293 1525 2354 1588 g.
2405 1505 2478 1569 de
2516 1506 2711 1570 cruris
2737 1526 2872 1570 am-

410 1602 753 1685 putatione,
801 1601 951 1665 sunt
996 1600 1105 1682 qui
1148 1601 1395 1681 putant,
1424 1591 1497 1665 'si
1545 1602 1974 1668 acerbissimus
2023 1607 2184 1669 esset
2228 1607 2404 1671 dolor
2449 1607 2565 1689 (b),
2615 1627 2735 1672 non
2788 1611 2874 1673 te-

406 1704 537 1768 neri
583 1703 903 1768 subditum
955 1703 1029 1767 ad
1076 1703 1436 1784 parendum,
1484 1704 1605 1768 nisi
1649 1703 1810 1768 forte
1857 1707 2017 1770 esset
2053 1726 2314 1789 persona
2350 1709 2657 1773 maximae
2705 1711 2872 1775 utili-

405 1807 558 1871 tatis
606 1826 677 1870 ac
722 1806 846 1870 fere
911 1807 1272 1871 necessaria.
1335 1806 1473 1870 Hoc
1541 1806 1746 1888 ipsum
1801 1807 2012 1872 dicunt
2058 1808 2131 1873 de
2179 1829 2269 1887 eo,
2336 1831 2373 1875 a
2438 1831 2560 1893 quo
2609 1813 2872 1896 pendeat

405 1928 729 1974 commune
776 1910 1037 1985 bonum;
1087 1929 1232 1973 nam
1280 1908 1470 1973 etiam
1516 1909 1675 1974 citra
1706 1911 2040 1993 superioris
2073 1912 2502 1991 obedientiam,
2555 1916 2867 1980 teneretur

404 2031 632 2096 magno
680 2031 820 2075 cum
852 2012 950 2077 sui
980 2011 1190 2076 dolore
1220 2012 1602 2076 cinationem
1636 2012 1983 2091 admittere,
2017 2015 2350 2081 dummodo
2387 2017 2472 2081 sit
2503 2035 2641 2100 spes
2671 2018 2866 2083 felicis

405 2113 625 2177 exitus.

584 2212 654 2279 2⁰
694 2216 889 2301 Virgo
926 2219 1037 2281 aut
1074 2217 1299 2281 mulier
1336 2217 1399 2281 in
1446 2236 1595 2282 casu
1639 2219 1997 2300 permittere
2043 2223 2205 2286 certe
2237 2222 2435 2300 debet,
2492 2224 2564 2286 ut
2610 2224 2687 2288 ab
2736 2225 2859 2289 alia

400 2316 661 2382 honesta
708 2317 934 2382 femina
981 2318 1250 2395 curetur,
1283 2319 1339 2383 si
1368 2321 1615 2402 praesto
1663 2320 1748 2385 sit
1793 2320 2031 2386 idonea.

511 2461 597 2513 ΙΧ.
625 2463 773 2525 Resp.
804 2464 854 2513 2.
881 2463 983 2513 Non
1023 2460 1136 2513 licet
1174 2475 1227 2513 sc
1253 2458 1493 2526 mutilare,
1519 2460 1611 2514 nisi
1638 2460 1701 2515 sit
1726 2463 2054 2517 necessarium
2093 2468 2154 2517 ad
2190 2465 2612 2519 conservationem
2639 2467 2859 2534 corporis

396 2545 573 2610 totius;
602 2544 714 2611 quia
753 2558 895 2599 nemo
935 2550 1010 2599 est
1048 2559 1249 2598 suorum
1288 2547 1612 2600 membrorum
1651 2549 1878 2602 absolute
1915 2549 2156 2605 dominus,
2185 2554 2319 2605 LesS.
2348 2552 2380 2606 1.
2415 2554 2463 2605 2.
2486 2567 2529 2607 c.
2556 2554 2605 2607 9.
2633 2554 2666 2607 l.
2701 2553 2780 2608 ⁴4.

486 2669 658 2742 888.
693 2672 1081 2749 Affirmatur,
1129 2673 1312 2737 licere
1361 2675 1556 2738 semet
1586 2676 1898 2754 mutilare,
1933 2680 2177 2760 quando
2210 2681 2624 2745 necessarium
2658 2682 2741 2746 sit
2778 2683 2855 2747 ad

397 2775 928 2840 conservationem
976 2776 1170 2840 totius
1217 2776 1508 2857 corporis.
1557 2776 1731 2842 Licet
1779 2780 1940 2843 enim
1986 2780 2191 2864 (Lugo
2240 2782 2394 2864 disp.
2455 2783 2557 2847 10.
2607 2804 2667 2846 n.
2718 2785 2854 2870 21.)

396 2878 581 2943 homo
616 2897 736 2943 non
769 2878 852 2942 sit
886 2876 1190 2957 dominus,
1232 2879 1327 2942 est
1358 2880 1566 2942 tamen
1599 2878 2067 2946 administrator
2099 2885 2194 2947 sui
2226 2885 2440 2967 ipsius,
2477 2888 2664 2968 atque
2696 2886 2851 2964 ideo,

395 2980 639 3062 quando
690 2980 982 3045 abscissio
1034 2980 1294 3045 alicuius
1364 2981 1624 3045 membri
1670 2984 1767 3046 est
1811 2985 2152 3048 necessaria
2200 2985 2272 3049 ad
2323 2989 2852 3053 conservationem

393 3083 580 3160 vitae,
635 3085 842 3165 potest
886 3082 1045 3147 illud
1092 3082 1469 3161 abscindere3
1506 3083 1651 3165 quia
1684 3085 1891 3167 partes
1941 3087 2212 3152 ordinari
2257 3089 2480 3153 debent
2527 3089 2602 3153 ad
2643 3091 2851 3155 totum

397 3186 459 3250 et
505 3188 946 3268 consequenter
991 3186 1282 3267 postponi
1330 3185 1552 3250 debent
1596 3186 1756 3252 bono
1805 3190 1867 3252 et
1916 3191 2366 3255 conservationi
2393 3191 2608 3255 totius.

477 3289 839 3355 Notandum
888 3290 1114 3365 tamen,
1150 3289 1214 3352 in
1261 3290 1377 3353 hac
1425 3309 1488 3352 re
1522 3308 1701 3372 posse
1731 3291 2058 3355 materiam
2097 3293 2188 3356 ita
2223 3312 2351 3357 esse
2375 3295 2594 3372 levem,
2623 3298 2694 3358 ut
2726 3315 2846 3361 non

387 3393 703 3476 pertingat
752 3391 827 3454 ad
874 3410 1063 3476 grave
1110 3391 1429 3473 peccatum
1461 3391 1815 3475 (Fagundez
1850 3413 1979 3475 cap.
2019 3394 2121 3456 13.
2149 3415 2207 3457 n.
2249 3395 2360 3478 4.),
2400 3415 2459 3458 v.
2497 3415 2590 3478 gr.
2626 3397 2677 3458 si
2709 3398 2846 3478 quis

387 3494 736 3558 extraheret
759 3495 888 3558 sine
912 3511 1098 3557 causa
1132 3493 1396 3570 dentem,
1433 3495 1545 3556 aut
1575 3497 1930 3575 amputaret
1966 3497 2336 3578 particulam
2372 3496 2555 3582 digiti
2600 3499 2844 3561 minimi

389 3597 502 3660 aut
539 3596 878 3661 frustulum
903 3597 1233 3661 auriculae.

474 3697 666 3763 Porro
715 3699 767 3763 si
813 3699 950 3781 quis
997 3698 1216 3764 leviter
1248 3697 1471 3781 peccet,
1509 3697 1804 3760 immunis
1848 3699 2130 3762 censetur
2178 3699 2253 3761 ab
2300 3699 2376 3763 iis
2424 3700 2634 3782 poenis
2667 3719 2845 3765 cano-

387 3801 558 3879 nicis,
593 3821 750 3884 quae
797 3783 1026 3866 in'curri
1058 3802 1317 3884 possunt
1344 3799 1759 3864 mutilationis
1792 3818 1998 3863 causa.
2033 3799 2194 3863 Nam
2229 3801 2539 3865 unanimis
2578 3804 2673 3866 est
2704 3805 2841 3867 tum

489 4079 552 4130 (a)
583 4076 653 4118 At
682 4078 952 4119 teneturne
980 4087 1044 4118 ex
1070 4074 1370 4127 obedientia,
1390 4086 1457 4117 an
1478 4086 1539 4116 ex
1567 4073 1735 4116 debito
1763 4073 1991 4117 naturali
2019 4075 2299 4118 servandae
2327 4076 2498 4119 vitae?
2516 4076 2568 4118 Si
2600 4077 2842 4130 primum,

380 4154 630 4198 vagamur
657 4147 805 4186 extra
832 4142 1201 4197 quaestionem:
1234 4142 1277 4184 si
1304 4142 1540 4194 alterum,
1562 4141 1811 4195 quomodo
1843 4141 2117 4195 probatur?
2145 4141 2399 4183 Nimirum
2429 4143 2683 4186 sententia
2712 4154 2840 4184 oom-

380 4210 548 4253 munis
576 4213 669 4263 est,
697 4209 954 4253 hominem
990 4221 1079 4263 per
1107 4221 1158 4251 se
1188 4209 1367 4260 teneri,
1398 4210 1438 4250 si
1469 4219 1568 4251 non
1598 4209 1721 4251 adeo
1746 4221 1902 4264 grave
1931 4209 1999 4252 sit
2027 4209 2424 4262 incommodum;
2447 4210 2507 4250 ut
2527 4213 2669 4262 patet
2687 4219 2749 4252 ex
2769 4219 2839 4250 se·

380 4276 559 4330 quenti
585 4276 836 4320 doctrina.
867 4273 1141 4319 Tenebitur
1167 4287 1283 4329 ergo
1310 4273 1399 4317 ille
1427 4273 1661 4317 infirmus
1688 4275 1914 4319 obedire:
1945 4275 1985 4317 si
2026 4275 2399 4318 incommodum
2428 4286 2528 4317 non
2557 4274 2625 4317 sit
2652 4285 2835 4330 μενος

378 4342 463 4386 sed
491 4346 619 4386 tunc
647 4344 749 4386 iam
778 4343 947 4387 debito
977 4353 1177 4395 quoque
1206 4340 1434 4384 naturali
1462 4343 1740 4386 servandae
1770 4343 1907 4385 vitae
1935 4345 2141 4386 tenetur
2169 4344 2310 4395 puto.
2340 4342 2401 4384 E.

486 4409 545 4462 (b)
577 4408 812 4462 Theologi
840 4408 903 4451 de
930 4405 1266 4450 acerbissimis
1294 4405 1564 4460 doloribus,
1592 4420 1717 4461 quos
1762 4408 1925 4462 gignit
1954 4408 2258 4461 amputatio,
2288 4408 2585 4462 loquuntur.
2617 4407 2764 4461 Quid,
2795 4408 2839 4453 si

374 4475 551 4519 nullus
579 4476 648 4518 sit
676 4474 817 4517 dolor
844 4476 1050 4528 propter
1078 4472 1263 4526 sopitos
1292 4473 1499 4514 sensus?
1519 4473 1696 4516 Nonne
1715 4487 1871 4527 grave
1890 4473 2262 4516 incommodum
2282 4474 2500 4518 ducendi
2529 4475 2691 4519 vitam
2719 4488 2836 4520 oum

372 4554 578 4597 corpore
606 4541 869 4595 mutilato,
905 4540 1231 4584 tantumdem
1259 4538 1399 4581 valet
1428 4540 1493 4582 ad
1522 4540 1866 4583 excusandum
1898 4552 2123 4594 aegrum,
2153 4552 2216 4583 ne
2256 4541 2610 4585 abscissionem
2641 4545 2834 4596 subeat.

378 4620 437 4652 ao
466 4608 644 4652 valent
673 4606 981 4651 acerbissimi
1011 4606 1206 4650 dolores
1234 4605 1377 4648 brevi
1405 4605 1651 4648 desituri?
1670 4604 1727 4647 Id
1758 4604 1993 4660 relinquo
2019 4606 2180 4649 doctis
2208 4606 2567 4653 definiendum.
2598 4609 2658 4654 E.
