3497 5147
718 349 827 405 574
1028 364 1236 406 macr.
1267 366 1346 407 vr.
1367 364 1530 407 31101.
1550 365 1640 407 111.
1667 365 1753 405 nn:
1769 364 1993 405 rnn'rio
2013 365 2231 408 ruane.
2249 365 2578 408 amamur.
2598 366 2742 409 nun.
2771 366 2859 406 111.
3029 352 3176 422 [Tm]

812 461 871 526 S.
898 462 1082 544 Alph.
1109 480 1169 525 n.
1198 462 1350 526 310.
1390 461 1552 526 circa
1582 481 1839 544 gravem
1877 462 2272 528 omissionem
2310 466 2438 527 tres
2474 467 2783 529 memorat
2818 466 3175 542 sententias,

718 582 984 645 quarum
1016 564 1215 646 prima
1246 583 1438 647 grave
1467 563 1620 628 dicit
1644 564 1933 628 omittere
1965 565 2042 628 ab
2071 564 2253 629 initio
2278 584 2476 646 usque
2505 564 2585 629 ad
2621 566 2952 648 epistolam
2983 568 3181 632 exclu-

717 667 881 731 sive:
916 667 1181 731 secunda
1212 666 1404 730 habet
1432 684 1643 750 grave,
1676 666 1731 730 si
1769 666 2103 731 omittatur
2133 666 2432 731 inclusive
2468 685 2666 750 usque
2703 668 2783 732 ad
2811 668 3175 752 epistolam:

716 769 905 834 tertia
937 770 1126 848 tenet,
1164 787 1289 833 non
1334 787 1466 833 esse
1502 787 1712 852 grave,
1750 769 1801 833 31
1842 768 2175 833 omittatur
2211 769 2290 833 ab
2334 769 2516 835 initio
2563 789 2760 852 usque
2807 771 2885 835 ad
2917 790 3180 857 evange-

714 871 874 935 lium
920 871 1219 937 inclusive
1264 872 1395 936 sive
1440 890 1637 952 usque
1685 870 1762 935 ad
1812 871 2194 936 offertorium
2242 872 2549 937 exclusive
2592 873 2764 953 (nam
2819 874 2997 937 credo
3054 891 3177 939 non

715 976 1002 1038 censetur
1032 993 1177 1056 pars
1207 972 1514 1057 regularis
1560 992 1635 1037 ac
1678 972 1933 1054 proinde
1970 972 2245 1038 eiusdem
2291 993 2414 1039 non
2450 975 2717 1039 habetur
2745 975 2974 1059 ratio):
3008 976 3178 1040 dum-

717 1077 903 1142 modo
937 1077 1076 1142 dein
1109 1076 1402 1140 audiatur
1447 1094 1643 1157 usque
1690 1074 1768 1139 ad
1806 1075 1993 1140 finem
2023 1077 2087 1140 et
2117 1077 2207 1142 sic
2238 1077 2532 1142 audiatur
2577 1097 2772 1142 unum
2819 1097 2892 1142 ex
2936 1078 3177 1144 duobus

718 1179 1077 1263 evangeliis.
2991 1190 3014 1205 ·

809 1283 903 1346 De
947 1282 1044 1346 his
1076 1301 1125 1347 3.
1158 1281 1344 1363 Α11111.
1378 1282 1467 1347 310
1512 1282 1883 1365 pronunciat
1929 1282 2099 1346 ibid.:
2139 1306 2173 1339 ⁴:
2207 1282 2485 1347 Secunda
2531 1283 2839 1348 sententia
2882 1283 3038 1347 mihi
3082 1285 3178 1347 est

718 1385 1132 1469 probabilior;
1172 1384 1276 1449 sed
1323 1384 1482 1448 hanc
1527 1385 1820 1448 ultimam
1851 1384 2012 1465 (scil.
2051 1384 2324 1467 tertiam)
2370 1385 2510 1466 quis
2557 1387 2741 1469 neget
2787 1403 2918 1450 esse
2965 1385 3178 1467 proba-

719 1489 973 1553 bilem...
1007 1507 1150 1553 cum
1186 1488 1272 1552 sit
1303 1486 1521 1552 fulcita
1553 1488 1654 1551 tot
1690 1487 1754 1550 et
1790 1486 2025 1551 talibus
2061 1486 2466 1552 doctoribus?
2489 1511 2551 1551 ».

807 1591 1024 1676 Pergit
1061 1610 1110 1655 s.
1149 1591 1334 1674 Alph.
1367 1590 1515 1655 ibid.
1557 1614 1594 1647 α
1625 1587 1746 1668 Qui
1794 1591 2004 1653 autem
2038 1589 2247 1654 omnia
2293 1589 2536 1654 omittit
2566 1592 2710 1672 post
2740 1589 3173 1672 sumptionem,

717 1715 842 1761 non
887 1697 1101 1779 peccat
1146 1694 1463 1778 graviter:
1513 1697 1607 1757 est
1649 1712 2030 1756 commune...
2079 1691 2293 1773 Neque
2349 1692 2402 1757 si
2461 1692 2718 1757 omittat
2779 1692 2987 1758 omnia
3034 1694 3176 1757 ante

716 1798 1047 1882 epistolam
1079 1797 1266 1863 simul
1298 1797 1361 1860 et
1393 1795 1602 1860 omnia
1639 1795 1784 1877 post
1819 1794 2237 1876 sumptionem
2268 1818 2330 1858 ».
2365 1792 2480 1858 Cui
2512 1795 2879 1859 resolutioni
2925 1793 3172 1877 quidam

718 1900 976 1977 addunt,
1000 1899 1160 1963 idem
1194 1898 1547 1973 tenendum,
1580 1897 1726 1961 licet
1759 1896 2095 1961 omittatur
2127 1896 2315 1961 etiam
2349 1896 2635 1977 epistola.

806 2003 1138 2067 Adduntur
1168 2002 1328 2065 aliae
1359 2000 1772 2083 quaestioneS,
1799 2017 1954 2080 quas
1979 2017 2028 2061 3.
2053 1998 2239 2081 Alph.
2267 1998 2478 2082 tangit
2507 1999 2723 2064 eodem
2752 2020 2813 2064 n.
2840 2001 2992 2064 310.
3019 2000 3177 2064 circa

718 2107 876 2172 alias
907 2107 1113 2189 partes
1137 2105 1385 2170 Missae.
1413 2103 1530 2168 Sed
1553 2102 1765 2185 (plane
1796 2101 2102 2185 dicamus)
2129 2102 2405 2184 ipsarum
2436 2101 2668 2166 solutio
2701 2101 2861 2168 forte
2886 2121 3177 2185 apparere

717 2209 949 2293 poterit
980 2207 1310 2272 arbitraria
1347 2207 1412 2270 et
1441 2206 1648 2269 minus
1677 2204 1839 2269 forte
1870 2204 2202 2268 cohaerens
2240 2223 2380 2268 cum
2417 2203 2903 2269 resolutionibus
2941 2222 3178 2287 praece-

712 2312 1019 2377 dentibus
1054 2309 1414 2374 Referemus
1446 2327 1550 2372 eas
1582 2308 1724 2391 post
1755 2326 1803 2371 3.
1838 2306 2023 2389 Α11111.
2056 2306 2099 2369 l.
2134 2325 2185 2369 0.

805 2408 1325 2487 780.S.Doctor,
1353 2409 1711 2494 praemisso,
1731 2407 1898 2491 quod
1928 2407 2138 2491 gravis
2169 2407 2580 2472 communiter
2609 2409 2895 2473 censetur
2926 2407 3176 2474 omissio

713 2514 1191 2582 consecrationis
1239 2513 1426 2578 simul
1474 2513 1538 2577 et
1582 2511 1954 2595 sumptionis
2002 2510 2101 2575 vel
2146 2510 2199 2575 si
2258 2510 2590 2576 omittatur
2635 2529 2672 2576 a
2718 2511 3177 2578 consecratione

715 2640 911 2703 usque
944 2620 1022 2683 ad
1054 2617 1257 2681 Pater
1287 2619 1498 2680 noster
1528 2616 1854 2692 exclusive,
1882 2613 2093 2678 subdit
2124 2612 2418 2690 dubitari,
2446 2632 2519 2677 an
2555 2634 2746 2699 grave
2778 2615 2864 2679 sit
2896 2616 3177 2680 omisisse

712 2726 964 2790 tantum
998 2722 1110 2785 aut
1156 2718 1677 2785 consecrationem
1716 2718 1829 2781 aut
1866 2716 2303 2800 sumptionem.
2344 2715 2426 2780 Et
2473 2716 2684 2780 allatis
2717 2717 2859 2781 hinc
2894 2716 3038 2782 inde
3077 2736 3177 2801 op-

714 2826 934 2911 positis
967 2822 1288 2888 sententiis
1320 2822 1419 2905 (eo
1452 2822 1618 2903 quod
1653 2839 1777 2884 non
1826 2821 2086 2895 constet,
2120 2820 2183 2882 in
2215 2838 2339 2902 quo
2373 2818 2640 2883 resideat
2676 2819 2947 2884 essentia
2993 2821 3176 2885 sacri-

712 2928 865 3011 ficii)
906 2925 1239 3001 concludit,
1274 2923 1767 3003 probabiliorem
1811 2922 2018 2984 videri
2051 2921 2486 2997 affirmantem,
2521 2921 2670 3002 quia
2716 2923 2879 2985 certe
2911 2923 3175 3004 utraque

712 3032 981 3115 pertinet
1015 3028 1092 3093 ad
1126 3028 1548 3108 inteyritatem
1576 3023 2054 3089 substantialem
2086 3023 2350 3086 Missae.
2378 3023 2800 3087 Veruntamen
2835 3023 3028 3100 addit,
3053 3043 3176 3089 non

712 3134 915 3199 videri
949 3130 1419 3212 improbabilem
1453 3132 1821 3210 neyantem;
1859 3126 2007 3209 quia
2044 3125 2304 3209 (inquit)
2335 3144 2460 3191 non
2490 3126 2756 3203 constat,
2792 3145 2870 3190 an
2901 3126 3175 3191 Ecclesia

712 3236 1054 3321 praecipiat
1085 3234 1200 3299 sub
1230 3233 1430 3318 gravi,
1464 3233 1539 3295 ut
1571 3230 1889 3294 audientes
1928 3228 2176 3310 utrique
2208 3228 2374 3311 parti
2402 3228 2712 3293 intersint.

803 3340 893 3402 Ex
932 3338 1028 3402 his
1075 3337 1277 3402 elucet
1323 3335 1553 3418 potine,
1587 3352 1710 3398 non
1757 3333 2059 3408 constare,
2093 3330 2465 3413 quibusnam
2512 3350 2584 3395 ex
2629 3331 2944 3415 principiis
2991 3331 3178 3397 ratio·

713 3442 943 3507 01113110
990 3441 1119 3524 peti
1165 3438 1404 3503 debeat.
1454 3436 1616 3500 Nam
1659 3436 1725 3498 1⁰
1764 3436 2108 3509 constatne,
2158 3452 2236 3497 an
2282 3432 2556 3497 Ecclesia
2602 3452 2787 3498 necne
2834 3434 2952 3499 sub
2997 3434 3176 3519 gravi

711 3545 1053 3629 praecipiat
1084 3540 1497 3626 praesentiam
1529 3537 1732 3621 quoad
1768 3538 1923 3601 alias
1954 3539 2181 3620 1131103,
2219 3556 2276 3601 v.
2309 3555 2403 3619 gr.
2446 3555 2644 3618 usque
2675 3535 2752 3601 ad
2791 3537 3175 3602 offertorium

710 3648 1057 3713 inclusive?
1091 3648 1160 3709 2⁰
1191 3644 1257 3709 Si
1288 3643 1362 3707 de
1409 3643 1526 3706 hoc
1570 3640 1880 3706 Ecclesiae
1910 3640 2236 3723 praecepto
2278 3656 2400 3702 non
2442 3640 2691 3703 constat
2725 3639 2931 3719 quoad
2977 3639 3176 3704 ullam

708 3751 941 3814 Missae
989 3750 1230 3832 partem
1263 3746 1366 3827 (ut
1403 3764 1450 3810 3.
1483 3744 1670 3827 Α11111.
1706 3742 1934 3807 ibidem
1981 3739 2305 3805 concedere
2351 3757 2461 3803 seu
2499 3758 2842 3823 supponere
2877 3740 3172 3824 videtur),

711 3870 1017 3934 quaenam
1065 3850 1265 3914 aderit
1307 3848 1530 3913 idonea
1573 3845 1794 3929 regula
1838 3841 2154 3908 iudicandi
2183 3840 2257 3904 de
2296 3841 2612 3924 gravitate
2643 3842 2998 3908 omissionis
3023 3847 3053 3908 P
3090 3879 3174 3890 —

710 3954 783 4019 3⁰
813 3953 879 4018 Si
924 3952 1304 4038 gravitatem
1349 3949 1526 4033 ponis
1572 3948 1637 4011 in
1674 3945 2007 4012 omissione
2045 3942 2241 4025 partis
2288 3943 2633 4008 essentialis
2679 3944 2986 4023 sacrificii,
3041 3964 3176 4011 eece

709 4057 827 4125 tibi
874 4058 1008 4121 DD.
1044 4050 1492 4128 dissentientes,
1541 4050 1605 4113 in
1651 4066 1777 4130 quo
1825 4046 2091 4110 essentia
2135 4044 2246 4109 illa
2291 4045 2575 4110 resideat.
2608 4046 2940 4113 Praeterea
2984 4048 3175 4131 perti-

706 4162 890 4227 netne
914 4159 993 4224 ad
1025 4154 1358 4223 essentiam
1389 4150 1671 4217 sacrificii
1707 4167 1850 4232 pars
1888 4147 2252 4231 praecedens
2282 4148 2806 4213 consecrationem
2824 4153 2854 4213 P
2878 4147 3006 4215 Cur
3029 4169 3174 4235 ergo

706 4281 963 4348 gravem
1012 4257 1408 4324 omissionem
1454 4253 1741 4317 censent?
1788 4251 1860 4312 4⁰
1899 4249 1965 4314 Si
2011 4249 2391 4334 gravitatem
2437 4249 2707 4315 desumis
2755 4271 2828 4316 ex
2873 4271 2966 4329 eo,
3008 4251 3168 4335 quod

707 4362 1011 4445 quaedam
1044 4377 1187 4442 pars
1235 4356 1470 4438 spectet
1517 4353 1592 4418 ad
1637 4351 2060 4433 inte92ritatem
2102 4350 2600 4427 substantialem,
2632 4370 2756 4418 non
2786 4351 3037 4436 quidem
3069 4354 3173 4419 Sa·

707 4462 941 4538 crificii,
968 4462 1074 4526 sed
1106 4460 1387 4536 Messa&
1410 4457 1549 4541 quis
1587 4454 1860 4532 definiat,
1886 4474 2046 4537 quae
2076 4474 2220 4539 pars
2252 4454 2560 4538 pertineat
2591 4455 2668 4520 ad
2701 4455 2860 4520 hanc
2888 4456 3172 4522 substan·

706 4564 922 4631 tialem
972 4562 1445 4645 integritatem?
1480 4561 1738 4645 Insuper
1785 4578 1984 4624 nonne
2030 4558 2160 4641 ipse
2206 4576 2257 4622 s.
2291 4557 2475 4640 Alph.
2508 4557 2573 4622 in
2617 4557 2876 4623 dubium
2921 4560 3173 4625 revocat
