3497 5147
727 359 833 414 140
901 372 1115 413 'raama
1144 377 1201 415 v.
1228 372 1389 413 swr-
1416 374 1507 413 111.
1535 374 1619 413 mr
1643 373 1965 415 cum-Ans
1993 373 2384 415 PRAEOEPTIS.
2410 372 2611 414 carm·
2635 375 2699 413 11.
2724 373 2868 415 nnn.
2895 375 2960 415 11.
3035 359 3176 436 [188]

721 469 933 535 odium
979 490 1272 554 personae
1325 490 1435 536 seu
1501 471 1882 547 inimicitiae,
1948 470 2053 536 sed
2114 471 2594 536 abominationis
2658 489 2767 535 seu
2827 470 3175 551 qualitatis,

723 572 886 636 idest
932 572 1348 638 deformitatis
1396 577 1507 638 aut
1554 574 1817 655 inopiae,
1875 574 1953 637 ob
2011 592 2200 654 quam
2260 593 2332 638 ex
2391 592 2601 639 amore
2662 573 2936 637 filiarum
3001 575 3176 657 optat

717 674 843 738 illis
886 677 1154 740 mortem
1191 701 1252 739 ».

805 775 1118 859 Quidquid
1165 798 1348 862 porro
1381 780 1466 843 sit
1496 780 1570 844 de
1608 781 1773 845 111666
1798 781 2141 846 Doctorum
2170 781 2333 844 inter
2362 800 2429 844 se
2460 779 2705 863 pugnis,
2741 779 2895 843 ortis
2926 798 2998 843 ex
3030 779 3177 843 alio·

715 899 859 943 rum
905 881 1212 945 sententia
1275 902 1397 947 non
1453 884 1571 947 rite
1618 883 1779 948 forte
1839 883 2182 947 intellecta:
2233 882 2515 948 doctrina
2567 881 2874 966 generalis
2929 901 3178 964 prorsus

717 983 982 1047 tenenda
1028 984 1117 1047 sic
1163 985 1529 1068 proponitur
1574 1004 1611 1049 a
1658 1005 1706 1049 6.
1747 986 1987 1051 Thoma
2035 986 2095 1049 3.
2145 985 2290 1049 dist.
2338 987 2444 1048 30.
2479 1003 2537 1066 q.
2583 984 2640 1048 1.
2677 985 2795 1047 art.
2843 984 2900 1047 1.
2952 985 3032 1048 ad
3076 986 3172 1048 4.:

721 1110 756 1144 ‹
789 1083 1036 1150 Caritas
1085 1087 1354 1152 attendit
1401 1089 1478 1153 ad
1523 1088 1830 1169 quaedam
1877 1089 2037 1152 bona
2084 1108 2190 1170 per
2222 1107 2303 1164 se,
2339 1088 2574 1151 scilicet
2601 1087 2679 1151 ad
2710 1087 2872 1151 bona
2904 1087 3172 1170 gratiae:

719 1188 796 1252 ad
845 1189 1149 1269 quaedam
1176 1194 1386 1254 autem
1413 1211 1518 1273 per
1560 1191 1856 1265 accidenS,
1897 1192 1960 1255 in
1986 1193 2291 1272 quantum
2326 1190 2402 1253 ad
2434 1191 2557 1253 ista
2590 1189 2975 1254 ordinantur.
3005 1191 3175 1255 Bona

720 1293 934 1356 autem
983 1294 1369 1375 temporalia,
1421 1313 1579 1374 quae
1648 1312 1756 1376 per
1823 1293 2100 1358 accidens
2156 1293 2384 1357 caritas
2433 1292 2703 1356 attendit
2748 1292 2814 1355 et
2857 1311 2931 1356 ex
2975 1311 3180 1358 conse-

730 1395 965 1475 quenti,
1002 1397 1262 1476 possunt
1285 1395 1629 1459 seinvicem
1665 1396 1729 1458 in
1763 1395 2019 1459 diversis
2050 1395 2377 1477 impedire3
2406 1395 2555 1475 quia
2579 1395 2958 1477 prosperitas
2997 1397 3180 1459 unius

719 1496 956 1560 inducit
987 1498 1427 1562 adversitatem
1453 1498 1730 1561 alterius.
1765 1497 1940 1561 Unde
1965 1498 2112 1578 quia
2149 1498 2378 1561 caritas
2411 1495 2688 1561 ordinem
2723 1496 2915 1560 habet
2944 1499 3010 1561 et
3040 1497 3177 1580 plus

719 1598 898 1662 debet
931 1600 1186 1682 diligere
1211 1599 1471 1681 quisque
1509 1619 1573 1663 se
1603 1619 1793 1680 quam
1827 1600 2021 1663 alium
2044 1601 2108 1663 et
2130 1600 2508 1681 propinquos
2533 1618 2723 1680 quam
2758 1601 3086 1664 extraneos
3115 1599 3175 1663 et

719 1702 951 1765 amicos
997 1721 1186 1782 quam
1235 1703 1517 1768 inimicos
1564 1705 1627 1766 et
1673 1703 1903 1767 bonum
1950 1721 2275 1766 commune
2321 1701 2668 1765 multorum
2713 1720 2905 1783 quam
2943 1701 3173 1766 bonum

717 1804 1032 1885 privatum
1072 1805 1289 1878 unius3
1324 1807 1532 1886 potest
1564 1805 1789 1886 aliquis
1822 1804 1995 1869 salva
2028 1805 2289 1868 caritate
2314 1806 2529 1886 optare
2559 1803 2800 1867 malum
2830 1805 3172 1887 temporale

710 1906 900 1969 alicui
946 1909 1008 1970 et
1053 1909 1321 1990 gaudere
1353 1908 1405 1971 si
1453 1909 1781 1990 contingit,
1831 1927 1952 1971 non
1988 1908 2363 1988 inquantum
2400 1906 2496 1969 est
2540 1906 2780 1970 malum
2825 1905 3020 1983 1111116,
3069 1907 3171 1971 sed

711 2008 1084 2088 inquantum
1117 2013 1212 2074 est
1250 2010 1759 2092 impedimentum
1805 2011 2112 2075 malorum
2170 2009 2446 2085 alterius,
2503 2028 2687 2089 quem
2734 2009 2877 2090 plus
2923 2011 3171 2074 tenetur

708 2110 985 2194 diligere,
1027 2112 1124 2175 vel
1163 2112 1631 2176 communitatis
1679 2114 1790 2175 aut
1838 2111 2143 2176 Ecclesiae
2175 2136 2239 2174 ».

794 2213 875 2276 Et
908 2233 956 2276 6.
997 2213 1336 2298 Gregorius
1370 2213 1610 2277 BIoral.
1651 2215 1759 2277 lib.
1797 2216 1902 2278 22.
1943 2233 2075 2296 cap.
2121 2214 2224 2277 11.
2258 2234 2315 2276 11.
2354 2215 2489 2276 23.;
2530 2238 2566 2271 ‹
2590 2213 2761 2277 Inter
2797 2214 2951 2278 haec
2981 2215 3169 2279 scien-

711 2316 881 2390 dum,
916 2317 1063 2397 quia
1095 2318 1336 2382 evenire
1367 2318 1727 2401 plerumque
1761 2319 1938 2392 solet,
1975 2320 2047 2380 ut
2084 2336 2207 2381 non
2240 2316 2469 2380 amissa
2514 2315 2778 2380 caritate
2824 2319 2888 2380 et
2932 2317 3169 2383 inimici

707 2437 819 2483 nos
865 2420 1044 2483 ruina
1092 2420 1387 2484 laetificet
1431 2422 1493 2484 et
1530 2439 1779 2484 rursum
1812 2421 1943 2485 61116
1982 2419 2183 2503 gloria
2230 2419 2360 2481 61116
2406 2417 2675 2481 invidiae
2727 2418 2911 2500 culpa
2941 2421 3167 2484 contri-

706 2524 867 2597 stet3
903 2542 1045 2588 cum
1076 2525 1140 2588 et
1169 2526 1385 2588 ruente
1410 2542 1500 2599 eo,
1534 2523 1837 2604 quosdam
1862 2524 2010 2586 bene
2043 2520 2197 2604 erigi
2228 2519 2533 2585 credimus
2558 2520 2622 2584 et
2642 2519 3003 2603 proficiente
3035 2523 3159 2602 illo,

707 2625 1029 2707 plerosque
1075 2627 1304 2689 iniuste
1344 2626 1603 2707 opprimi
1638 2625 2055 2693 formidamus,
2092 2648 2153 2686 ».

797 2725 950 2796 188.
995 2729 1292 2793 Doctrina
1329 2747 1475 2811 ergo
1501 2729 1807 2811 generalis
1832 2732 1945 2805 est,
1972 2726 2347 2790 sermndum
2379 2746 2509 2790 6666
2541 2726 2825 2791 ordinem
2855 2730 3165 2794 caritatis.

705 2830 868 2894 Ordo
919 2833 1130 2895 autem
1161 2831 1444 2895 caritatis
1491 2831 1734 2895 exsistit
1779 2850 1901 2895 non
1949 2830 2150 2894 solum
2194 2830 2355 2892 inter
2400 2848 2691 2911 personas
2738 2832 2803 2894 et
2848 2850 3162 2914 personas,

698 2931 802 2996 sed
851 2932 1041 2996 etiam
1075 2934 1235 2997 inter
1267 2934 1446 3009 bona,
1482 2953 1589 2997 6611
1628 2934 1820 2997 etiam
1851 2934 2038 2996 mala.
2074 2932 2306 2995 Idcirco
2354 2932 2517 2994 sicut
2548 2934 2710 2997 esset
2755 2936 2975 2998 contra
3009 2936 3163 3000 ordi-

698 3054 839 3099 nem
886 3036 1167 3099 caritatis
1214 3035 1471 3118 diligere
1503 3036 1713 3118 potius
1761 3039 2121 3099 extraneum
2168 3053 2358 3115 quam
2403 3034 2821 3112 coniunctum,
2862 3037 2956 3100 ita
3003 3040 3162 3103 esset

698 3140 913 3200 contra
963 3137 1238 3200 ordinem
1285 3137 1566 3201 caritatis
1616 3138 1829 3218 optare
1860 3138 2045 3201 Petro
2080 3136 2333 3218 aliquod
2364 3136 2619 3214 malum,
2657 3140 2729 3200 ut
2772 3138 2904 3220 ipse
2934 3140 3160 3206 Petrus

704 3238 896 3303 evitet
941 3238 1147 3302 minus
1194 3239 1450 3302 malum.
1501 3239 1582 3301 Et
1629 3238 1764 3302 ideo
1811 3239 2156 3322 generatim
2202 3257 2521 3319 nunquam
2567 3257 2898 3320 possumus
2947 3246 3161 3325 optare

701 3342 960 3417 malum,
1010 3341 1128 3403 nisi
1168 3340 1434 3423 privatio
1459 3341 1608 3404 haec
1632 3341 1777 3404 boni
1815 3340 1901 3404 sit
1930 3340 2323 3423 praeferenda
2355 3340 2692 3422 privationi
2722 3342 2983 3408 alterius
3016 3346 3160 3411 boni

697 3444 970 3521 maioris,
1013 3464 1120 3508 seu
1167 3444 1307 3508 aliis
1356 3444 1575 3520 verbis,
1625 3444 1744 3507 11161
1778 3444 2026 3517 bonum,
2061 3442 2228 3525 quod
2258 3442 2656 3519 intendimus,
2690 3444 3153 3525 praeferendum

702 3549 1161 3614 rationabiliter
1205 3550 1290 3613 sit
1336 3550 1517 3625 bono,
1558 3549 1733 3613 cuius
1766 3548 2034 3631 privatio
2074 3550 2330 3631 optatur
2362 3546 2567 3611 alicui.

779 3654 916 3717 Hac
962 3653 1034 3717 de
1073 3673 1282 3732 causa,
1317 3653 1522 3735 inquit
1561 3652 1719 3716 Viva
1750 3653 1821 3714 in
1853 3650 2053 3731 Prop.
2084 3653 2296 3714 13-15.
2334 3652 2541 3714 Innoc.
2574 3650 2685 3715 XI.
2726 3672 2785 3714 n.
2819 3653 2904 3730 3.,
2947 3657 3153 3737 potest

691 3754 916 3834 aliquis
942 3757 1097 3818 citra
1120 3757 1386 3820 mortale
1409 3756 1587 3837 (dicit
1610 3756 1773 3818 citra
1795 3754 2095 3830 mortale,·
2128 3754 2276 3835 quia
2306 3753 2662 3818 huiusmodi
2689 3754 2945 3821 affectus
2972 3777 3150 3841 saepe

693 3874 815 3918 non
855 3859 1079 3919 vacant
1125 3858 1306 3938 culpa
1355 3858 1601 3931 veniali,
1642 3857 2005 3937 praesertim
2051 3857 2104 3919 si
2149 3856 2276 3919 sint
2308 3856 2583 3920 absoluti
2611 3858 2676 3919 et
2711 3857 2917 3922 solum
2948 3860 3149 3943 impli-

690 3957 810 4020 cite
843 3957 1281 4037 conditionati)
1315 3961 1529 4039 optare
1554 3957 1668 4019 sibi
1701 3960 1968 4019 mortem
2000 3957 2079 4019 ad
2108 3956 2484 4020 evadendam
2510 3958 2727 4036 vitam,
2753 3978 2945 4040 quam
2977 3981 3147 4045 expe-

691 4060 854 4122 ritur
898 4060 1098 4122 morte
1144 4058 1280 4139 ipsa
1327 4058 1714 4131 amariorem,
1765 4076 1888 4137 qua
1935 4057 2009 4121 de
2047 4076 2110 4120 re
2156 4058 2392 4122 Auctor
2436 4078 2581 4124 mox
2634 4061 2948 4141 loquitur3
3000 4084 3145 4129 nam

686 4165 760 4226 ut
807 4162 1034 4225 dicitur
1079 4160 1263 4224 Eccli.
1296 4160 1496 4223 XXX.
1545 4160 1644 4221 17.
1692 4158 1933 4222 Melior
1975 4164 2067 4223 est
2108 4180 2295 4233 more,
2343 4182 2529 4241 quam
2576 4164 2705 4227 vita
2748 4184 2995 4230 amara.
3045 4167 3144 4232 Sic

675 4263 845 4325 Elias
893 4264 952 4325 3.
995 4261 1150 4341 Rcy.
1193 4261 1363 4324 XIX.
1400 4264 1460 4324 4.
1487 4262 1713 4340 petivit
1729 4263 1980 4325 animae
2003 4282 2154 4326 suae
2190 4266 2261 4326 ut
2282 4269 2645 4338 moreretur,
2681 4266 2759 4329 ad
2796 4268 3141 4335 evadendas

681 4362 974 4429 Iezabelis
1024 4362 1297 4428 1116111166.
1347 4364 1426 4428 Et
1473 4363 1720 4447 Moyses
1768 4364 1954 4428 Num.
1988 4364 2099 4428 XI.
2140 4367 2241 4429 15.
2268 4368 2481 4450 populi
2528 4368 2870 4448 pervicacia
2916 4372 3141 4435 contri-

675 4468 900 4541 status,
929 4465 1051 4528 ait:
1098 4465 1358 4529 Obsecro
1382 4470 1454 4528 ut
1481 4465 1830 4545 interficias
1861 4486 1954 4530 me
1979 4472 2039 4530 et
2059 4469 2375 4532 inveniam
2402 4470 2681 4549 qratiam
2709 4490 2922 4534 coram
2943 4472 3138 4536 oculis

675 4569 816 4646 tuis,
866 4589 944 4632 nc
985 4570 1178 4632 tant‘e's
1222 4570 1477 4651 afficiar
1523 4568 1726 4633 malis.
1779 4570 1961 4634 Ionas
2008 4571 2218 4647 etiam,
2268 4572 2433 4653 quia,
2467 4576 2754 4654 parcente
2803 4575 2934 4639 Deo
2967 4575 3137 4639 Nini-
