3497 5147
298 354 441 430 [492]
1267 370 1536 411 sutor-ru.
1576 370 1823 412 Pomm
2657 361 2764 417 377

381 462 541 537 491.
595 467 848 530 Dictum
911 468 1007 531 est
1067 467 1370 550 superiuS,
1420 485 1582 543 eum,
1631 469 1740 549 qui
1789 469 2120 534 simoniace
2186 469 2519 551 acquisivit
2581 471 2763 536 bene-

299 569 523 645 ficium,
573 586 695 632 non
742 586 919 651 posse
964 568 1127 633 idem
1174 567 1537 633 beneficium
1586 569 1863 634 obtinere
1890 590 2013 650 per
2043 569 2567 651 dispensationem
2606 572 2762 652 Epi-

297 691 477 752 scopi.

384 775 578 840 Porro
614 773 690 839 de
734 773 1036 839 facultate
1081 775 1472 859 dispensandi
1517 776 1581 841 in
1628 796 1825 859 poena
1871 777 2183 841 nullitatis
2215 778 2279 842 et
2323 777 2758 857 inhabilitatiS,

301 877 556 942 tenenda
579 877 729 941 sunt
757 896 917 959 quae
947 880 1311 960 sequuntur,
1345 878 1741 944 distinctione
1773 878 1945 961 prius
1991 878 2157 942 facta
2204 879 2366 943 inter
2397 879 2762 946 beneficium

300 981 552 1064 simplex
582 983 648 1044 et
677 981 921 1062 duplex.
954 980 1332 1045 Beneficium
1356 983 1489 1045 tam
1521 981 1795 1045 seculare
1827 999 2016 1063 quam
2047 982 2333 1065 regulare
2364 981 2664 1047 dividitur
2695 983 2760 1047 in

298 1083 559 1164 simplex
588 1084 653 1146 et
683 1081 933 1163 duplex.
995 1081 1266 1166 Simplex
1320 1086 1433 1160 est,
1489 1084 1652 1167 quod
1690 1083 1930 1148 nullam
1979 1083 2487 1158 iurisdictionem,
2547 1104 2760 1149 curam

298 1187 645 1251 animarum
692 1185 790 1250 vel
836 1185 1438 1252 administrationem
1484 1188 1672 1252 habet
1719 1188 1833 1251 aut
1869 1186 2195 1269 specialem
2245 1187 2758 1270 praeminentiam

298 1289 408 1354 sibi
458 1289 776 1367 adnexam,
827 1288 932 1353 sed
978 1289 1056 1352 ad
1103 1289 1301 1354 solam
1350 1291 1773 1355 assistentiam
1819 1290 1882 1354 in
1930 1290 2116 1355 choro
2167 1291 2264 1355 vel
2314 1291 2532 1355 altaris
2575 1291 2761 1356 servi·

298 1392 454 1457 tium
503 1391 763 1476 obligat.
799 1391 975 1455 Talia
1023 1394 1171 1455 sunt
1220 1392 1285 1454 1⁰
1316 1391 1759 1457 canonicatus:
1811 1393 1881 1455 2⁰
1918 1391 2208 1457 beneficia
2257 1411 2490 1470 eorum,
2540 1393 2646 1474 qui
2694 1393 2759 1457 in

296 1494 563 1558 ecclesiis
609 1491 1087 1570 cathedralibuS,
1137 1495 1382 1576 praeter
1411 1495 1758 1570 canonic03‚
1792 1495 2107 1578 portiones
2137 1495 2416 1578 integras
2448 1494 2546 1558 vel
2582 1493 2759 1558 dimi-

296 1596 425 1661 dias
458 1596 730 1660 habent:
771 1590 842 1659 3⁰
873 1596 1335 1677 praestimonia,
1369 1616 1528 1678 quae
1560 1597 1885 1679 spirituale
1919 1597 2282 1679 obsequium
2317 1597 2620 1661 adnexum
2651 1597 2758 1660 ha-

296 1699 439 1762 bent
470 1701 533 1761 et
564 1697 629 1761 in
661 1697 924 1762 titulum
958 1696 1409 1762 conceduntur:
1438 1699 1504 1761 4⁰
1530 1698 1951 1781 cappellaniae
2000 1698 2349 1763 collativae.

381 1801 626 1883 Duplex
656 1819 800 1865 vero
847 1800 1095 1876 dicitur,
1134 1800 1301 1882 quod
1349 1800 1677 1884 specialem
1710 1801 1989 1883 aliquam
2036 1801 2435 1883 qualitatem,
2477 1819 2560 1864 sc.
2587 1820 2756 1883 prae-

296 1903 677 1978 minentiam,
725 1902 1351 1976 administrationem,
1422 1902 1929 1978 iurisdictionem,
1985 1903 2082 1966 vel
2143 1922 2357 1966 curam
2404 1903 2755 1967 animarum

293 2005 653 2070 adiunctam
695 2006 902 2070 habet.
936 2004 1260 2069 Eiusmodi
1304 2005 1453 2069 sunt
1489 2006 1553 2068 1⁰
1586 2003 1914 2084 Beneficia
1948 2005 2209 2083 proprie
2254 2009 2493 2080 curata,
2528 2005 2754 2086 quibus

288 2108 396 2190 qui
444 2107 679 2191 provisi
714 2109 881 2186 sunt,
915 2108 1160 2191 praeter
1199 2107 1646 2192 obligationem
1694 2107 1773 2172 ad
1820 2108 2005 2172 horas
2053 2108 2376 2172 canonicas
2425 2109 2486 2171 et
2535 2108 2753 2172 altaris

286 2211 635 2285 servitium,
654 2212 901 2276 nomine
924 2212 1173 2295 proprio
1192 2213 1341 2276 etex
1365 2211 1744 2294 obligatione
1772 2210 1961 2276 officii
1978 2211 2076 2274 sui
2093 2210 2533 2275 administrant
2555 2229 2754 2274 sacra-

285 2316 501 2378 menta
547 2315 613 2378 et
655 2314 724 2379 in
754 2313 888 2379 foro
920 2313 1326 2378 conscientiae
1357 2313 1849 2377 iurisdictionem
1880 2315 2176 2387 exercent,
2212 2312 2559 2378 cuiusmodi
2606 2315 2754 2378 sunt

284 2415 679 2497 plebanatus,
712 2416 999 2493 vicariae,
1033 2416 1358 2499 parochiae
1407 2418 1518 2480 aut
1564 2414 1960 2481 commendae
1991 2417 2322 2498 perpetuae
2354 2415 2754 2480 ecclesiarum

280 2517 742 2601 parochialium
773 2519 887 2584 aut
918 2519 1297 2583 curatarum.
1322 2519 1391 2582 2ο
1441 2517 1690 2599 Officia,
1718 2536 1877 2600 quae
1902 2517 2511 2583 administrationem
2541 2537 2754 2583 rerum

278 2621 865 2697 ecclesiasticarum,
892 2621 1021 2685 sine
1054 2620 1387 2685 eminentia
1427 2622 1636 2685 tamen
1684 2623 1747 2684 et
1784 2620 2228 2697 iurisdictione,
2265 2621 2558 2685 obtinent.
2601 2620 2752 2684 Tale

278 2725 376 2788 est
406 2724 693 2789 officium
725 2723 1077 2806 primicerii,
1112 2724 1425 2799 sacristae,
1461 2724 1855 2800 thesaurarii,
1891 2724 2166 2789 custodis
2199 2726 2313 2788 etc.
2342 2726 2411 2787 30
2434 2723 2752 2790 Persona·

278 2829 377 2890 tus
401 2847 424 2889 :
476 2826 676 2890 talem
707 2825 931 2890 habere
968 2826 1258 2890 dicuntur
1290 2827 1398 2908 qui
1437 2826 1955 2909 praeminentiam
2003 2826 2164 2890 sedis
2211 2828 2275 2891 in
2323 2826 2530 2904 chor0‚
2582 2847 2750 2910 prae·

271 2928 631 2994 cedentiam
678 2929 742 2992 in
790 2928 1300 3011 processionibus,
1328 2928 1719 3010 prioritatem
1751 2928 2034 3013 suffragii
2064 2930 2127 2992 in
2175 2927 2466 3013 Capitulo
2501 2931 2747 3007 habent,

271 3032 404 3097 sine
448 3031 889 3096 iurisdictione
919 3031 1039 3095 fori
1070 3031 1306 3096 externi
1350 3033 1412 3095 et
1461 3030 1999 3096 administratione
2032 3033 2276 3115 proprie
2308 3033 2493 3098 dicta.
2529 3034 2598 3095 4⁰
2637 3033 2748 3096 De-

266 3135 457 3217 nique
520 3132 861 3215 diynitates
904 3132 1196 3197 dicuntur
1227 3133 1573 3198 obtinentes
1612 3134 2126 3216 praeminentiam
2156 3133 2282 3199 fere
2329 3154 2472 3199 cum
2509 3134 2752 3198 iurisdi-

264 3237 473 3302 ctione
522 3235 640 3301 fori
672 3236 906 3300 externi
938 3237 1002 3299 et
1034 3235 1571 3302 administratione
1598 3236 1840 3318 proprie
1864 3236 2049 3300 dicta.
2085 3236 2166 3299 Et
2190 3237 2350 3301 aliae
2377 3237 2526 3301 sunt
2563 3237 2751 3301 subli-

263 3339 530 3415 mioreS,
597 3357 758 3420 quae
817 3338 1080 3403 maiores
1142 3340 1465 3410 vocantur,
1528 3340 1603 3401 ut
1663 3338 2094 3420 Episcopatus,
2143 3339 2747 3421 ArchiepiscopatuS,

263 3444 613 3518 Primatia,
661 3439 1117 3517 CardinalatuS,
1152 3440 1689 3504 Patriarchatus...
1739 3441 1919 3504 Aliae
1966 3441 2254 3517 minoreS,
2295 3444 2369 3505 ut
2415 3441 2751 3506 decanatus

261 3545 690 3620 cathedrales,
748 3543 1303 3617 archidiaconatus,
1362 3542 1647 3605 abbatiae
1687 3543 1750 3605 et
1788 3543 1946 3606 aliae
1989 3543 2381 3624 praelaturae
2436 3542 2750 3623 regulares

260 3671 372 3717 seu
405 3648 733 3716 seculares
771 3649 886 3711 etc.
920 3646 1061 3711 Vid.
1109 3646 1488 3727 Schmalzgr.
1525 3646 1630 3708 lib.
1666 3647 1726 3708 3.
1764 3646 1863 3708 tit.
1907 3649 1966 3709 5.
2002 3666 2061 3709 n.
2098 3646 2315 3709 30:32·

348 3748 548 3823 492.
579 3751 803 3831 Itaque
845 3749 911 3811 1⁰
948 3748 1192 3831 quando
1230 3747 1594 3812 beneficium
1641 3747 1893 3828 aliquod
1940 3746 2204 3826 simplex
2251 3747 2584 3812 simoniace
2618 3766 2753 3831 pro-

256 3859 571 3922 curatum
611 3853 706 3916 est
731 3851 811 3914 ab
842 3850 999 3927 aliie,
1027 3850 1413 3915 beneficiario
1449 3850 1908 3933 inculpabiliter
1939 3851 2265 3934 ignorante
2298 3852 2361 3914 et
2385 3868 2753 3931 consequen-

261 3958 355 4022 ter
386 3953 774 4022 beneficium
797 3952 958 4017 bona
988 3952 1106 4016 fide
1138 3955 1515 4035 acceptante,
1545 3954 1751 4036 potest
1788 3972 1930 4016 cum
1960 3952 2069 4016 illo
2108 3951 2460 4036 dispensare
2506 3953 2753 4036 Episco-

258 4081 376 4144 pus
393 4060 562 4143 (hoc
592 4055 893 4139 intellige,
926 4055 978 4119 si
1001 4055 1067 4119 id
1097 4055 1336 4119 accidat
1359 4056 1525 4119 intra
1557 4056 1926 4131 triennium3
1962 4074 2107 4119 nam
2141 4075 2211 4120 co
2246 4057 2555 4131 absoluto,
2585 4057 2753 4118 valet

254 4163 485 4247 regula
523 4157 606 4221 de
655 4156 960 4219 triennali
974 4158 1368 4236 possessione
1400 4177 1509 4221 nec
1537 4176 1689 4240 opus
1724 4161 1819 4222 est
1851 4158 2357 4241 dispensatione),
2386 4160 2459 4220 ut
2489 4155 2644 4217 illud
2680 4154 2753 4217 de

256 4285 423 4330 novo
461 4261 794 4343 acquirere
817 4260 1044 4334 valeat,
1084 4259 1418 4325 dummodo
1457 4260 1612 4324 illud
1646 4261 1817 4343 prius
1849 4261 2139 4344 resignet.
2181 4261 2295 4324 Est
2326 4257 2670 4323 communis
2688 4257 2751 4321 et

257 4370 428 4432 certa
469 4361 815 4437 sententia,
850 4380 1008 4443 quae
1046 4362 1207 4426 clare
1231 4363 1471 4426 eruitur
1502 4383 1572 4427 ex
1603 4383 1733 4446 cap.
1769 4362 1840 4426 Si
1861 4362 2131 4426 alic-aias
2164 4365 2267 4426 59.
2295 4361 2369 4425 de
2405 4360 2749 4425 Eleete'one:

183 4433 203 4452 ’
260 4467 644 4534 Bemffenst.
685 4464 746 4527 h.
796 4464 896 4527 tit.
931 4483 992 4527 n.
1028 4463 1178 4527 336.

341 4571 553 4637 Addit
584 4568 717 4631 heic
748 4564 1299 4650 Schmalzgrueber
1328 4568 1388 4630 h.
1418 4568 1517 4630 tit.
1553 4587 1612 4629 n.
1649 4568 1799 4629 268.
1834 4586 1905 4630 ex
1953 4566 2259 4630 sententia
2309 4566 2612 4639 ValensiS,
2667 4585 2739 4629 ue
