3497 5147
323 356 470 433 [307]
931 369 1082 417 an
1121 368 1377 410 nmmum
1415 369 1500 409 nn
1537 369 1795 413 acu-mus
1831 370 2188 412 nnumoms
2683 357 2795 413 225

322 469 488 550 quod
536 467 954 550 coniungatur
1006 466 1158 542 Deo,
1208 465 1593 530 sensibilium
1653 466 2200 533 manuductione...
2250 468 2334 532 Et
2392 468 2529 532 ideo
2593 470 2656 532 in
2705 468 2793 533 di-

323 572 467 635 vino
515 569 692 633 cultu
738 586 981 632 necesse
1027 568 1125 631 est
1171 567 1481 649 aliquibus
1528 569 1952 651 corporalibus
1985 570 2102 645 uti,
2139 573 2212 634 ut
2258 569 2345 635 eis
2380 571 2560 651 quasi
2595 572 2790 655 signis

322 671 696 755 quibusdam
742 688 916 735 mens
963 669 1231 734 hominis
1277 670 1579 734 excitetur
1627 670 1703 734 ad
1751 670 2107 754 spirituales
2156 673 2356 749 actuS,
2391 674 2616 754 quibus
2657 674 2789 737 Deo

322 773 726 858 coniungitur
756 797 819 835 ».

409 876 548 939 DD.
583 874 918 939 admonent
963 894 1033 939 ex
1079 875 1437 959 Augustino
1485 875 1732 939 Enchir.
1772 895 1824 939 c.
1859 877 1919 940 3.
1956 877 2158 940 Deum
2206 877 2474 941 maxime
2523 878 2643 943 coli
2681 897 2791 961 per

319 980 523 1055 fidem,
564 998 736 1061 spem
784 979 847 1042 et
892 977 1237 1054 caritatem,
1290 978 1596 1059 quatenus
1642 997 1750 1060 per
1794 978 2154 1042 huiusmodi
2196 980 2372 1043 actus
2423 979 2788 1043 subiicimus

318 1101 430 1146 nos
468 1082 621 1157 Deo,
657 1080 790 1143 eius
828 1079 1249 1143 excellentiam
1280 1079 1644 1161 profitemur
1676 1081 1739 1143 et
1770 1080 1857 1144 sic
1889 1079 1944 1144 ei
1976 1080 2254 1145 debitum
2293 1081 2590 1146 honorem
2625 1081 2790 1145 exhi-

314 1185 560 1248 bemus:
603 1182 769 1264 quod
801 1181 1049 1263 quidem
1087 1180 1418 1264 dupliciter
1446 1181 1579 1245 fieri
1618 1183 1844 1264 potest,
1886 1183 2015 1247 sive
2037 1183 2389 1247 formaliter
2427 1183 2488 1247 h.
2518 1202 2569 1247 e.
2596 1184 2788 1247 hono-

317 1305 444 1350 rem
476 1286 643 1348 hunc
666 1284 783 1348 Dei
812 1282 1181 1347 intendendo
1208 1303 1317 1347 seu
1338 1303 1411 1347 ex
1440 1283 1680 1348 motivo
1713 1284 2032 1369 religionis
2056 1304 2161 1350 eos
2188 1289 2366 1350 actus
2391 1286 2783 1370 imperando:

317 1389 444 1452 sive
492 1386 923 1462 materialiter,
974 1387 1281 1467 quatenus
1330 1385 1662 1450 eliciuntur
1711 1387 1909 1465 actus,
1960 1388 2068 1469 qui
2114 1407 2253 1451 vere
2304 1388 2531 1453 cedunt
2565 1388 2631 1452 in
2670 1388 2787 1452 Dei

317 1491 636 1555 honorem.

405 1591 671 1674 Propter
724 1591 883 1654 hanc
945 1589 1251 1655 rationem
1311 1588 1565 1671 quidam
1612 1590 1747 1653 DD.
1799 1589 1864 1654 in
1912 1591 2318 1674 explicatione
2369 1593 2427 1655 1.
2478 1594 2787 1676 praecepti

316 1696 597 1758 tractant
633 1693 707 1756 de
743 1692 1084 1756 virtutibus
1130 1691 1517 1775 theologicis,
1552 1692 1626 1755 ut
1656 1691 1929 1756 Thomas
1962 1691 2254 1770 Sanchez,
2290 1694 2398 1775 qui
2431 1694 2787 1759 universam

318 1796 727 1881 Theologiam
759 1795 1059 1860 moralem
1091 1814 1214 1859 non
1245 1794 1394 1878 egit.
1431 1792 1547 1858 Sed
1592 1793 1654 1858 id
1695 1814 1850 1877 opus
1882 1794 2050 1859 haud
2088 1798 2222 1860 est:
2255 1816 2404 1860 nam
2439 1797 2788 1862 formaliter

320 1898 616 1962 differunt
655 1896 894 1981 religi0‚
936 1916 1093 1978 quae
1141 1898 1237 1960 est
1285 1897 1598 1960 obiectum
1625 1897 1815 1979 primi
1844 1897 2178 1980 praecepti,
2217 1899 2279 1962 et
2316 1897 2518 1963 virms
2549 1899 2787 1964 theolo-

315 2001 496 2085 gica:
547 2000 599 2063 si
644 2019 785 2065 vero
832 2000 906 2063 de
954 1999 1240 2064 omnibus
1290 1998 1530 2063 actibus
1583 1999 1896 2063 virtutum
1944 2000 2254 2084 agendum
2305 2002 2485 2077 esset,
2535 2001 2782 2083 quibuS,

312 2107 658 2190 imperante
704 2106 939 2169 virtute
984 2103 1324 2188 religioniS,
1372 2103 1652 2168 formalis
1699 2105 1907 2169 cultus
1958 2106 2087 2169 Deo
2136 2106 2477 2185 exhibetur,
2518 2106 2592 2171 de
2643 2106 2784 2170 aliis

311 2228 559 2290 quoque
591 2207 950 2283 virtutibus,
992 2209 1235 2289 praeter
1267 2206 1669 2291 theologicas,
1711 2207 1846 2271 heic
1885 2208 2194 2292 agendum
2234 2206 2417 2274 foret.

404 2306 582 2381 306.
615 2310 734 2374 Per
778 2308 1141 2393 religionem
1172 2310 1302 2372 Deo
1350 2308 1559 2373 cultus
1600 2309 1957 2373 exhibetur:
2007 2309 2311 2394 distingui
2359 2312 2571 2375 autem
2619 2310 2781 2375 solet

310 2413 537 2497 duplex
560 2413 788 2487 cultus,
804 2410 1100 2492 publicus
1122 2412 1186 2475 et
1202 2411 1518 2491 Jm'vatus.
1544 2411 1840 2475 Publicus
1867 2413 1981 2489 est,
2009 2412 2102 2476 ait
2125 2411 2302 2496 Gury
2325 2412 2405 2476 V.
2428 2415 2484 2476 1.
2516 2414 2574 2496 ἓ.
2603 2414 2780 2489 258.,

313 2516 425 2598 (1111
468 2515 717 2581 nomine
762 2514 1070 2579 Ecclesiae
1114 2514 1213 2579 vel
1259 2515 1582 2597 tamquam
1631 2515 1709 2580 ab
1757 2534 1829 2580 ea
1874 2516 2207 2581 institutus
2254 2517 2611 2602 peragitur:
2662 2517 2783 2600 pri-

315 2620 522 2694 vatuS,
556 2619 664 2701 (1111
696 2637 767 2681 ex
798 2618 1045 2701 privata
1091 2617 1341 2681 tantum
1387 2617 1714 2683 devotione
1761 2618 2055 2701 procedit,
2091 2618 2341 2682 etiamsi
2387 2638 2594 2685 coram
2640 2620 2782 2684 aliis

313 2721 447 2784 fi'at.
484 2720 572 2784 Ex
604 2719 880 2784 Ferraris
912 2739 969 2783 V.
1023 2718 1352 2783 Veneratio
1378 2717 1493 2783 SS.
1527 2739 1588 2783 11.
1622 2721 1731 2783 41.

935 2931 969 2968 *
1004 2946 1083 2993 nn
1116 2944 1373 2993 Acrmus
1404 2945 1687 2993 vnrru'ms
1720 2945 2085 2992 nnmffloms,
2125 2931 2159 2967 *

404 3112 583 3187 3⁰7.
609 3115 965 3196 Antequam
989 3112 1445 3177 consideremus
1469 3111 1697 3195 species
1730 3114 2124 3194 peccatorum
2152 3115 2369 3178 contra
2393 3114 2780 3198 religionem,
2865 3117 2868 3122 '

309 3220 559 3285 videtur
606 3217 843 3300 aliquid
889 3215 1224 3281 dicendum·
1259 3214 1333 3279 de
1380 3214 1653 3279 eiusdem
1700 3215 1957 3279 virtutis
2009 3217 2280 3281 actibus:
2314 3216 2381 3280 hi
2429 3218 2640 3281 autem
2686 3236 2784 3281 re-

306 3323 543 3387 censeri
588 3321 794 3386 solent
839 3317 1094 3393 devoti0‚
1126 3316 1433 3393 adoratio,
1468 3318 1628 3390 lane,
1661 3319 1883 3391 oratio,
1915 3319 2317 3398 sacrific-ima,
2354 3322 2579 3393 votem,
2611 3320 2783 3383 iura-

310 3429 604 3500 mentum,
630 3421 1045 3501 sanctificatio
1075 3418 1392 3498 festorum,
1420 3419 1762 3482 oblationes
1792 3421 2113 3502 speciatim
2138 3422 2520 3484 decimarum
2551 3421 2782 3484 oblatio

306 3530 383 3596 cf.
434 3550 482 3594 S.
526 3529 749 3592 Thom.
792 3526 851 3588 2.
894 3525 953 3588 2.
991 3542 1027 3586 a
1074 3543 1132 3605 q.
1175 3522 1278 3586 82.
1330 3522 1407 3585 ad
1455 3541 1514 3603 q.
1549 3523 1675 3598 91„
1726 3522 1836 3603 qui
1883 3541 2093 3587 omnes
2142 3525 2483 3598 enumerat,
2534 3524 2779 3605 praeter

310 3635 624 3699 octavum.
673 3627 911 3691 Verum
956 3627 1029 3690 de
1076 3625 1375 3690 sacrificio
1433 3642 1633 3688 sermo
1692 3623 1812 3687 erit
1865 3624 1930 3686 in
1978 3625 2056 3688 tr.
2107 3624 2180 3688 de
2227 3624 2655 3688 Eucharistia:
2706 3625 2780 3688 de

310 3737 457 3800 voto
506 3735 572 3797 et
614 3730 967 3795 iuramento
1014 3728 1078 3792 in
1128 3728 1188 3791 2.
1237 3728 1562 3810 praecepto
1602 3726 1779 3789 Dec.:
1830 3725 1902 3788 de
1950 3726 2439 3791 sanctificatione
2475 3727 2779 3791 festorum

306 3841 369 3904 in
400 3840 501 3904 3.:
538 3837 612 3902 de
651 3833 1071 3901 oblationibus
1104 3833 1336 3905 autem,
1370 3831 1442 3895 de
1474 3830 1699 3912 quibus
1732 3829 2006 3894 Thomas
2045 3830 2177 3915 egit
2208 3831 2248 3894 l.
2291 3851 2342 3895 c.
2380 3851 2439 3913 q.
2475 3831 2602 3908 86.,
2638 3851 2781 3896 cum

304 3943 479 4008 nulla
528 3942 665 4025 lege
711 3957 875 4002 nunc
922 3935 1398 4020 praecipiantur,
1449 3952 1603 4016 opus
1648 3951 1774 3997 non
1821 3934 1934 4009 est,
1983 3934 2059 3997 ut
2104 3934 2461 4020 Theologus
2522 3936 2779 4001 moralis

306 4048 488 4132 agat:
540 4044 615 4107 de
664 4040 916 4106 decimis
964 4042 1194 4112 tamen,
1244 4056 1421 4119 quae,
1454 4036 1601 4100 licet
1647 4035 1925 4120 graviter
1970 4039 2351 4120 praeceptae,
2385 4038 2451 4102 in
2490 4037 2776 4102 desuetu-

305 4151 509 4215 dinem
536 4164 709 4231 pene‚
736 4143 1069 4226 iniquitate
1091 4142 1443 4223 temporum
1469 4139 1532 4202 et
1554 4138 1811 4221 perfidia
1833 4139 2176 4218 hominum,
2206 4142 2370 4224 apud
2396 4159 2508 4205 nos
2535 4159 2782 4222 quoque

307 4251 612 4326 abierunt,
648 4245 817 4329 quod
850 4262 1004 4328 opus
1037 4244 1150 4319 est,
1178 4261 1291 4307 suo
1323 4241 1459 4306 loco
1492 4240 1654 4305 inter
1677 4241 1987 4307 Ecclesiae
2018 4244 2365 4326 praecepta,
2394 4243 2687 4319 dicemuS,
2714 4243 2778 4306 in

306 4351 824 4437 protestationem
856 4346 1081 4411 saltem
1105 4344 1297 4409 divini
1322 4344 1386 4408 et
1417 4343 1814 4409 ecclesiastici
1839 4344 2015 4408 iuris.
2044 4345 2308 4408 Restant
2331 4343 2517 4408 modo
2542 4345 2778 4426 priores

309 4459 577 4538 quatuor
609 4453 810 4526 actus,
846 4467 1113 4531 quorum
1159 4449 1507 4530 postremus
1541 4445 1920 4530 diligentiori
1961 4447 2168 4511 studio
2203 4445 2450 4529 dignior
2479 4446 2651 4510 visus
2683 4445 2780 4508 est

312 4578 355 4623 s.
387 4559 688 4624 Thomae.

462 4682 502 4724 Β
504 4688 752 4722 ιιιιιιιιι
784 4696 836 4705 -
864 4670 1035 4715 Horat.
1063 4671 1199 4713 Tom.
1231 4670 1297 4712 11.
2560 4665 2615 4707 15
