3497 5147
766 300 874 354 522
910 313 1123 353 11111111.
1144 313 1226 352 vr.
1250 312 1410 353 sncr.
1439 312 1505 352 11.
1524 312 1610 352 nm
1634 310 1915 354 8110111100
1941 309 2156 350 manc.
2177 308 2505 351 pacamur.
2531 309 2664 351 cAP.
2687 310 2776 351 111.
2803 310 2946 352 nun.
2970 313 3052 353 vr.
3086 298 3219 373 [689]

768 409 1008 474 emissis
1055 411 1197 472 ante
1244 412 1491 492 tempus
1555 408 1974 483 subiectionis
2025 406 2343 471 affirmant
2389 425 2462 470 ea
2508 425 2633 472 non
2680 426 2858 490 posse
2920 407 3150 474 directe
3187 431 3218 474 a

768 511 1101 595 superiore·
1128 511 1382 587 irritari,
1418 511 1565 592 quia
1612 529 1734 574 non
1767 510 2021 574 fuerunt
2067 509 2292 574 emissa
2324 510 2441 572 sub
2472 509 2668 573 tacita
2701 510 3054 576 conditione
3101 513 3218 577 eius

767 613 1155 695 beneplaciti.
1182 611 1542 677 Concedunt
1568 613 1778 676 autem
1803 612 1966 693 quod
1999 612 2278 695 superior
2309 611 2508 694 possit
2544 612 2999 676 exsecutionem
3023 632 3219 678 eornm

770 717 1062 780 votorum
1087 713 1454 797 suspendere
1478 715 1540 777 h.
1567 734 1619 779 e.
1644 714 1940 778 indirecte
1963 714 2230 790 irritare,
2257 715 2566 795 quatenus
2589 713 2709 777 sibi
2742 714 3183 796 praeiudicant.

841 864 1062 915 vam.
1083 864 1133 915 7.
1148 865 1314 917 Potest
1339 864 1449 929 quis
1475 863 1619 918 etiam
1650 871 1765 917 vola
1793 878 1818 916 a
1841 878 1908 924 se,
1932 867 2010 916 vel
2033 870 2344 916 antecessore
2365 875 2595 916 concessa
2624 870 2672 916 et
2691 865 2977 917 confirmata
2998 864 3221 919 indirecte

768 945 983 1011 irritare,
1012 955 1063 1001 ul
1093 955 1225 1015 patet
1251 964 1312 1001 ex
1340 955 1431 1002 art.
1465 948 1740 1015 superiore.
1771 947 1950 1014 Excipe
1977 954 2152 1010 tamen,
2182 946 2276 999 nisi
2301 961 2392 1001 suo
2417 946 2514 1000 iuri
2554 946 2785 1000 cessisset
2814 954 2863 1000 et
2890 952 3016 1001 hanc
3042 964 3223 1003 conces

772 1030 956 1090 sionem
985 1032 1210 1086 subditus
1236 1041 1552 1099 acceptasset,
1576 1041 1627 1087 111
1655 1048 1703 1085 v.
1730 1048 1803 1097 gr.
1828 1032 1876 1085 in
1907 1039 2023 1085 voto
2052 1031 2308 1094 0381113118,
2335 1038 2504 1085 mutuo
2531 1032 2692 1087 mariti
2718 1040 2770 1086 et
2797 1033 2971 1086 uxoris
2994 1048 3222 1087 consensu

774 1121 919 1171 racto,
949 1122 1102 1172 Secus
1128 1125 1286 1172 tamen
1312 1126 1458 1182 esset,
1483 1120 1523 1172 si
1550 1122 1628 1174 vel
1656 1121 1761 1173 8013
1789 1133 1931 1186 uxor,
1961 1120 2039 1172 vel
2066 1124 2267 1184 uterque
2303 1116 2688 1185 independenter
2715 1120 2775 1171 ab
2808 1120 2968 1172 altero
2997 1119 3218 1174 vovisset.

865 1222 1036 1297 689.
1056 1228 1266 1292 Habes
1290 1228 1424 1293 heic
1441 1229 1786 1293 doctrinam
1810 1227 2125 1312 geminam
2147 1227 2516 1292 resolutioni
2542 1228 2801 1292 octavae
2819 1228 3094 1309 praeced.
3116 1230 3223 1292 art.

773 1349 832 1392 n.
855 1330 1003 1393 683.
1030 1330 1384 1396 Difficultas
1412 1333 1507 1396 est
1527 1331 1592 1395 in
1618 1331 1988 1414 exceptione,
2017 1349 2205 1411 quam
2230 1331 2468 1393 Auctor
2492 1329 2722 1406 subdit,
2750 1330 3002 1411 quando
3024 1350 3227 1414 nempe

775 1431 1000 1514 aliquis
1047 1435 1298 1499 cesserit
1342 1434 1465 1498 iuri
1511 1453 1623 1498 suo
1673 1436 1736 1498 et
1782 1433 2130 1516 exemplum
2176 1432 2354 1515 ponit
2399 1432 2534 1497 voti
2577 1432 3001 1498 continentiae
3032 1440 3227 1498 mutuo

773 1554 1077 1600 consensu
1115 1538 1193 1600 ab
1228 1539 1492 1618 utroque
1538 1537 1801 1620 coniuge
1839 1535 2068 1599 emissi.
2101 1534 2264 1599 Nam
2311 1535 2365 1599 si
2412 1535 2705 1599 mutuum
2753 1536 3013 1618 pactum
3059 1538 3225 1612 absit,

775 1639 905 1722 ipse
936 1642 1010 1704 A.
1045 1640 1344 1717 concedit,
1376 1639 1611 1703 irritari
1646 1642 1796 1704 vota
1824 1657 2023 1721 posse.

866 1741 925 1806 S.
960 1743 1316 1826 Alphonsus
1347 1743 1496 1807 licet
1524 1762 1585 1806 11.
1615 1742 1763 1806 236.
1800 1741 2089 1816 affirmet,
2124 1760 2246 1805 non
2279 1758 2456 1825 posse
2489 1740 2784 1825 coniuges
2814 1742 3087 1807 invicem
3108 1745 3226 1807 tum

776 1846 1087 1909 castitatis
1119 1849 1257 1910 tum
1290 1845 1607 1929 religionis
1633 1847 1852 1908 votum
1885 1842 2188 1908 eiusmodi
2210 1843 2457 1907 irritare
2486 1842 2672 1924 idque
2696 1863 2830 1908 esse
2852 1864 3225 1910 communem

778 1948 1183 2023 sententiam3
1232 1950 1445 2012 monet
1507 1948 1716 2011 tamen
1770 1945 1918 2010 ibid.
1968 1944 2282 2029 coniuges,
2330 1945 2384 2009 si
2429 1948 2667 2022 coeant,
2723 1965 2979 2027 peccare
3033 1949 3222 2012 contra

778 2052 1018 2126 votum,
1045 2050 1149 2114 sed
1174 2070 1295 2115 non
1326 2052 1542 2114 contra
1566 2050 1943 2115 castitatem.
1973 2048 2147 2113 Unde
2178 2048 2491 2114 sufficeret
2514 2049 2579 2113 in
2603 2048 2987 2114 confessione
3013 2051 3224 2134 aperire

780 2152 912 2216 voti
966 2152 1390 2229 violationem,
1438 2152 1672 2217 silendo
1726 2151 2078 2216 materiam.
2127 2151 2282 2216 Post
2327 2150 2478 2215 haec
2522 2151 2932 2216 nihilominus
2982 2173 3044 2216 n.
3091 2154 3220 2216 239.

778 2273 965 2336 prope
1011 2254 1116 2318 fin.
1152 2254 1325 2318 addit
1371 2255 1580 2333 etiam,
1614 2274 1680 2318 se
1711 2273 1835 2318 non
1865 2254 2139 2319 invenire
2167 2254 2475 2318 rationem
2512 2254 2766 2331 certam,
2793 2273 2919 2335 qua
2954 2254 3225 2319 damnare

778 2357 976 2440 possit
1024 2358 1374 2441 oppositam
1422 2358 1690 2422 aliorum
1738 2357 2111 2421 sententiam
2143 2358 2207 2422 et
2243 2355 2573 2434 concludit,
2608 2375 2673 2420 se
2713 2357 2830 2421 hoc
2859 2355 3121 2422 dubium
3149 2376 3227 2420 sa·

778 2459 1089 2542 pientibus
1137 2460 1580 2524 decernendum
1626 2460 1963 2524 remittere.
1996 2458 2136 2524 Non
2175 2461 2405 2523 temere
2437 2476 2584 2542 ergo
2617 2458 2734 2522 hac
2765 2458 2840 2523 de
2873 2479 2941 2524 re
2975 2460 3227 2543 disputa-

778 2562 1001 2639 bimus,
1036 2563 1399 2645 praesertim
1451 2564 1517 2627 1⁰
1548 2583 1690 2628 cum
1740 2582 1787 2626 S.
1822 2562 2180 2645 Alphonsus
2225 2563 2411 2647 neget
2456 2561 2664 2626 fnlciri
2709 2582 2848 2627 eam
2896 2563 3226 2629 doctrinam

779 2665 977 2729 solida
1028 2685 1097 2729 ac
1143 2669 1311 2730 certa
1356 2666 1597 2730 ratione
1644 2666 1708 2730 et
1740 2668 1810 2728 2⁰
1842 2665 1972 2748 ipse
2017 2665 2247 2730 indicet
2292 2665 2598 2731 rationem
2643 2685 2755 2748 pro
2803 2668 3114 2732 sententia
3144 2667 3229 2732 ob-

780 2768 1017 2849 posita:
1075 2793 1109 2826 «
1142 2768 1196 2831 si
1243 2768 1356 2846 vir,
1390 2768 1614 2851 inquit,
1655 2769 1845 2850 prout
1875 2766 2154 2832 concedit
2185 2766 2474 2844 SancheZ,
2509 2768 2716 2849 potest
2748 2768 2958 2834 valide
3003 2770 3228 2834 irritare

782 2871 999 2934 votum
1046 2870 1275 2947 uxoris,
1324 2871 1458 2952 ipso
1508 2871 1889 2953 approbante
1936 2870 2252 2943 emissum,
2296 2889 2405 2934 cur
2449 2888 2573 2933 non
2619 2870 2871 2952 poterit,
2924 2871 2982 2935 si
3027 2874 3229 2936 mutuo

781 2991 1079 3037 consensu
1116 2973 1245 3055 ipse
1278 2973 1469 3037 etiam
1501 2973 1858 3037 castitatem
1888 2972 2177 3037 voverit?
2209 2998 2244 3030 »
2282 2972 2521 3037 subdit:
2567 2996 2602 3030 «
2635 2974 2920 3037 attamen
2951 2994 3096 3039 cum
3123 2975 3231 3037 ista

782 3075 988 3158 opinio
1037 3075 1121 3139 sit
1152 3077 1366 3139 contra
1399 3094 1788 3139 communem
1837 3077 1900 3138 et
1931 3074 2346 3138 Tamburinus
2391 3074 2456 3137 in
2504 3075 2620 3138 hae
2659 3074 3040 3141 difficultate
3081 3077 3233 3140 invo-

779 3178 953 3241 lutus
993 3178 1250 3241 dubium
1282 3176 1620 3241 indecisam
1644 3177 1985 3259 reliquerit,
2011 3177 2103 3241 ita
2143 3179 2205 3241 et
2237 3197 2351 3262 ego
2384 3177 2768 3259 sapientibus
2799 3178 3231 3243 decernendum

780 3279 1017 3360 reliquo
1052 3305 1086 3335 »
1125 3298 1195 3342 ac
1227 3278 1474 3342 demum
1515 3280 1585 3342 3⁰
1607 3298 1730 3343 non
1763 3280 1855 3343 ita
1902 3279 1986 3343 sit
2032 3278 2376 3344 communis
2409 3279 2716 3345 sententia
2747 3280 2879 3358 illa,
2917 3284 2992 3346 ut
3025 3281 3235 3365 arguat

781 3384 1019 3446 certum
1055 3381 1391 3464 quodpiam
1421 3380 1915 3446 fundamentum.

870 3484 952 3547 Et
989 3502 1134 3548 sane
1182 3502 1303 3546 non
1350 3486 1555 3565 potest
1602 3484 1723 3548 dici
1770 3485 2114 3549 communis
2162 3486 2488 3563 sententia,
2539 3484 2785 3567 quando
2826 3488 3093 3570 plerique
3123 3490 3236 3548 aut

781 3590 943 3651 certe
976 3585 1161 3649 multi
1192 3585 1493 3668 principia
1530 3586 1836 3668 quaedam
1869 3588 2310 3670 praestituunt,
2345 3607 2504 3670 quae
2542 3589 2964 3655 communiter
2995 3609 3108 3655 non
3141 3585 3236 3650 ad-

781 3690 1142 3754 mittuntur.
1170 3687 1382 3764 Porr0,
1409 3691 1483 3753 ut
1507 3688 1776 3754 Sanchez
1802 3690 2071 3754 advertit
2095 3689 2168 3753 de
2191 3690 2480 3753 Matrim.
2507 3689 2615 3753 lib.
2636 3691 2697 3755 9.
2724 3689 2883 3774 disp.
2904 3694 3012 3757 40.
3039 3713 3096 3756 n.
3118 3691 3234 3757 20..

784 3793 990 3875 plures
1023 3812 1094 3856 ex
1124 3796 1250 3858 illis
1290 3795 1664 3875 supponunt,
1700 3792 1905 3856 virum
1936 3812 2011 3856 ne
2043 3794 2192 3856 tunc
2225 3794 2475 3874 quidem
2505 3793 2753 3857 irritare
2800 3813 2984 3877 posse
3031 3796 3232 3859 votum

784 3895 1013 3969 uxoris,
1039 3897 1324 3978 quando
1304 3915 1444 4010 ipsa
1468 3896 1621 3972 sola,
1649 3914 1721 3958 ex
1753 3913 2052 3960 consensu
2079 3897 2289 3958 tamen
2313 3895 2546 3972 mariti,
2571 3896 3022 3961 continentiam
3055 3895 3229 3959 vovit.

785 3998 1131 4063 Consensus
1165 3976 1375 4062 mariti
1421 4016 1545 4062 non
1592 3998 1801 4071 efficit,
1851 3999 1924 4062 ut
1969 3997 2069 4061 hic
2114 3997 2476 4062 renuntiet
2461 3998 2584 4061 11111
2629 4016 2764 4062 8110.
2799 3998 3066 4063 Proinde
3094 4013 3233 4061 uxor

785 4102 873 4167 sie
904 4102 1067 4165 erit
1052 4121 1117 4165 111
1142 4100 1353 4165 eadem
1387 4098 1735 4164 conditione
1770 4119 1840 4163 ac
1862 4100 1986 4176 ille,
2015 4100 2123 4183 qui
2153 4100 2390 4185 ligatus
2423 4102 2570 4165 voto
2595 4100 2912 4166 castitatis
2936 4096 3230 4166 contrahit

784 4206 1055 4287 nuptias.
1105 4204 1233 4268 Alii
1280 4203 1405 4266 imo
1453 4205 1814 4284 supponunt
1866 4205 2203 4285 praeterea,
2252 4203 2553 4267 maritum
2599 4202 2847 4267 irtitare
2902 4221 3022 4268 non
3067 4215 3225 4284 posse

787 4308 1006 4371 votum
1051 4305 1465 4372 continentiae
1513 4305 1590 4368 ab
1637 4324 1843 4381 uxore,
1893 4306 2084 4369 etiam
2132 4306 2262 4369 sine
2311 4306 2428 4369 viri
2465 4306 2735 4381 licentia,
2772 4306 3075 4371 emissum.
3107 4298 3215 4365 Alii

786 4413 1100 4492 praeterea
1132 4411 1361 4491 negant
1401 4406 1627 4471 marito
1661 4407 2026 4472 facultatem
2058 4407 2348 4472 irritandi
2377 4408 2605 4472 directe
2635 4410 2787 4474 vota
2825 4408 3041 4473 uxoris.
3065 4403 3213 4467 Haec

786 4515 997 4576 autem
1031 4510 1331 4595 principia
1362 4529 1503 4573 cum
1536 4527 1647 4573 nos
1673 4510 1769 4573 uti
1807 4511 2013 4575 minus
2044 4510 2224 4574 firma
2256 4511 2615 4588 habeamus„
2642 4513 2766 4575 iam
2792 4530 2910 4577 non
2941 4510 3028 4573 est
3047 4501 3207 4569 ratio.
