3497 5147
388 349 536 427 [939]
1066 367 1150 407 AN
1186 368 1267 408 m
1303 366 1629 416 Quousque
1665 367 1888 410 mona-r
1924 370 2175 412 nannum
2757 357 2863 415 697

478 462 536 527 N
542 463 773 528 otanda
805 463 1018 539 autem
1050 464 1235 528 verba
1269 461 1538 529 Sanchez
1562 464 1670 529 lib.
1698 467 1758 528 2.
1788 484 1920 548 cap.
1955 466 2060 530 39.
2095 486 2155 531 n.
2194 467 2252 531 7.
2280 468 2343 532 111
2375 467 2517 532 fin.:
2551 492 2587 526 «
2612 468 2860 551 Optime

392 570 639 635 Bannez
679 568 788 646 ait,
822 568 1011 633 licere
1035 569 1349 634 innocenti
1379 571 1444 634 in
1476 571 1574 635 his
1606 571 1852 635 casibus
1885 574 2203 655 acceptare
2240 575 2303 637 et
2341 572 2555 637 offerre
2579 572 2860 638 duellum

391 672 469 737 ob
514 672 825 736 rationem
861 671 1197 749 traditam;
1232 672 1358 737 imo
1392 675 1455 737 et
1486 690 1608 737 non
1640 672 2030 755 provocando
2069 675 2147 738 ad
2177 674 2475 753 duellum,
2515 674 2859 739 interficere

390 774 629 840 occulte
656 774 929 839 actorem
953 774 1137 838 illum
1163 775 1652 850 calumniosum3
1682 793 1822 839 cum
1857 776 2005 839 haec
2032 776 2252 841 occisio
2279 776 2363 841 sit
2392 795 2537 840 vera
2563 775 2854 845 defensio.

389 876 526 942 Imo
565 877 714 941 bene
745 874 1030 942 Navarra
1064 876 1174 954 ait,
1224 877 1421 942 teneri
1465 877 1854 941 innocentem
1902 897 2023 942 non
2061 880 2378 962 acceptare
2427 877 2704 943 duellum
2753 898 2861 943 nec

389 978 672 1055 indicere,
706 979 762 1044 si
798 980 1006 1063 potest
1040 979 1223 1043 illum
1250 979 1488 1045 occulte
1522 979 1869 1057 occidendO,
1910 979 1970 1043 id
2005 981 2171 1045 vitae
2203 980 2513 1063 (honoris)
2549 1000 2620 1046 ac
2649 1000 2858 1049 rerum

388 1079 795 1146 familiarium
830 1081 1174 1165 periculum
1221 1081 1495 1146 evadere.
1536 1080 1775 1165 Quippe
1825 1082 1914 1145 sic
1961 1082 2280 1165 proprium
2312 1082 2478 1147 vitae
2509 1082 2856 1164 periculum

387 1184 452 1247 in
500 1183 705 1248 duello
750 1184 1079 1249 imminens
1126 1184 1354 1249 vitabit
1400 1185 1464 1249 et
1518 1186 1842 1269 peccatum
1891 1183 2119 1249 actoris
2169 1184 2477 1248 offerentis
2534 1185 2647 1248 aut
2695 1204 2858 1249 acce-

390 1286 627 1369 ptantis
674 1286 951 1352 duellum
980 1312 1042 1351 ».

478 1387 567 1452 Ex
599 1387 825 1471 quibus
855 1389 1050 1472 patet,
1091 1389 1397 1472 quantum
1435 1390 1719 1455 aberrent
1751 1390 1866 1466 illi,
1900 1388 2009 1472 qui
2055 1390 2270 1454 contra
2318 1408 2390 1453 ex
2436 1408 2507 1455 eo
2558 1393 2854 1476 arguunt,

388 1490 553 1573 quod
589 1508 713 1555 non
736 1489 922 1556 liceat
950 1490 1292 1559 interficere
1326 1492 1519 1556 talem
1558 1493 1850 1571 actorem,
1891 1492 1966 1555 ut
1997 1511 2055 1555 v.
2088 1511 2182 1577 gr.
2219 1489 2756 1571 SalmanticenseS,
2792 1492 2855 1558 id

386 1610 707 1677 perperam
729 1612 801 1658 ex
824 1611 998 1678 prop.
1027 1596 1085 1658 2.
1114 1594 1285 1660 AleX.
1314 1594 1456 1659 VII.
1484 1595 1907 1674 extundenteS,
1936 1595 2010 1659 ut
2028 1594 2297 1660 vidimus
2323 1614 2457 1678 sup.
2481 1614 2537 1658 11.
2563 1595 2710 1658 116.
2737 1594 2852 1680 (3).

1403 1804 1826 1872 CAPUTIII.

1322 1957 1445 2003 DE
1539 1957 1913 2005 nunno

1485 2100 1649 2164 Due.
1685 2099 1732 2163 Ι.

1093 2232 1211 2298 An
1233 2237 1296 2297 et
1322 2253 1635 2315 quousque
1666 2232 1855 2298 liceat
1883 2230 2128 2297 bellwn.

475 2384 645 2459 939.
681 2390 903 2455 Differt
932 2390 1166 2455 bellum
1201 2410 1235 2454 a
1266 2390 1419 2467 rixa,
1461 2390 1605 2472 quia
1654 2389 1788 2454 rixa
1821 2390 1913 2454 est
1951 2409 2290 2473 paucorum
2324 2390 2421 2454 vel
2454 2391 2846 2475 singulorum

382 2494 597 2558 contra
644 2511 875 2578 paucos
921 2493 1019 2556 vel
1068 2492 1385 2580 singulos:
1426 2492 1659 2557 bellum
1692 2511 1835 2557 vero
1885 2494 1980 2557 est
2025 2491 2448 2557 multitudinis
2496 2494 2712 2558 contra
2745 2513 2847 2558 ex-

386 2597 651 2662 11311003.

470 2699 693 2764 Differt
726 2719 761 2764 a
794 2699 1112 2776 seditione,
1163 2699 1310 2781 quia
1347 2699 1582 2763 bellum
1628 2699 1725 2762 est
1755 2698 2179 2764 multitudinis
2229 2701 2442 2764 contra
2492 2701 2842 2777 extraneos3

382 2801 603 2867 seditio
636 2823 783 2868 vero
807 2803 903 2868 est
932 2801 1358 2867 multitudinis
1407 2803 1622 2866 contra
1670 2801 2140 2865 multitudinem
2171 2801 2232 2864 in
2273 2801 2485 2866 eadem
2532 2802 2845 2887 republica

383 2903 511 2968 sive
557 2904 812 2970 civitate
860 2924 931 2970 ac
977 2904 1217 2968 definiri
1263 2903 1423 2968 solet
1472 2901 1772 2966 tumultus
1807 2902 2031 2982 populi
2081 2903 2376 2967 concitati
2418 2904 2508 2966 ad
2542 2925 2842 2988 puy-nam.

383 3005 599 3091 Laym.
632 3006 739 3072 lib.
782 3008 842 3072 2.
876 3008 956 3071 tr.
991 3007 1053 3070 3.
1088 3026 1220 3091 cap.
1260 3007 1362 3071 12.
1403 3026 1462 3070 11.
1502 3006 1559 3069 1.
1600 3025 1671 3069 ex
1703 3024 1753 3069 3.
1788 3004 2028 3070 Thema
2064 3007 2123 3070 2.
2161 3008 2219 3070 2.
2256 3026 2356 3089 qq.
2383 3007 2489 3070 41.
2527 3010 2631 3071 42.
2668 3009 2773 3072 43.

471 3105 703 3174 Seditio
736 3109 810 3188 si,
844 3111 918 3174 ut
947 3110 1309 3194 plerumque
1344 3108 1584 3185 accidit,
1613 3127 1735 3173 non
1760 3110 1854 3172 est
1885 3108 2144 3173 subnixa
2176 3110 2342 3174 iusta
2376 3110 2636 3184 ratione,
2664 3112 2842 3177 tanto

379 3213 635 3296 gravius
682 3213 778 3277 est
823 3214 1146 3297 peccatum
1193 3233 1337 3296 prae
1384 3213 1535 3289 rixa,
1586 3211 1820 3294 quanto
1875 3211 2078 3276 maius
2126 3213 2222 3275 est
2274 3212 2507 3276 bonum
2562 3212 2843 3296 publicae

379 3315 607 3397 quietis
645 3316 708 3379 et
740 3314 1029 3400 politicae
1061 3315 1421 3381 concordiae
1459 3333 1616 3397 quae
1649 3333 1758 3397 per
1791 3313 2154 3378 seditionem
2187 3314 2480 3377 violatur.

467 3415 841 3483 Confessarii
878 3420 1089 3482 autem
1122 3420 1217 3483 est
1249 3417 1351 3500 (ut
1382 3416 1755 3480 catechistae
1788 3435 1896 3478 seu
1932 3415 2402 3492 concionatoriS,
2444 3416 2590 3479 data
2627 3437 2843 3501 oppor-

377 3520 678 3604 tunitate)
726 3521 804 3586 ob
852 3521 1062 3586 oculos
1098 3539 1319 3603 ponere
1351 3518 1623 3584 criminis
1655 3518 2034 3601 gravitatem
2069 3516 2146 3581 ob
2178 3516 2454 3602 ingentia
2487 3519 2652 3582 mala
2703 3520 2840 3585 tum

375 3623 785 3708 publicatum
809 3624 1074 3707 privata,
1102 3625 1240 3688 tum
1264 3621 1615 3706 spiritualia
1641 3622 1778 3683 tum
1805 3618 2172 3703 temporalia
2199 3621 2260 3682 et
2285 3619 2594 3701 quomodo
2622 3623 2839 3687 auctor

372 3725 458 3790 sit
502 3727 727 3792 horum
774 3727 1085 3792 malorum
1131 3746 1252 3790 non
1301 3725 1481 3790 modo
1530 3723 1653 3798 ille,
1705 3720 1812 3804 qui
1862 3739 1932 3784 ex
1979 3739 2170 3803 pravo
2221 3721 2428 3785 animo
2468 3722 2835 3788 seditionem

373 3829 742 3908 commovet,
792 3828 896 3894 sed
944 3830 1007 3893 et
1053 3829 1333 3911 quisquis
1370 3825 1750 3912 imprudenti
1795 3823 2010 3909 lingua
2046 3844 2180 3889 eam
2220 3824 2390 3888 fovet
2439 3827 2550 3889 aut
2598 3826 2837 3891 animos

375 3931 644 3997 aliorum
683 3931 760 3996 ad
798 3931 1112 3996 tumultus
1144 3931 1433 3997 concitat.

452 4211 517 4264 (a)
547 4209 753 4253 Licetne
780 4207 1056 4260 innocenti,
1086 4208 1327 4251 damnato
1354 4207 1418 4250 ab
1444 4207 1622 4261 iniquo
1641 4206 1808 4251 iudice
1836 4208 1896 4250 ut
1925 4205 2011 4250 vel
2039 4208 2252 4250 mortem
2282 4205 2460 4249 subeat
2481 4203 2563 4248 vel
2585 4203 2638 4248 in
2667 4203 2839 4250 duello

370 4279 583 4332 pugnet,
613 4281 672 4319 ut
692 4288 743 4319 30
771 4274 946 4330 probet
974 4273 1315 4327 innocentem,
1342 4276 1606 4328 acceptare
1635 4273 1903 4317 duellum?
1921 4273 2158 4316 Affirmat
2178 4272 2435 4316 Bonacina
2453 4271 2487 4315 1.
2506 4285 2548 4314 c.
2565 4284 2613 4314 n.
2639 4271 2707 4314 18.
2735 4285 2838 4317 non

371 4344 577 4399 quidem
604 4347 665 4387 ut
694 4357 744 4387 se
773 4341 950 4397 probet
976 4341 1315 4392 innocentem,
1344 4341 1409 4383 ad
1448 4340 1584 4394 quod
1613 4352 1712 4382 non
1743 4340 1980 4383 conducit
2010 4339 2264 4393 duellum,
2295 4339 2380 4381 sed
2412 4343 2471 4382 ut
2501 4338 2664 4380 vitam
2693 4349 2838 4382 suam

369 4414 598 4463 tuentur,
626 4411 693 4454 ael
718 4421 876 4464 qnam
903 4408 1151 4452 tuendam
1177 4406 1332 4450 habet
1358 4406 1439 4449 133
1475 4406 1633 4450 etiam
1662 4419 1782 4450 curn
1810 4406 1996 4450 damno
2024 4406 2239 4449 alteriue
2268 4418 2508 4459 personae
2537 4405 2682 4449 cuiue
2702 4405 2839 4450 vitae

368 4481 534 4534 potent
561 4479 815 4533 praeferre
834 4489 1005 4530 sum3
1028 4478 1079 4520 et
1107 4475 1235 4519 citat
1263 4475 1563 4519 Caietannm
1590 4476 1633 4518 2.
1653 4475 1698 4518 2.
1717 4489 1766 4529 q.
1795 4476 1865 4518 95.
1895 4489 1942 4519 a.
1972 4477 2014 4518 8.
2047 4475 2108 4518 ad
2130 4476 2205 4518 8¹¹¹.
2229 4475 2372 4527 Puto,
2402 4478 2634 4519 auctores
2661 4488 2838 4530 suppo-

366 4558 503 4600 nere,
534 4547 772 4599 alterum,
801 4556 1015 4600 quocum
1048 4544 1288 4585 innocens
1308 4547 1383 4585 est
1409 4540 1760 4594 conflicturus,
1779 4554 1883 4586 esse
1903 4553 2083 4585 verum
2104 4553 2460 4597 aggressorem,
2479 4545 2530 4585 et
2550 4543 2834 4586 sententiae

366 4613 576 4668 capitali
605 4624 813 4657 caueam
842 4611 1035 4655 dedisse
1065 4612 1117 4654 et
1145 4620 1416 4663 provocare
1442 4608 1509 4651 ad
1537 4606 1785 4652 duellum.
1807 4609 1865 4653 E.
