3497 5147
668 314 776 369 626
1123 324 1334 366 rnnc‘r.
1363 326 1441 365 νῐ.
1469 324 1630 365 sao-r.
1660 324 1713 364 v.
1740 324 1826 363 nn
1850 323 2079 371 Qum-ro
2103 324 2322 367 Panno.
2349 322 2660 365 vacuom
2989 310 3135 385 [849]

668 426 856 507 prout
892 424 1104 488 subest
1139 421 1265 506 legi
1297 423 1359 485 et
1391 423 1578 503 prout
1609 420 1682 484 de
1714 440 1787 486 eo
1812 421 1986 502 loqui
2011 420 2213 486 solent
2243 422 2544 496 homines,
2577 438 2720 485 cum
2750 420 3133 485 moralitatis

664 528 972 592 rationem
1016 525 1267 602 habent,
1308 526 1403 589 est
1441 523 1676 588 iniusta
1722 523 1991 587 hominis
2032 523 2276 589 occisio.
2311 523 2652 589 Identidem
2701 524 2766 587 et
2811 523 2978 605 apud
3007 542 3138 588 mo-

662 628 824 692 rales
872 627 1192 711 primitiva
1239 625 1613 710 significatio
1661 627 1999 708 comparet,
2039 627 2113 689 ut
2159 624 2559 689 homicidium
2604 622 2875 689 casuale.
2910 625 2945 662 '⁸‘

753 731 834 794 Et
870 730 1120 811 quidem
1167 729 1475 811 quatenus
1509 727 1604 791 est
1642 727 2007 811 negativum
2055 729 2471 811 praeceptum,
2506 726 2802 811 primario
2850 726 3138 809 prohibet

663 834 965 898 iniustam
1000 831 1388 896 occisionem.

754 936 787 972 *
823 936 983 999 Cum
1030 954 1078 997 s.
1114 933 1387 998 Thomas
1425 932 1481 995 1.
1519 934 1577 995 2.
1614 951 1673 1014 q.
1714 932 1861 996 100.
1896 951 1951 996 a.
1989 934 2050 996 8.
2086 933 2339 998 dixisset
2392 958 2428 991 «
2461 933 2788 1015 praecepta
2834 930 3134 996 secundae

661 1038 917 1101 tabulae
950 1036 1263 1101 continere
1302 1034 1574 1099 ordinem
1614 1034 1897 1098 iustitiae
1943 1035 2106 1099 ‘mter
2136 1036 2417 1100 homines
2452 1034 2886 1111 observandae,
2920 1036 2995 1096 ut
3024 1034 3136 1097 sci-

662 1139 809 1203 licet
856 1138 1012 1201 nulli
1061 1137 1176 1201 fiat
1220 1136 1565 1201 indebitum
1612 1136 1677 1200 et
1721 1136 1979 1201 cuilibet
2013 1138 2320 1202 reddatur
2366 1136 2646 1201 debitum
2678 1160 2739 1213 »,
2773 1153 2919 1200 mox
2957 1135 3034 1198 ad
3068 1135 3129 1198 3.

665 1241 755 1305 sic
800 1241 873 1303 de
907 1239 1238 1304 homicidio
1286 1239 1600 1321 loquitur:
1648 1263 1683 1296 «
1717 1238 1955 1304 Occisio
2002 1240 2272 1304 hominis
2305 1239 2670 1322 prohibetur
2705 1239 2770 1302 in
2801 1238 3011 1301 Decal.
3047 1256 3135 1301 se-

663 1344 934 1406 cundum
984 1342 1147 1431 quod
1195 1342 1385 1405 habet
1430 1342 1737 1406 rationem
1775 1341 2066 1418 indebiti3
2109 1342 2197 1406 sic
2229 1343 2392 1406 enim
2424 1341 2821 1425 praeceptum
2857 1339 3134 1405 continet

662 1445 863 1528 ipsam
888 1446 1197 1508 rationem
1221 1443 1501 1507 iustitiae
1526 1467 1587 1506 ».
1616 1442 1793 1507 Unde
1817 1443 2177 1509 Filliuccius
2202 1447 2281 1510 tr.
2303 1446 2407 1509 29.
2436 1464 2487 1508 c.
2512 1445 2567 1507 1.
2591 1464 2649 1508 n.
2677 1444 2733 1508 1.
2752 1443 2863 1521 ait,
2888 1460 3132 1507 omnem

662 1548 728 1610 et
758 1546 931 1609 illam
966 1545 1165 1611 solam
1202 1544 1568 1609 occisionem
1592 1544 1925 1627 prohiberi,
1960 1565 2118 1627 quae
2142 1547 2239 1611 est
2275 1547 2493 1611 contra
2524 1546 2831 1610 rationem
2864 1545 2927 1608 et
2957 1543 3133 1607 iusti-

661 1648 847 1721 tiam;
884 1649 945 1710 et
984 1666 1130 1710 sane
1162 1647 1280 1711 hoc
1312 1648 1709 1728 praeceptum
1742 1648 1838 1711 est
1869 1647 2024 1711 iuris
2056 1648 2390 1713 naturalis:
2427 1648 2497 1712 at
2525 1648 2624 1712 ius
2656 1647 2945 1712 naturale
2976 1646 3133 1709 nihil

662 1750 834 1813 aliud
882 1749 996 1823 est,
1046 1768 1236 1830 quam
1282 1749 1451 1812 recta
1498 1748 1661 1812 ratio
1709 1750 1774 1811 et
1820 1749 2066 1812 iustitia
2098 1775 2158 1813 ».

748 1852 887 1915 Non
915 1852 1120 1934 placet
1143 1852 1355 1915 autem
1378 1850 1670 1927 formula,
1689 1870 1814 1933 qua
1838 1851 1996 1915 hanc
2018 1852 2497 1935 prohibitionem
2523 1850 2824 1935 expressit
2839 1850 3132 1914 Valentia

660 1957 815 2017 tom.
853 1956 913 2016 3.
950 1952 1106 2036 disp.
1143 1954 1203 2016 8.
1239 1974 1310 2035 pe
1338 1954 1395 2015 1.
1432 1954 1549 2016 art.
1584 1954 1646 2015 3.
1687 1976 1723 2011 «
1755 1952 1993 2018 Occisio
2040 1954 2310 2019 hominis
2348 1972 2420 2018 ea
2457 1953 2699 2018 ratione
2745 1952 2992 2035 proprie
3036 1955 3133 2016 est

659 2054 902 2129 illicita,
945 2053 1110 2134 quod
1160 2072 1265 2135 per
1311 2072 1447 2117 eam
1487 2054 1767 2136 privetur
1813 2056 2000 2120 homo
2048 2056 2182 2120 vita
2228 2056 2524 2121 rationali
2569 2056 2788 2119 contra
2822 2054 3131 2119 rationem

660 2160 726 2221 et
764 2156 1157 2220 voluntatem
1202 2174 1383 2220 suam
1429 2159 1686 2233 rectam,
1736 2176 1862 2239 qua
1908 2158 2064 2222 velit
2110 2159 2222 2221 aut
2267 2158 2424 2222 velle
2472 2158 2671 2241 possit
2716 2175 2781 2222 se
2828 2157 3035 2221 vivere
3067 2180 3128 2219 ».

659 2259 844 2336 Nam,
874 2258 989 2322 etsi
1024 2278 1170 2323 vera
1194 2259 1278 2323 sit
1310 2260 1461 2323 haec
1484 2258 1785 2336 definitio,
1811 2260 1864 2323 si
1888 2260 2007 2324 rite
2035 2260 2448 2344 intelligatur,
2474 2261 2539 2324 in
2564 2278 2636 2325 eo
2661 2261 2872 2324 tamen
2896 2262 3129 2343 peccat,

659 2362 826 2445 quod
875 2381 997 2427 non
1042 2361 1108 2426 in
1156 2362 1371 2445 aperto
1434 2364 1627 2445 ponat
1687 2361 2163 2427 fundamentum
2224 2362 2568 2427 illiceitatis
2624 2362 3129 2444 occasionemque

659 2466 949 2549 praebere
998 2450 1196 2548 possit
1244 2464 1410 2528 aliud
1462 2464 1798 2528 statuendi.
1833 2464 2066 2528 Illicita
2096 2465 2263 2529 enim
2300 2467 2394 2530 est
2431 2466 2582 2530 haec
2620 2464 2805 2543 actio,
2839 2465 2984 2546 quia
3032 2465 3128 2528 est

656 2567 926 2634 iniusta:
978 2567 1213 2632 iniusta
1260 2586 1442 2650 porro
1490 2569 1605 2644 est,
1640 2566 1788 2648 quia
1819 2566 1915 2631 est
1960 2568 2177 2632 contra
2223 2567 2355 2646 ius;
2405 2568 2504 2633 ius
2550 2586 2696 2633 vero
2729 2568 3000 2650 primum
3031 2568 3129 2631 est

656 2671 865 2753 ipsum
897 2670 996 2734 ius
1028 2668 1263 2733 domini
1296 2669 1480 2744 vitae,
1507 2669 1617 2751 qui
1640 2671 1737 2734 est
1762 2670 1949 2747 DeuS,
1986 2689 2107 2735 non
2141 2671 2326 2735 homo
2360 2672 2473 2735 aut
2504 2671 2636 2736 eius
2658 2670 2758 2734 vel
2781 2669 3127 2734 rectissima

660 2773 975 2836 voluntas.
1008 2771 1043 2808 *

748 2871 1121 2937 Secundario
1169 2875 1485 2956 praeterea
1530 2872 1894 2956 prohibetur
1940 2874 2241 2957 quidquid
2289 2875 2716 2940 antecedenter
2763 2875 2863 2940 vel
2907 2893 3125 2940 conco-

658 2975 958 3038 mitanter
1003 2976 1314 3040 concurrit
1361 2975 1439 3040 ad
1484 2978 1754 3040 mortem
1799 2976 2200 3051 inferendam,
2234 2996 2343 3041 seu
2389 2978 2742 3062 generalius
2790 2978 2991 3042 omnis
3038 2977 3125 3041 in-

658 3077 825 3142 iusta
861 3078 1051 3142 laesio
1094 3078 1431 3161 corporalis
1464 3097 1781 3160 personae,
1815 3078 1888 3142 ut
1935 3079 2379 3161 percussioneS,
2414 3079 2895 3158 vulnerationes,
2933 3079 3126 3143 muti-

658 3181 943 3258 lationoS,
984 3181 1498 3246 incarcerationes
1537 3181 1653 3244 etc.

748 3281 1068 3361 Quatenus
1100 3284 1195 3348 est
1225 3283 1584 3347 virtualiter
1613 3281 1976 3365 positivum,
2010 3283 2312 3367 praecipit
2357 3283 2524 3348 vitae
2571 3285 3120 3350 conservationem.

746 3379 924 3454 849.
954 3382 1277 3450 Claritatis
1301 3384 1509 3469 gratia
1535 3383 1946 3468 distinguitur
1969 3385 2376 3449 homicidium
2399 3384 2825 3449 voluntarium
2841 3384 3124 3469 (physice

656 3488 755 3551 vel
802 3488 1127 3551 mora-liter
1172 3507 1281 3553 seu
1330 3486 1583 3572 physico
1630 3488 1729 3551 vel
1775 3487 2000 3552 morali
2055 3487 2292 3552 influxu
2352 3487 2695 3572 intentum)
2743 3490 2806 3552 et
2851 3487 3117 3566 casuale,

655 3591 821 3672 quod
870 3591 1153 3673 sequitur
1201 3590 1477 3672 aliquam
1524 3589 1832 3655 actionem
1865 3590 1964 3655 vel
1996 3590 2393 3656 omissionem
2438 3593 2682 3672 praeter
2717 3591 3123 3656 intentionem

656 3695 870 3774 estque
912 3694 1006 3756 vel
1043 3713 1207 3756 mere
1238 3691 1487 3757 casuale
1519 3692 1617 3757 vel
1655 3692 1904 3758 casuale
1940 3693 2226 3768 mixtum,
2261 3693 2471 3774 prouti
2503 3693 2847 3777 praevideri
2877 3696 3125 3778 poterat

656 3795 751 3856 vel
800 3814 942 3857 non.

744 3896 984 3960 Rursus
1032 3896 1445 3982 distinguitur
1489 3897 1555 3961 in
1586 3898 1890 3962 directum
1927 3896 1991 3959 et
2026 3894 2417 3975 indirectam,
2457 3900 2669 3982 prouti
2700 3900 2799 3964 vel
2832 3919 2940 3984 per
2968 3921 3033 3966 se
3064 3906 3126 3965 et

648 3997 1002 4062 {nr-mediate
1032 3999 1400 4077 intenditur,
1437 4000 1535 4065 vel
1581 4000 1644 4064 in
1694 4017 1904 4075 causa,
1944 4017 2016 4061 ex
2062 4016 2186 4080 qua
2232 3999 2455 4064 saltem
2502 4002 2910 4084 probabiliter
2954 4022 3121 4070 secu-

646 4103 863 4165 turum
914 4103 1327 4185 praevidetur,
1369 4103 1465 4166 uti
1515 4103 1568 4165 si
1615 4102 1756 4183 quis
1804 4102 2247 4185 praegnantem
2295 4105 2624 4186 percutiat.

738 4203 866 4267 Nos
915 4205 1090 4269 iuxta
1138 4204 1373 4269 tradita
1422 4204 1486 4266 in
1533 4206 1612 4267 tr.
1662 4202 1737 4266 dc
1769 4202 2040 4268 Actibus
2079 4203 2421 4283 Humanis,
2468 4206 2543 4271 de
2581 4206 2978 4287 Voluntario,
3028 4209 3120 4273 ita

652 4306 1097 4386 distinguimus
1131 4306 1535 4371 homicidium
1567 4305 2014 4384 voluntarium,
2050 4310 2122 4371 ut
2165 4307 2232 4370 1⁰
2271 4308 2439 4372 aliud
2472 4309 2558 4374 sit
2585 4309 2908 4388 directwn,
2951 4311 3120 4377 aliud

653 4408 1025 4470 indireefiune
1048 4428 1070 4473 .·
1096 4408 1251 4472 illud
1280 4409 1393 4485 est,
1419 4408 1585 4490 quod
1617 4410 1714 4473 est
1746 4428 1782 4472 a
1807 4409 2132 4475 voluntate
2164 4411 2429 4493 positive
2455 4414 2767 4495 operante,
2795 4413 2930 4493 hoc,
2957 4415 3122 4496 quod

652 4512 908 4573 eatenus
955 4512 1051 4573 est
1099 4530 1135 4573 a
1181 4510 1529 4591 voluntate,
1569 4514 1876 4595 quatenus
1924 4513 2059 4597 ipsa
2099 4533 2279 4599 agere
2327 4514 2569 4579 omittit
2607 4515 2772 4598 quod
2801 4518 3011 4600 potest
3059 4521 3124 4584 et
