3497 5147
686 345 794 403 772
846 359 1058 401 mor.
1079 357 1342 400 v1.s1³=0r.
1363 359 1444 400 vr.
1464 357 1551 398 nn
1574 353 1766 397 sano
1791 355 1869 394 m
1891 353 2056 396 nouo
2079 354 2299 396 Panno.
2316 352 2643 396 nncnnoor.
2670 353 2814 395 mm.
2836 354 2918 396 1v.
2957 338 3138 413 [10431

683 456 1018 521 secundum
1041 455 1365 532 rationem,
1393 455 1488 519 est
1510 452 1893 517 abstinentia·
1915 451 2018 533 (ad
2045 471 2234 534 quam
2259 451 2522 516 refertur
2545 453 2610 515 et
2630 451 2954 528 sobrietas,
2981 472 3139 534 quae

683 560 778 624 est
825 559 984 623 circa
1030 559 1243 642 potus)
1290 558 1377 641 (q.
1432 557 1637 640 146.):
1678 557 1866 639 prout
1911 554 2180 618 refrenat
2225 554 2537 619 hominem
2586 554 2663 617 ab
2710 553 3140 619 immoderatis

680 660 1193 726 delectationibus
1230 660 1458 737 tactus⁹
1493 660 1587 724 est
1618 658 1875 723 castitas
1905 657 1992 739 (q.
2032 657 2230 739 131.).

768 761 1063 836 Castitas,
1098 782 1256 844 quae
1281 780 1319 826 a
1341 761 1772 846 castigatione,
1799 759 2327 842 concupiscentiae
2350 758 2604 835 scilicet,
2636 758 2802 823 dicta
2833 761 3134 835 censetur,

679 866 963 928 versatur
993 865 1153 928 circa
1191 881 1479 927 venereas
1514 862 1869 945 voluptates
1906 862 1970 925 et
1999 862 2198 925 virtus
2231 863 2344 936 est,
2384 879 2543 942 quae
2575 861 2854 926 animum
2886 861 3136 926 cohibet

678 968 758 1054 ab
792 966 1035 1030 illicitis
1071 966 1523 1049 voluptatibus
1549 984 1623 1029 ne
1662 965 1802 1047 plus
1835 963 1963 1029 sive
1993 962 2198 1038 modo,
2232 963 2361 1028 sive
2393 964 2550 1041 loce,
2584 963 2715 1027 sive
2748 965 3026 1046 tempore
3057 964 3133 1027 iis

677 1073 951 1144 utamur,
1007 1073 1249 1154 praeter
1294 1069 1741 1153 praescriptum
1788 1068 2049 1132 rationis
2105 1067 2400 1132 ordinem.
2449 1066 2683 1132 Idcirco
2732 1068 2796 1130 et
2842 1067 3135 1149 coniuges

676 1173 833 1237 casti
866 1191 995 1236 esse
1034 1175 1293 1255 possunt
1340 1192 1410 1236 ac
1456 1172 1696 1244 debent,
1746 1189 1889 1234 cum
1939 1170 2016 1233 ab
2061 1169 2297 1233 illicitis
2330 1169 2446 1233 sibi
2485 1168 2917 1251 voluptatibus
2950 1170 3135 1234 absti-

676 1275 883 1351 neant,
918 1276 1190 1340 contenti
1221 1277 1469 1339 tantum
1502 1274 1598 1349 iis,
1639 1291 1795 1356 quas
1844 1273 2049 1336 status
2094 1270 2575 1335 matrimonialis
2613 1271 2924 1335 concedit:
2974 1291 3130 1354 (11136

675 1377 773 1440 est
802 1377 1060 1441 castitas
1091 1377 1454 1461 coniugalis.
1490 1376 1765 1441 Castitas
1812 1375 2002 1459 vulgo
2049 1373 2458 1459 distinguitur
2505 1373 2570 1438 in
2601 1373 3024 1455 imperfectam
3068 1378 3136 1439 et

662 1477 1025 1559 perfectam.
1077 1480 1195 1543 Illa
1242 1480 1354 1552 est,
1405 1499 1593 1561 quam
1640 1477 1824 1541 modo
1871 1475 2158 1551 dimne,
2207 1495 2332 1557 qua
2377 1476 2564 1540 homo
2620 1495 2683 1540 se
2730 1477 3006 1540 continet
3051 1477 3129 1540 ab

674 1579 919 1644 illicitis
955 1582 1072 1646 sibi
1103 1582 1569 1664 voluptatibus:
1618 1582 1770 1644 haec
1807 1580 1920 1654 est,
1954 1598 2113 1661 quae
2160 1578 2238 1642 ab
2277 1578 2561 1643 omnibus
2601 1578 2801 1642 carnis
2840 1579 3131 1661 volupta-

672 1683 842 1748 tibus
866 1685 1057 1749 etiam
1074 1685 1535 1760 hominilicitiS,
1562 1683 1907 1749 cuiusmodi
1933 1682 2157 1746 suntin
2185 1681 2496 1765 coniugiO,
2513 1683 2811 1764 perpetuo
2840 1683 3129 1760 abstinet,

672 1785 833 1850 unde
871 1790 933 1851 et
981 1788 1269 1851 affectum
1316 1787 1675 1870 nuptiarum
1707 1783 1996 1850 excludit.
2046 1784 2260 1860 Porr0‚
2310 1784 2386 1848 ut
2428 1784 2556 1847 iam
2603 1784 2981 1860 monuimus,
3031 1804 3134 1850 vo-

672 1889 809 1952 tum
869 1891 1199 1964 castitatis⁹
1256 1893 1642 1955 reservatum
1688 1908 1768 1953 ss.
1826 1887 2133 1964 Pontifici,
2183 1891 2278 1952 est
2323 1891 2543 1952 votum
2590 1888 2776 1952 huius
2825 1888 3130 1972 perfectae

671 1993 1001 2057 castitatis,

758 2093 1110 2174 Pudicitia,
1145 2117 1181 2162 a
1213 2097 1444 2182 pudore
1478 2096 1663 2170 dicta,
1701 2097 1986 2160 versatur
2018 2095 2179 2160 circa
2210 2114 2303 2172 ea,
2336 2094 2409 2158 de
2441 2094 2665 2177 quibus
2689 2094 2971 2160 homines
3004 2116 3129 2161 ma-

668 2197 829 2278 xime
862 2199 1370 2272 verecundantur,
1409 2199 1516 2280 qui
1564 2200 1713 2262 sunt
1762 2200 1937 2262 actus
1975 2196 2244 2261 venerei:
2277 2196 2538 2277 ideoque
2567 2195 2920 2278 frequenter
2951 2217 3132 2282 syno—

668 2300 837 2363 nima
870 2304 964 2365 est
995 2302 1326 2366 castitatis.
1361 2301 1559 2365 Prout
1590 2319 1735 2365 vero
1777 2300 1853 2363 ab
1890 2300 2004 2363 hac
2042 2298 2472 2382 distinguitur,
2507 2297 2806 2381 pudicitia
2843 2302 3127 2365 versatur

666 2403 909 2486 proprie
934 2404 1094 2468 circa
1114 2404 1292 2488 signa
1314 2421 1732 2480 venereorum,
1753 2405 1826 2465 ut
1849 2403 1996 2465 sunt
2021 2402 2304 2483 aspectus
2326 2399 2643 2483 impudici,
2668 2402 2900 2479 oscula,
2920 2405 3126 2468 tactus

666 2505 730 2568 et
761 2506 1105 2589 generatim
1137 2505 1297 2569 circa
1331 2506 1506 2568 actus
1532 2507 1814 2568 externos
1847 2521 2159 2581 venereos;
2195 2503 2453 2566 castitas
2472 2503 2682 2567 autem
2714 2503 2871 2568 circa
2912 2523 3119 2569 omnes

667 2607 842 2671 actus
891 2608 1017 2671 sive
1065 2609 1346 2671 externos
1384 2607 1512 2670 sive
1559 2606 1854 2670 internos,
1903 2605 2105 2669 Aliter
2135 2605 2590 2688 quodammodo
2638 2626 2687 2670 e.
2723 2606 2996 2672 Thomas
3041 2607 3126 2671 di-

666 2709 935 2793 stinguit
966 2729 1024 2791 q.
1064 2708 1211 2770 151.
1246 2728 1301 2771 a.
1343 2708 1404 2771 4.
1439 2727 1622 2790 (1116111
1655 2708 1731 2773 cf.
1767 2709 1871 2772 sis,

759 2804 970 2879 1043.
1010 2807 1338 2875 Castitatis
1377 2810 1598 2891 virtuS,
1639 2830 1760 2875 non
1793 2830 1968 2875 secus
2000 2830 2071 2875 ac
2103 2811 2226 2874 alia
2264 2810 2577 2893 quaelibet
2607 2812 2810 2876 virtus
2845 2814 3118 2889 moraliS,

662 2911 727 2973 in
760 2912 966 2975 animo
1006 2912 1101 2973 est
1138 2912 1199 2975 et
1231 2914 1325 2975 est
1354 2914 1742 2997 propositum
1776 2914 2014 2977 certum
2053 2914 2115 2977 et
2147 2915 2440 2978 constans
2480 2913 2749 2977 hominis
2782 2919 3025 2980 castum
3057 2935 3119 2980 se

664 3012 981 3077 servandi:
1019 3011 1326 3078 obiectum
1366 3035 1509 3080 vero
1543 3017 1674 3081 eius
1707 3017 1803 3080 est
1847 3016 1911 3077 in
1944 3034 2197 3099 corpore
2243 3034 2353 3079 seu
2400 3015 2462 3079 in
2508 3015 2685 3097 parte
2732 3016 2989 3081 animali
3019 3019 3124 3082 ho·

662 3116 867 3189 minis,
888 3117 953 3180 et
967 3115 1213 3198 quidem
1239 3118 1567 3196 obiectum,
1594 3120 1763 3183 cirea
1785 3117 1952 3199 quod
1974 3120 2255 3183 versatur
2277 3119 2498 3195 virtuS,
2518 3118 2666 3181 sunt
2681 3117 3117 3184 delectationes

662 3237 972 3291 venereae,
1010 3218 1314 3285 obiectum
1340 3222 1508 3303 quod
1534 3220 1804 3286 intendit
1842 3222 1904 3284 et
1935 3220 2103 3296 facit,
2131 3222 2224 3285 est
2249 3219 2470 3284 modus
2501 3220 2565 3286 in
2598 3240 2715 3285 usu
2749 3240 2984 3301 earum,
3012 3242 3115 3288 seu

657 3318 989 3386 refrenatio
1023 3322 1101 3386 ab
1130 3323 1385 3388 illicitis.
1421 3322 1591 3403 Quae
1622 3322 1953 3388 refrenatio
1987 3343 2108 3388 non
2147 3322 2209 3386 id
2249 3322 2530 3405 postulat
2563 3325 2636 3386 ut
2667 3325 2880 3388 motus
2913 3325 3118 3390 huius-

658 3423 828 3487 modi
860 3425 1175 3489 sensibiles
1213 3445 1334 3491 non
1374 3427 1738 3511 exsurgant;
1774 3425 1837 3490 id
1877 3425 2059 3503 enim,
2097 3425 2448 3507 frequenter
2480 3426 2723 3504 saltem,
2759 3444 2882 3491 non
2917 3432 3011 3492 est
3053 3427 3114 3491 111

656 3527 872 3590 nostra
897 3529 1235 3610 potestate:
1270 3528 1374 3592 sed
1404 3528 1467 3592 in
1501 3547 1571 3592 eo
1606 3529 1701 3592 est
1724 3528 1848 3592 sita
1887 3530 1960 3592 ut
1990 3547 2100 3593 nec
2131 3545 2234 3591 eas
2273 3526 2537 3591 velimus
2575 3547 2685 3593 1166
2715 3528 2779 3591 111
2813 3528 2901 3593 eis
2935 3530 3122 3595 libere

657 3628 1052 3694 delectemur.

746 3730 1049 3796 Perfectio
1075 3733 1326 3796 virtutis
1351 3733 1663 3798 castitatis
1695 3732 1854 3814 (sive
1880 3751 1951 3795 ea
1968 3733 2071 3810 sit,
2090 3751 2279 3815 quam
2305 3731 2641 3815 perfectam
2675 3731 2965 3801 diximus,
2993 3734 3117 3799 sive

658 3850 847 3914 quam
893 3833 1344 3917 imperfectam)
1383 3835 1639 3908 obtinet,
1687 3853 1830 3899 cum
1855 3836 2160 3918 prompte,
2209 3832 2391 3899 facile
2436 3836 2500 3899 et
2535 3834 2798 3900 libenter
2845 3836 3114 3902 abstinet

657 3934 844 3999 homo
878 3955 915 3998 a
947 3936 1216 4000 venereis
1246 3937 1484 4001 illicitis
1515 3936 2030 4001 delectationibus
2061 3955 2170 4001 nec
2201 3936 2426 4001 harum
2462 3937 2689 4003 idcirco
2723 3939 3113 4004 vehementes

657 4038 866 4103 motus
898 4039 960 4103 in
995 4057 1175 4103 sensu
1208 4040 1426 4122 sponte
1456 4039 1818 4123 insurguntt
1852 4039 2275 4115 nihilominus,
2309 4040 2607 4121 quoniam
2638 4040 2915 4106 stadium
2948 4060 3116 4125 prae·

657 4158 794 4205 sens
826 4144 920 4204 est
956 4160 1200 4224 pugnae
1248 4144 1311 4203 et
1356 4142 1885 4224 concupiscentiae
1916 4141 2078 4225 ignis
2125 4160 2445 4224 nunquam
2483 4142 2664 4225 plane
2697 4144 3115 4228 exstinguitur

658 4244 844 4324 atque
878 4242 1264 4306 adversarius
1290 4244 1498 4307 noster
1534 4243 1754 4306 circuit
1790 4261 2088 4324 quaerens
2120 4263 2303 4325 quem
2337 4243 2610 4319 devoret,
2662 4263 2785 4310 non
2833 4264 2977 4310 raro
3022 4245 3116 4322 fit,

657 4345 731 4407 ut
784 4345 862 4408 ab
909 4345 1244 4409 extrinseco
1300 4346 1431 4407 tam
1492 4344 1882 4407 vehementes
1935 4346 2278 4410 excitentur
2331 4347 2543 4411 motus
2599 4347 2663 4410 in
2716 4348 3002 4431 appetitu
3054 4350 3117 4412 et

655 4446 1005 4530 phantasia,
1032 4450 1106 4511 ut
1128 4446 1673 4510 exercitatissimus
1689 4464 1934 4527 quoque
1955 4447 2019 4510 in
2044 4448 2280 4511 virtute
2307 4447 2745 4512 difficultatem
2769 4467 2892 4513 non
2916 4450 3111 4514 levem

657 4547 1025 4629 experiatur,
1052 4547 1169 4609 nisi
1195 4546 1272 4609 ad
1298 4546 1598 4611 auxilium
1623 4547 1734 4611 Dei
1756 4550 1820 4612 et
1842 4549 2257 4632 patrocinium
2281 4550 2354 4614 B.
2383 4550 2460 4615 V.
2486 4551 2793 4616 ferventer
2816 4556 3114 4618 recurrat.
