3497 5147
756 330 863 384 224
1127 345 1339 386 macr.
1382 347 1458 387 v1.
1500 345 1660 387 sacr.
1703 351 1739 389 1.
1778 347 1864 387 DE
1900 346 2091 388 pruno
2128 346 2486 388 Priamum-o
2524 345 2835 387 uncam&
3072 332 3208 408 [305]

755 444 851 505 est
896 441 976 516 id,
1006 442 1103 505 cui
1154 442 1426 519 affertur,
1463 443 1593 506 scil.
1631 444 1820 518 Deua,
1854 444 1954 507 cui
2000 443 2209 508 cultus
2256 444 2598 519 exhibetur,
2647 461 2770 507 non
2801 443 2970 524 quod
3018 445 3207 520 actuS,

755 543 981 624 quibus
1016 544 1181 607 Deus
1214 544 1459 621 colitur,
1494 545 1699 628 ipsum
1734 547 1934 609 Deum
1968 545 2306 629 attingant,
2342 544 2505 609 sicut
2551 564 2694 608 cum
2728 544 3036 610 credimus
3069 547 3208 622 Deo,

755 644 1051 709 credendo
1104 646 1300 709 Deum
1350 647 1741 731 attingimus.
1791 648 2053 730 Propter
2099 647 2261 729 quod
2312 646 2551 712 dictum
2606 646 2787 722 est,...
2836 646 3006 728 quod
3053 648 3210 711 Deus

755 748 850 811 est
895 746 1038 811 fidei
1095 748 1423 825 obiectum,
1472 769 1594 814 non
1655 751 1862 815 solum
1921 750 2289 831 inquantum
2349 748 2654 813 credimus
2701 750 2923 825 Deum,
2973 750 3081 813 sed
3124 750 3208 813 in-

753 851 1062 930 quantum
1087 850 1391 915 credimus
1426 852 1575 915 Deo.
1600 851 1875 916 Affertur
1899 854 2109 916 autem
2143 853 2272 916 Deo
2299 851 2544 915 debitus
2577 851 2806 928 01111113,
2840 852 3204 933 inquantum

752 953 931 1015 actus
978 953 1251 1034 quidam,
1301 953 1527 1034 quibus
1576 955 1742 1018 Deus
1789 954 2035 1032 colitur,
2084 954 2150 1018 in
2197 954 2313 1017 Dei
2374 954 2785 1018 reverentiam
2829 953 3010 1031 fiunt,
3061 958 3206 1036 puta

752 1056 1195 1121 sacrificiorum
1244 1058 1478 1122 oblatio
1526 1061 1589 1122 et
1635 1058 1760 1122 alja
1807 1057 2183 1122 huiusmodi.
2221 1057 2395 1123 Unde
2441 1058 2845 1123 manifestum
2883 1059 2998 1136 est,
3048 1058 3203 1140 quod

749 1156 929 1222 Deus
974 1179 1100 1222 non
1145 1163 1544 1239 comparatur
1587 1158 1677 1223 ad
1708 1160 2000 1223 virtutem
2040 1159 2369 1241 reliyionis
2412 1160 2577 1223 sicut
2619 1159 2888 1222 materia
2918 1159 3014 1222 vel
3058 1159 3208 1222 obie-

750 1263 936 1334 ctum,
961 1259 1075 1324 sed
1114 1263 1279 1325 sicut
1321 1262 1492 1341 fim's.
1525 1262 1608 1325 Et
1649 1263 1788 1327 ideo
1835 1263 2055 1347 religio
2086 1281 2209 1327 non
2241 1263 2337 1326 est
2381 1262 2582 1326 virtus
2629 1262 2999 1345 theologica,
3032 1262 3205 1325 cuius

753 1362 1062 1427 obiectum
1109 1365 1204 1427 est
1235 1363 1498 1427 ultimus
1530 1364 1691 1440 finis,
1725 1364 1832 1428 sed
1864 1366 1960 1428 est
1995 1365 2195 1429 virtus
2232 1362 2515 1437 walia,
2548 1364 2725 1428 cuius
2764 1365 2861 1427 est
2889 1382 3021 1427 esse
3051 1363 3206 1427 circa

751 1482 843 1543 ea,
892 1484 1050 1547 quae
1096 1465 1245 1529 sunt
1281 1465 1358 1529 ad
1390 1465 1575 1530 finem
1604 1492 1664 1529 2».
1706 1465 1964 1530 Summa
2002 1469 2123 1531 est:
2172 1465 2236 1529 in
2276 1466 2618 1531 virtutibus
2651 1465 3022 1549 theologicis
3057 1466 3209 1530 obie-

750 1566 922 1631 ctum
970 1569 1290 1633 materiale
1338 1570 1540 1633 Deum
1573 1588 1730 1645 esse;
1780 1569 2099 1654 religionis
2132 1569 2343 1633 autem
2375 1568 2699 1633 materiale
2747 1568 3061 1633 obiectum
3094 1589 3204 1633 non

750 1670 847 1732 est
896 1670 1080 1734 Deua.

840 1770 905 1835 Si
953 1776 1163 1836 autem
1209 1774 1428 1857 religio
1476 1775 1677 1839 virtus
1709 1778 1806 1839 est
1850 1775 2127 1851 moralis,
2160 1774 2500 1838 difficultas
2549 1774 2768 1849 oritur,
2807 1774 3123 1855 quomodo
3154 1774 3207 1838 ei

749 1877 1064 1957 competat
1094 1877 1259 1957 quod
1292 1877 1547 1941 virtutis
1575 1878 1834 1942 moralis
1864 1878 2183 1960 proprium
2215 1879 2329 1953 est,
2357 1876 2418 1938 h.
2444 1895 2495 1940 0.
2522 1875 2730 1939 tenere
2750 1875 3028 1940 medium
3053 1877 3208 1939 inter

749 1976 1132 2058 superfluum
1178 1980 1241 2041 et
1285 1978 1684 2051 diminutum,
1732 1999 1919 2061 quam
1959 1979 2394 2043 difficultatem
2431 1976 2621 2043 solvit
2657 1995 2704 2041 s.
2740 1977 3015 2041 Thomas
3063 1977 3206 2041 ibid.

749 2078 826 2142 ad
859 2078 945 2140 3¹¹¹
983 2078 1286 2159 inquiens
1326 2079 1493 2161 quod
1536 2105 1571 2138 α
1601 2080 1876 2146 111οᾱ111111
1920 2082 1985 2145 111
2032 2082 2168 2163 ipsa
2215 2080 2534 2163 accipitur,
2584 2098 2706 2144 non
2752 2078 3005 2161 quidem
3053 2080 3206 2144 inter

743 2179 1059 2262 passiones
1090 2179 1282 2261 (sicut
1313 2182 1377 2244 in
1411 2182 1551 2245 aliis
1583 2183 1925 2247 virtutibus
1956 2184 2346 2266 moralibus),
2383 2182 2488 2246 sed
2520 2181 2858 2247 secundum
2892 2182 3205 2264 quandam

743 2282 1186 2363 aequalitatem
1209 2283 1372 2347 inter
1404 2285 1814 2366 operationeS,
1840 2305 2000 2367 quae
2030 2287 2178 2349 sunt
2210 2286 2289 2349 ad
2321 2286 2542 2350 Deum.
2570 2285 2723 2349 Dico
2750 2284 2963 2356 autem
2984 2304 3208 2365 aequa-

746 2381 1005 2460 litatem,
1039 2403 1161 2449 non
1194 2386 1512 2459 absolute3
1548 2387 1695 2469 quia
1726 2389 1858 2451 Deo
1895 2406 2020 2452 non
2050 2389 2258 2471 potest
2286 2388 2539 2451 tantum
2570 2386 2860 2462 exhiberi,
2901 2389 3210 2468 quantum

745 2487 800 2551 ei
825 2487 1108 2552 debetur:
1137 2487 1241 2551 sed
1264 2488 1602 2553 secundum
1625 2489 1938 2570 quandam
1963 2490 2517 2555 considerationem
2540 2490 2850 2553 humanae
2880 2488 3209 2553 facultatis

746 2592 810 2655 et
855 2591 1099 2655 divinae
1146 2593 1606 2675 acceptationis.
1656 2592 2053 2676 Superfluum
2099 2596 2312 2658 autem
2355 2593 2420 2656 in
2467 2593 2586 2666 his,
2634 2609 2794 2674 quae
2842 2592 2921 2657 ad
2966 2593 3208 2657 cultum

743 2692 1024 2756 divinum
1070 2694 1398 2775 pertinent,
1449 2714 1579 2759 esse
1617 2696 1842 2778 potest,
1877 2716 1999 2762 non
2031 2696 2370 2762 secundum
2415 2695 2953 2761 circumstantiam
2988 2696 3208 2777 quanti

742 2794 935 2874 (ratio
983 2797 1078 2859 est
1130 2796 1401 2861 indicata
1463 2800 1654 2881 mox),
1705 2799 1811 2862 sed
1873 2798 2211 2864 secundum
2267 2799 2422 2862 alias
2478 2797 3005 2872 circumstantiae,
3059 2801 3210 2880 puta

742 2897 891 2977 quia
938 2898 1144 2963 cultus
1191 2898 1436 2963 divinus
1482 2901 1806 2965 exhibetur
1851 2903 1951 2966 cui
1998 2920 2120 2966 non
2167 2901 2366 2978 debet,
2401 2900 2500 2964 vel
2536 2898 2785 2982 quando
2834 2917 2957 2963 non
3007 2899 3208 2974 debet,

740 2999 839 3063 vel
885 3002 1074 3081 prout
1119 3018 1240 3065 non
1287 3001 1468 3066 debet
1503 3027 1564 3065 ›.
1614 3003 1894 3067 Medium
1941 3004 2176 3068 scilicet
2219 3002 2540 3088 religionis
2592 3001 2885 3067 imitatur
2928 3001 3208 3066 medium

734 3102 1017 3167 iustitiae
1064 3123 1257 3186 eaque
1305 3104 1384 3167 ad
1430 3105 1684 3170 modum
1732 3106 1988 3168 virtutis
2033 3105 2290 3170 moralis
2339 3104 2616 3189 procedit
2661 3104 2824 3167 inter
2882 3122 3201 3168 excessum

737 3207 801 3268 et
846 3204 1172 3271 defectum.
1206 3207 1505 3271 Excessus
1553 3210 1666 3284 est,
1702 3227 1845 3272 cum
1882 3208 2091 3271 cultus
2129 3208 2453 3272 exhibetur
2483 3207 2583 3271 vel
2627 3207 2729 3270 cui
2772 3225 2900 3270 non
2944 3206 3208 3271 debetur

736 3307 833 3370 vel
879 3327 949 3373 eo
996 3307 1181 3373 modo
1228 3328 1351 3391 quo
1399 3328 1522 3373 non
1569 3309 1827 3373 debetur
1872 3309 1958 3390 (q.
2002 3311 2107 3373 92.
2143 3329 2199 3374 a.
2242 3311 2358 3394 l.):
2410 3309 2683 3373 defectus
2721 3309 2836 3384 est,
2886 3327 3033 3372 cum
3080 3327 3202 3373 non

733 3409 1056 3474 exhibetur
1086 3412 1294 3476 cultus
1327 3411 1572 3475 debitus
1603 3412 1798 3476 etiam
1828 3412 2135 3477 contrarie
2167 3411 2331 3494 quod
2365 3410 2674 3495 contingit
2704 3410 2767 3474 in
2800 3410 3068 3486 actibuS,
3096 3410 3202 3492 qui

736 3512 811 3577 ad
850 3515 1276 3597 contemptum
1308 3515 1372 3578 et
1402 3515 1866 3579 irreverentiam
1899 3515 2015 3578 Dei
2046 3515 2356 3598 pertinent
2384 3513 2472 3595 (q.
2503 3514 2607 3576 97.
2641 3513 3020 3597 Prooemio).

824 3612 1002 3686 305.
1038 3615 1216 3696 Quod
1262 3616 1480 3701 religio
1527 3617 1978 3700 complectatur
2009 3619 2187 3682 actus
2224 3617 2499 3680 internos
2529 3617 2594 3679 et
2632 3617 2935 3690 externos
2976 3616 3068 3680 sic
3100 3635 3206 3680 ex·

732 3719 926 3801 plicat
972 3738 1020 3782 3.
1056 3719 1327 3784 Thomas
1363 3721 1421 3782 2.
1460 3722 1519 3783 2.
1554 3740 1614 3801 (1.
1650 3721 1755 3783 81.
1792 3721 1911 3784 art.
1951 3721 2044 3784 7.:
2086 3742 2122 3778 α
2155 3720 2285 3783 Deo
2331 3717 2742 3782 reverentiam
2789 3718 2855 3781 et
2897 3717 3204 3783 honorem

731 3820 1088 3886 exhibemus
1135 3840 1258 3885 non
1306 3823 1557 3905 propter
1604 3822 1910 3904 seipsum;
1961 3822 2110 3903 quia
2157 3840 2227 3885 ex
2275 3840 2339 3885 30
2386 3820 2521 3903 ipso
2567 3819 2665 3884 est
2709 3819 2912 3904 gloria
2960 3820 3208 3902 111011113,

729 3924 832 3988 0111
877 3923 1035 3987 nihil
1082 3942 1118 3986 a
1163 3925 1449 3988 creatura
1483 3925 1665 3989 adiici
1697 3925 1933 4008 potest:
1984 3924 2089 3988 sed
2119 3925 2372 4006 propter
2401 3941 2548 3998 nos3
2582 3922 2733 4003 quia
2775 3920 3066 3986 videlicet
3099 3939 3213 4004 per

734 4026 850 4090 hoc
894 4026 1060 4107 quod
1101 4027 1301 4090 Deum
1331 4046 1701 4104 reveremur,
1736 4028 2136 4103 honoramus,
2183 4044 2356 4090 mens
2401 4024 2616 4089 nostra
2648 4023 2705 4088 01
2751 4023 3104 4096 subiicitur,
3142 4023 3211 4086 et

727 4131 791 4194 in
840 4129 955 4192 hoc
1003 4128 1293 4210 perfectio
1344 4129 1476 4194 eius
1523 4129 1838 4204 consistit3
1890 4128 2205 4210 quaelibet
2241 4128 2407 4192 enim
2440 4145 2539 4191 res
2573 4125 2890 4208 perficitur
2921 4145 3030 4208 per
3064 4126 3212 4196 hoc,

727 4232 891 4314 quod
940 4231 1229 4295 subditur
1259 4250 1370 4295 suo
1414 4231 1715 4313 superiori
1748 4231 1863 4313 (a).
1905 4230 2082 4295 Mens
2120 4233 2331 4295 autem
2379 4229 2653 4293 humana
2690 4227 2933 4311 indiget
2972 4227 3050 4291 ad
3087 4229 3212 4290 hoc

807 4470 873 4522 (a)
904 4468 1015 4511 Etsi
1044 4472 1213 4514 tamen
1245 4470 1378 4513 Deus
1408 4481 1506 4511 non
1537 4472 1681 4523 egeat
1708 4469 1858 4512 cultu
1885 4473 2075 4521 nostro,
2104 4469 2185 4511 1110
2213 4472 2386 4512 tamen
2415 4467 2481 4511 ad
2522 4467 2672 4511 illum
2709 4467 2880 4520 hahet,
2911 4469 2973 4510 ut
2999 4467 3217 4510 dietum

725 4536 1053 4647 :ztilssggssus
1072 4549 1122 4580 n.
1152 4541 1185 4579 1.
1204 4541 1256 4580 et
1278 4536 1349 4579 sic
1369 4536 1471 4579 Deo
1491 4540 1694 4590 propter
1713 4536 1952 4591 seipsum,
1972 4549 2224 4581 summam
2243 4548 2424 4591 nempe
2444 4536 2602 4591 ipsius
2621 4535 2996 4589 excellentiam,
3024 4534 3225 4578 cultu·
