3497 5147
311 355 442 429 1596]
718 371 857 418 Quis
896 372 1097 414 possm·
1131 372 1415 415 ronanam
1449 376 1795 418 lunanum-1
1833 376 2294 418 onmem-mmm
2631 358 2741 413 459

309 467 712 546 aequzparari.
745 467 961 532 Solum
1009 472 1221 534 autem
1252 492 1310 535 n.
1351 473 1451 536 18.
1492 473 1643 537 dicit
1674 474 1792 537 sibi
1841 473 2222 556 probabilius
2269 489 2400 536 esse
2431 489 2592 544 eum,
2628 468 2737 550 qui

307 569 481 632 habet
505 568 871 634 facultatem
900 570 1287 654 dispensandi
1326 576 1494 651 vota,
1530 594 1705 658 posse
1736 575 2090 658 dispensare
2121 574 2270 638 vota
2299 573 2528 644 iurata,
2563 570 2616 634 si
2649 570 2739 633 iu·

306 674 641 735 ramentum
671 672 757 736 sit
786 674 1282 739 confirmativum
1322 678 1486 754 voti3
1522 697 1714 755 66666,
1750 680 1804 742 61
1842 679 1927 742 sit
1958 677 2154 741 veluti
2199 673 2626 758 independens,
2666 671 2741 736 de

304 772 501 836 eadem
531 776 742 838 tamen
789 794 873 839 re.
912 776 1074 841 Hinc
1120 777 1198 841 ad
1235 782 1674 863 argumentum
1719 800 1780 843 n.
1822 783 1928 844 22.
1969 777 2390 843 Emmanuelis
2436 774 2538 853 Sa,
2572 773 2738 856 quod

304 877 522 940 virtute
543 876 731 941 huius
754 879 1063 964 privilegii
1083 881 1325 963 possint
1347 882 1720 946 commutari
1743 883 2098 946 iuramenta
2122 882 2186 945 et
2210 882 2360 945 vota
2391 880 2455 942 in
2480 876 2741 941 diversis

301 979 589 1059 personis;
617 998 794 1062 posse
824 981 1021 1065 igitur
1051 983 1117 1046 in
1148 983 1360 1047 eadem
1390 1003 1651 1067 persona
1682 984 2131 1056 concurrentia,
2158 980 2485 1065 respondet
2521 999 2583 1042 n.
2610 976 2740 1040 26.:

308 1078 599 1159 «Quando
622 1082 863 1147 ratione
887 1084 1410 1167 aequiparationis
1427 1087 1559 1150 voti
1579 1088 1643 1150 et
1664 1086 1999 1151 iuramenti
2017 1086 2178 1150 inter
2192 1103 2277 1161 se,
2292 1084 2511 1166 potens
2526 1080 2589 1144 in
2615 1097 2739 1143 uno

298 1183 492 1262 potest
520 1182 589 1245 in
620 1182 765 1258 alio,
801 1184 968 1261 tunc,
1002 1204 1144 1249 cum
1174 1190 1509 1270 utrumque
1554 1189 1874 1254 vinculum
1912 1207 2034 1253 non
2082 1186 2520 1269 aequiparetur
2558 1181 2743 1247 alteri

297 1283 425 1359 soli,
448 1283 552 1348 sed
586 1285 744 1349 illud
774 1286 1043 1365 excedat,
1070 1306 1181 1352 nec
1210 1288 1631 1355 iuramentum
1664 1291 1748 1354 sit
1779 1293 1926 1355 voto
1962 1289 2391 1360 accessorium,
2419 1284 2525 1351 sed
2558 1285 2636 1349 ab
2668 1301 2742 1347 eo

292 1391 711 1473 independenS,
746 1395 965 1476 potens
994 1395 1058 1459 in
1091 1397 1357 1460 alterum
1405 1399 1680 1475 seorsim,
1716 1398 1934 1480 nequit
1977 1399 2040 1461 in
2080 1400 2417 1477 utrumque
2455 1393 2645 1458 simul
2677 1418 2740 1456 ».

296 1492 371 1557 Et
390 1497 461 1557 in
480 1493 704 1559 Deeal.
730 1496 837 1560 lib.
864 1498 925 1561 4.
951 1516 1084 1581 cap.
1106 1499 1283 1563 53.n.
1314 1501 1574 1582 8.seqq.:
1608 1524 1645 1559 «
1668 1501 1881 1565 Tertia
1904 1499 2212 1564 sententia
2237 1498 2346 1575 ait,
2374 1496 2740 1560 facultatem

292 1596 636 1680 delegatam
668 1599 746 1662 ad
776 1599 1296 1683 dispensationem
1328 1603 1426 1666 vel
1456 1603 2010 1667 commutationem
2057 1603 2350 1666 votorum
2386 1597 2629 1663 extendi
2663 1596 2741 1660 ad

292 1699 805 1783 dispensationem
828 1705 893 1766 et
913 1706 1467 1769 commutationem
1492 1707 2004 1781 iuramentorum,
2031 1724 2189 1788 quae
2214 1705 2334 1769 soli
2357 1706 2488 1768 Deo
2513 1702 2741 1765 fiunt...

291 1802 488 1883 Atque
519 1804 674 1869 haec
710 1807 1015 1871 sententia
1051 1807 1240 1871 habet
1277 1827 1513 1884 verum,
1547 1809 1832 1890 quamvis
1877 1809 2300 1872 iuramentum
2346 1825 2465 1870 non
2513 1803 2744 1866 habeat

292 1904 591 1971 inclusam
626 1908 1119 1989 promissionem,
1144 1909 1251 1973 sed
1289 1910 1519 1991 absque
1551 1930 1623 1974 ea
1656 1910 1774 1974 soli
1802 1911 1932 1975 Deo
1965 1911 2078 1974 fiat
2101 1935 2163 1973 ».
2189 1909 2286 1973 Α6
2318 1905 2745 1989 quaestionem

293 2009 498 2072 autem
540 2034 579 2068 α
612 2028 688 2074 66
734 2010 1001 2075 facultas
1047 2010 1334 2094 delegata
1381 2012 1455 2074 ad
1504 2013 2059 2077 commutationem
2106 2031 2177 2076 ac
2221 2007 2745 2093 dispensationem

286 2112 574 2176 votorum
607 2113 973 2178 extendatur
1005 2113 1082 2177 ad
1113 2115 1262 2178 vota
1293 2114 1623 2179 coniuncta
1654 2115 2006 2179 iuramento
2037 2139 2100 2190 »,
2142 2114 2336 2177 allata
2369 2131 2429 2175 n.
2474 2111 2574 2174 18.
2610 2127 2743 2172 sen-

278 2212 473 2276 tentia
493 2213 792 2290 secunda,
810 2234 969 2297 quae
992 2216 1144 2280 dicit
1169 2217 1564 2300 privilegium
1589 2217 1852 2293 extendi,
1871 2217 1925 2281 si
1942 2217 2363 2281 iuramentum
2388 2213 2739 2297 praestetur

274 2313 348 2377 ad
393 2317 522 2378 voti
566 2301 1124 2396 confirmationem,
1158 2337 1350 2394 secus,
1384 2319 1446 2382 si
1487 2318 1975 2397 independenter
2004 2317 2085 2380 ab
2129 2316 2244 2380 illo
2291 2315 2365 2380 de
2414 2315 2627 2379 eadem
2670 2332 2742 2376 re

278 2416 339 2479 et
369 2417 572 2482 allata
609 2418 796 2483 tertia
835 2419 1141 2483 sententia
1178 2438 1336 2502 quae
1374 2444 1409 2478 «
1441 2421 1709 2485 sustinet
1739 2421 1802 2483 in
1835 2422 2101 2501 utroque
2138 2421 2364 2484 eventu
2411 2435 2589 2501 posse
2636 2435 2745 2499 per

269 2517 445 2585 illam
476 2520 857 2586 facultatem
890 2521 968 2586 ad
1000 2522 1167 2599 vota,
1201 2521 1364 2587 idem
1396 2522 1554 2588 effici
1587 2523 1748 2587 circa
1780 2524 2200 2588 iuramentum
2233 2525 2297 2587 et
2343 2524 2563 2586 votum
2595 2538 2741 2584 con-

273 2625 595 2688 currentia
627 2649 688 2699 »ς
729 2624 981 2688 tandem
1012 2645 1070 2688 n.
1113 2626 1217 2687 20.
1258 2625 1346 2688 sic
1376 2625 1679 2689 decernit:
1721 2652 1756 2683 «
1795 2625 2028 2690 Verum
2074 2625 2360 2689 existimo
2408 2622 2739 2687 secundam

266 2726 653 2790 sententiam
691 2744 822 2790 esse
859 2726 1372 2809 probabiliorem:
1406 2727 1566 2792 hanc
1602 2730 1811 2792 tamen
1859 2729 2112 2792 tertiam
2150 2746 2280 2792 6666
2328 2726 2516 2790 etiam
2562 2723 2745 2788 valde

248 2826 665 2906 probabilem
695 2832 759 2891 et
788 2832 989 2892 tutam
1018 2854 1079 2893 ».

350 2930 523 2995 Item
576 2930 895 2996 Bonacina
938 2932 1015 2995 cle
1063 2934 1121 2995 2.
1159 2931 1385 2997 Praec.
1421 2933 1575 3016 disp.
1627 2935 1687 2997 4.
1728 2954 1789 3015 q.
1831 2934 1885 2997 1.
1927 2934 2136 3016 punct.
2183 2932 2262 2995 17
2304 2951 2363 2995 n.
2404 2932 2505 2994 12.
2555 2949 2740 3011 quae-

262 3030 540 3098 stionem
576 3032 753 3111 facit,
794 3052 871 3098 an
903 3037 1358 3100 commutantes
1390 3039 1539 3099 vota
1575 3055 1648 3100 ex
1677 3035 1979 3099 facultate
2016 3035 2135 3100 sibi
2164 3035 2469 3118 delegata,
2504 3032 2746 3115 possint

258 3136 458 3199 etiam
509 3139 909 3202 commutare
954 3138 1304 3203 iuramenta
1351 3139 1584 3203 talibus
1630 3139 1795 3203 votis
1842 3138 2075 3203 adnexa
2114 3163 2174 3202 ».
2214 3137 2298 3202 Et
2343 3134 2573 3210 subdit,
2623 3133 2745 3198 sibi

254 3237 456 3302 videri
492 3238 985 3322 probabiliorem
1022 3241 1394 3305 sententiam
1423 3242 1802 3325 negativam,
1837 3242 1985 3323 quia
2022 3242 2444 3305 iuramentum
2477 3236 2737 3320 promis·

253 3342 507 3405 sotium
533 3341 620 3405 fit
648 3341 885 3404 homini
915 3345 981 3405 et
1010 3361 1139 3405 non
1174 3341 1312 3405 Deo
1350 3365 1410 3406 »z
1444 3342 1670 3424 quibus
1717 3343 1919 3407 verbis
1959 3342 2249 3419 ostendit,
2285 3342 2359 3405 de
2407 3341 2530 3404 alia
2578 3359 2644 3403 re
2681 3340 2748 3402 et

251 3442 333 3506 ob
357 3443 575 3507 aliam
605 3461 856 3506 causam
874 3443 1020 3507 huic
1040 3444 1390 3525 quaestioni
1414 3448 1769 3509 extraneam
1794 3445 1999 3528 ipsum
2016 3444 2241 3508 dixisse
2264 3442 2743 3524 probabiliorem

251 3546 665 3629 negativam,
699 3544 849 3609 dum
879 3546 1115 3610 fatetur
1146 3546 1589 3609 affirmativam
1621 3566 1754 3610 esse
1798 3547 2207 3630 probabilem:
2242 3547 2307 3608 et
2336 3543 2582 3625 quidem
2624 3560 2746 3605 non

244 3646 321 3713 de
354 3647 509 3713 solo
544 3649 907 3713 iuramento
940 3649 1093 3733 agit,
1128 3648 1232 3712 666
1265 3647 1339 3712 66
1377 3648 1540 3712 votis
1572 3647 1797 3711 iuratis
1831 3651 1947 3712 etc.

337 3751 626 3817 Lessius
672 3753 883 3815 autem
928 3752 971 3814 l.
1007 3753 1068 3814 2.
1103 3771 1153 3814 6.
1188 3752 1294 3813 42.
1333 3770 1435 3814 nn.
1472 3751 1576 3814 60.
1614 3750 1717 3813 62.
1753 3749 2049 3825 concedit,
2081 3749 2525 3821 iuramentum,
2573 3746 2740 3829 quod

241 3852 365 3919 fiat
397 3854 638 3918 animo
670 3851 1072 3934 promittendi
1096 3853 1246 3930 Deo,
1272 3853 1364 3916 ita
1395 3854 1470 3916 ut
1492 3850 1773 3917 includat
1803 3853 2041 3928 votum,
2068 3850 2466 3933 (dispensari)
2492 3850 2554 3914 et
2578 3869 2741 3914 com·

241 3957 505 4022 mutari
562 3972 748 4038 posse
785 3955 864 4018 ab
908 3955 1004 4031 iis,
1039 3955 1148 4037 qui
1193 3958 1342 4021 vota
1389 3955 1617 4019 similia
1666 3956 2085 4031 commutant;
2127 3954 2275 4037 quia
2320 3954 2744 4018 iuramentum

237 4063 338 4124 est
372 4062 550 4124 voto
607 4056 1053 4122 accessorium.
1088 4077 1263 4122 secus
1311 4077 1475 4133 vere,
1517 4058 1571 4122 si
1619 4060 1847 4142 agatur
1877 4058 1949 4122 de
1997 4058 2130 4123 solo
2160 4058 2531 4131 iuramentO,
2573 4056 2738 4136 quod

234 4181 363 4228 non
402 4162 543 4227 fiat
578 4160 789 4225 animo
836 4160 1236 4243 promittendi
1270 4162 1419 4236 Deo,
1460 4160 1564 4224 sed
1611 4162 1816 4225 solum
1862 4160 2148 4225 firmandi
2196 4179 2261 4224 se
2306 4160 2370 4223 in
2409 4160 2568 4222 bono
2610 4174 2747 4238 pro-

229 4268 484 4349 posite,
529 4264 638 4328 vel
671 4264 722 4327 si
758 4266 1112 4347 apponatur
1140 4265 1290 4327 voto
1323 4263 1747 4345 principaliter
1779 4266 1841 4326 et
1870 4281 1994 4327 non
2027 4261 2395 4335 6666666116·
2436 4259 2580 4340 (1616
2618 4258 2745 4323 vin-

232 4368 472 4436 culum
500 4368 853 4432 iuramenti
885 4366 1065 4431 valde
1096 4365 1408 4431 diversum
1432 4369 1528 4429 est
1554 4385 1588 4429 a
1614 4365 1862 4430 vinculo
1887 4366 2038 4429 voti.
2067 4365 2231 4428 Azor
2254 4366 2408 4428 tom.
2440 4363 2497 4425 1.
2525 4362 2631 4425 lib.
2660 4362 2742 4425 Π.

236 4490 378 4556 cap.
430 4474 558 4535 10.
600 4489 657 4551 q.
699 4471 759 4534 2.
794 4472 979 4553 putat
1016 4468 1318 4533 veriorem
1352 4469 1722 4532 sententiam
1756 4467 2114 4552 negativam
2146 4467 2210 4529 in
2243 4465 2523 4548 quolibet
2557 4483 2752 4528 casu
2733 4511 2752 4525 .

233 4576 594 4641 neminem
627 4575 833 4638 tamen
866 4591 975 4656 pro
1016 4590 1082 4636 se
1114 4571 1370 4654 allegat.
