3497 5147
708 346 815 400 336
908 359 1121 401 rnAc‘r.
1151 362 1230 401 vr.
1257 360 1417 402 secr.
1445 362 1484 401 1.
1510 362 1596 401 mn
1618 361 1810 402 muno
1835 359 2052 401 Panse.
2082 359 2410 400 omnnem.
2438 358 2572 399 cAP.
2599 360 2664 399 11.
2690 359 2832 400 nun.
2862 360 2950 400 111.
3024 346 3170 420 [447]

797 452 977 526 447.
1005 456 1106 520 De
1137 457 1612 521 conventionali.
1650 455 2161 522 Conventional‘esss
2191 456 2420 520 dicitur
2450 456 2735 532 simonia,
2769 456 3016 537 quando
3049 475 3167 521 non

711 560 914 623 solum
949 559 1122 624 adest
1154 560 1466 624 internum
1514 561 1902 643 propositum
1937 559 2254 643 obligandi
2288 559 2481 623 alium
2515 559 2592 623 ad
2623 558 3025 623 tribuendum
3055 560 3176 642 spi-

707 661 936 726 rituale
969 681 1079 744 pro
1112 664 1443 745 temporali
1490 663 1602 726 aut
1647 664 1977 737 viceversa,
2019 661 2123 725 sed
2171 661 2233 724 id
2281 661 2343 724 in
2392 663 2713 725 externum
2760 662 3015 743 pactum
3063 664 3172 725 aut

709 765 1179 829 conventionem
1224 766 1568 829 deducitur.
1609 765 1783 845 Quae
1816 764 2063 846 quidem
2111 764 2438 828 conventio
2470 782 2593 828 non
2625 763 2810 829 modo
2859 763 2934 827 fit
2971 764 3171 827 verbis

708 869 1008 950 expressis
1056 870 1119 932 et
1166 868 1434 944 directiS,
1485 869 1591 933 sed
1638 869 1831 931 etiam
1880 868 2148 948 obliquis
2196 867 2260 928 et
2298 866 2575 930 obscuris
2624 867 2812 947 atque
2858 865 3170 930 interdum

709 970 859 1034 solis
897 971 1153 1036 nutibus
1202 972 1314 1035 aut
1359 971 1494 1035 sola
1541 971 1815 1035 muneris
1864 970 2176 1035 oblatione
2221 971 2285 1034 in
2334 970 2598 1056 speciem
2660 969 3034 1044 donationis,
3082 969 3174 1032 ita

709 1071 921 1136 tamen
953 1075 1026 1137 ut
1063 1093 1135 1137 ex
1172 1074 1657 1137 circumstantiis
1697 1073 1935 1137 adverti
1972 1075 2226 1155 pactum
2264 1074 2481 1155 possit.
2515 1073 2685 1136 Less.
2718 1072 2760 1134 l.
2796 1092 2848 1137 c.

799 1175 1261 1239 Advertendum
1301 1178 1530 1249 tamen,
1564 1196 1686 1241 non
1721 1177 2001 1241 sufficere
2040 1176 2239 1240 solam
2271 1175 2763 1259 promissionem,
2798 1176 2904 1239 sed
2935 1193 3004 1238 ea
3035 1193 3182 1257 pro·

708 1276 923 1340 missio
973 1277 1164 1341 etiam
1210 1278 1391 1342 debet
1438 1297 1570 1343 esse
1618 1299 1654 1342 a
1701 1278 2102 1360 promissario
2152 1278 2500 1361 acceptata3
2557 1297 2703 1341 nam
2752 1277 2806 1341 si
2856 1278 3180 1360 acceptata

707 1397 830 1443 non
857 1379 958 1454 sit,
995 1398 1117 1444 non
1149 1381 1268 1443 erit
1305 1381 1571 1445 simonia
1611 1381 2120 1456 conventionalia
2155 1381 2259 1444 sed
2284 1380 2577 1444 mentalis
2614 1382 2884 1457 tantum,
2920 1381 2994 1443 ut
3025 1380 3182 1443 bene

710 1500 852 1544 cum
888 1482 1027 1546 aliis
1066 1482 1399 1547 advertunt
1444 1483 1844 1547 Reiffenstuel
1892 1484 1956 1547 et
2001 1483 2424 1558 Farinaccius3
2461 1483 2610 1564 quia
2657 1482 2895 1546 scilicet
2941 1482 3181 1546 deesset

710 1603 855 1649 vera
880 1586 1225 1661 conventio,
1252 1605 1411 1667 quae
1436 1606 1507 1650 ex
1529 1586 1664 1650 iure
1688 1587 1971 1650 Romano
1997 1586 2066 1666 (l.
2095 1585 2313 1648 Huius
2338 1586 2397 1666 g.
2425 1588 2485 1648 2.
2511 1586 2577 1649 et
2599 1586 2659 1648 3.
2686 1585 2832 1669 Dig.
2859 1585 2935 1648 de
2958 1584 3185 1667 Pact.)

711 1690 807 1750 est
850 1686 1115 1751 duorum
1148 1687 1508 1767 pluriumve
1555 1690 1625 1752 in
1669 1688 1835 1751 idem
1885 1687 2194 1768 placitum
2255 1707 2591 1751 consensus
2636 1688 2868 1751 tacitus
2926 1689 3027 1752 vel
3079 1707 3183 1751 ex-

709 1809 976 1872 pressus.
1011 1789 1313 1855 Schmalz.
1347 1792 1494 1855 ibid.
1530 1812 1589 1856 n.
1624 1794 1728 1855 32.

802 1891 924 1970 Qui
969 1893 1277 1974 triplicem
1323 1896 1563 1976 ponunt
1600 1895 1949 1972 simoniam,
1984 1912 2201 1976 nempe
2238 1894 2303 1956 1ο
2333 1894 2691 1968 mentalem,
2728 1894 2798 1956 2⁰
2829 1894 3184 1958 conventio-

713 1994 917 2058 nalem
966 1995 1030 2057 et
1062 1996 1132 2056 30
1164 1997 1413 2072 realem,
1448 1996 1515 2059 hi
1560 1996 1866 2078 duplicem
1914 1997 2314 2080 distinguunt
2357 1996 2921 2073 conventionalem3
2959 2015 3181 2079 nempe

714 2096 838 2160 alia
871 2097 989 2160 erit
1011 2117 1204 2176 pura,
1246 2098 1370 2162 alia
1401 2099 1621 2162 mixta.
1662 2099 1830 2162 Pura
1863 2098 2108 2176 dicitur,
2142 2118 2283 2162 cum
2336 2117 2406 2162 ex
2453 2102 2674 2163 neutra
2706 2101 2886 2181 parte
2917 2101 3178 2179 sequuta

712 2200 809 2263 est
840 2199 1097 2264 traditio
1130 2201 1236 2278 rei,
1273 2201 1346 2264 de
1378 2220 1501 2282 qua
1534 2202 1737 2284 pactio
1772 2202 1938 2265 facta
1977 2203 2090 2265 est.
2125 2201 2345 2279 Mixta,
2381 2221 2523 2266 cum
2555 2221 2627 2265 ex
2664 2201 2970 2267 alterutra
3002 2203 3188 2285 parte

712 2301 969 2366 traditio
1020 2305 1285 2384 sequuta
1333 2305 1429 2368 est
1474 2303 1746 2368 nondum
1795 2323 1939 2367 vero
1991 2304 2068 2367 ab
2114 2306 2401 2385 utraque.

803 2405 907 2469 Illi
943 2425 1110 2482 vere,
1146 2408 1254 2488 qui
1300 2407 1500 2490 primo
1540 2406 1788 2488 quidem
1834 2407 2236 2471 bimembrem
2276 2406 2480 2470 solum
2526 2406 2764 2470 faciunt
2809 2406 3181 2471 divisionem

711 2507 775 2571 in
822 2510 1159 2573 mentalem
1207 2512 1270 2573 et
1316 2509 1869 2587 conventionalem‚
1911 2509 2334 2572 trimembrem
2381 2509 2541 2572 hanc
2585 2508 2786 2592 ipsam
2819 2510 3181 2575 conventio-

712 2615 917 2678 nalem
949 2615 1257 2687 dividunt,
1283 2616 1356 2679 ut
1387 2616 1473 2679 sit
1495 2616 1593 2678 vel
1612 2635 1786 2692 pura
1811 2616 1908 2678 vel
1938 2616 2141 2677 mixta
2171 2614 2269 2677 vel
2294 2612 2492 2677 realis
2512 2632 2624 2678 seu
2647 2611 2965 2692 completa..
2991 2612 3186 2677 Pura

712 2716 962 2792 dicitur,
1010 2735 1153 2780 cum
1200 2717 1421 2780 neutra
1480 2735 1621 2798 pars
1677 2716 2120 2799 paciscentium
2166 2716 2569 2781 traditionem
2617 2715 2763 2780 fecit
2807 2715 2906 2779 vel
2938 2716 3032 2780 rei
3063 2717 3184 2800 spi·

711 2818 963 2882 ritualis
986 2820 1085 2882 vel
1108 2819 1293 2901 pretii
1325 2819 1675 2883 simoniaci:
1708 2820 1930 2895 mixta,
1964 2820 2209 2901 quando
2244 2819 2550 2883 alterutra
2582 2821 2828 2883 tantum
2856 2838 3003 2901 pars
3035 2819 3183 2884 fecit

713 2921 1136 2998 traditionem,
1176 2922 1304 2985 sive
1351 2921 1414 2984 id
1460 2921 1674 2986 fecerit
1719 2922 1827 3003 qui
1875 2921 1985 2985 dat
2032 2920 2405 3004 spiritualia,
2446 2921 2575 2985 sive
2622 2922 2731 3002 qui
2777 2922 3180 3004 temporalia:

712 3023 908 3088 realis
960 3024 1238 3106 denique,
1289 3044 1431 3087 cum
1477 3024 1768 3107 utrinque
1815 3024 1983 3088 facta
2030 3025 2124 3087 est
2173 3024 2449 3100 traditio,
2498 3042 2657 3105 quae
2703 3023 2894 3087 etiam
2947 3023 3186 3089 dicitur

712 3128 1019 3210 completa
1065 3130 1128 3192 et
1174 3128 1460 3211 perfecta.

803 3232 886 3294 Et
930 3232 993 3293 in
1040 3232 1199 3294 hanc
1246 3231 1494 3313 quidem
1542 3229 1961 3293 definitionem
2010 3228 2309 3292 simoniae
2357 3227 2550 3314 {realis
2597 3229 2974 3293 conveniunt
3020 3230 3182 3307 DD.,

714 3335 864 3397 utut
893 3334 1300 3398 diversimode
1332 3333 1693 3408 dividentes
1722 3331 1851 3395 sive
1877 3350 2013 3394 eam
2037 3331 2385 3395 membrum
2408 3331 2642 3395 faciant
2664 3331 3180 3409 conventionaliS,

712 3437 810 3501 vel
840 3456 980 3501 non.

799 3535 982 3611 448.
1018 3540 1233 3620 Quoad
1267 3540 1499 3603 realem
1536 3540 1652 3603 hoc
1686 3539 2149 3617 advertendum,
2185 3538 2351 3621 quod
2381 3556 2503 3602 non
2536 3537 2874 3619 requiritur
2908 3539 2986 3602 ad
3021 3558 3181 3615 eam,

711 3646 786 3708 ut
822 3647 1028 3708 totum
1077 3645 1347 3727 pretium
1394 3643 1802 3708 simoniacum
1851 3643 2245 3726 promissum,
2294 3642 2423 3705 iam
2473 3640 2776 3704 traditum
2824 3640 3038 3716 fuerit,
3073 3641 3182 3706 sed

711 3746 965 3822 sufficit,
1000 3748 1054 3811 si
1098 3748 1386 3812 inchoate
1434 3767 1540 3810 seu
1589 3765 1662 3810 ex
1708 3747 1882 3829 parte
1930 3746 2149 3809 datum
2200 3744 2301 3808 sit.
2340 3743 2418 3806 Et
2467 3743 2521 3806 si
2568 3743 2706 3823 quis
2753 3763 2813 3806 v.
2847 3764 2943 3827 gr.
2991 3744 3180 3808 alicui

712 3866 823 3930 pro
848 3848 1139 3912 beneficio
1164 3849 1453 3930 promisit
1476 3850 1627 3911 300.
1654 3849 1903 3913 scutata
1937 3850 2000 3911 et
2023 3846 2315 3910 beneficio
2341 3847 2591 3929 accepto
2624 3845 2860 3910 interea
2893 3846 3002 3911 det
3030 3848 3181 3911 loo.

711 3949 811 4015 vel
846 3950 949 4013 50.
978 3951 1091 4013 aut
1121 3950 1312 4013 etiam
1336 3950 1561 4025 minuS,
1589 3951 1716 4014 iam
1748 3950 2058 4033 completa
2088 3952 2185 4013 est
2216 3949 2481 4013 simonia
2510 3947 2725 4024 realv'S,
2758 3967 2992 4031 poenas
3024 3950 3182 4014 iuris

710 4053 1023 4119 inducens.
1050 4052 1224 4116 Idem
1256 4054 1371 4128 est,
1400 4052 1452 4115 si
1485 4052 1622 4133 quis
1655 4053 1835 4135 plura
1860 4053 2147 4134 promisit
2180 4051 2474 4133 obsequia
2505 4051 2878 4134 temporalia
2909 4054 2975 4117 et
3007 4053 3183 4117 bene-

711 4157 851 4222 ficio
878 4156 1147 4238 accepte,
1176 4173 1370 4218 unum
1403 4156 1840 4221 tantummodo
1867 4155 2143 4236 illudque
2176 4155 2468 4238 exiguum
2502 4154 2839 4237 praestitit.
2867 4153 3176 4220 Schmalz.

711 4260 794 4324 ib.
835 4278 894 4322 n.
932 4260 1080 4323 317.

802 4362 1042 4426 Rursus
1091 4363 1167 4426 ad
1214 4362 1543 4426 simoniam
1588 4363 1821 4426 realem
1865 4380 1989 4426 non
2035 4363 2392 4444 requiritur,
2429 4364 2501 4427 ut
2532 4380 2628 4425 res
2660 4361 3026 4443 temporalis
3062 4378 3176 4444 pro

711 4465 1025 4549 spirituali
1066 4468 1176 4531 aut
1208 4465 1481 4529 vicissim
1520 4464 1737 4527 statim
1769 4466 1993 4527 mutuo
2032 4464 2349 4529 tradatur:
2384 4464 2488 4529 sed
2521 4463 2772 4539 sufficit,
2800 4464 2852 4527 si
2885 4464 3180 4529 tradatur

708 4568 942 4644 deinde,
984 4569 1169 4633 etiam
1221 4570 1363 4652 post
1407 4568 1667 4650 longum
1715 4568 1981 4649 tempUS,
2018 4586 2078 4630 V.
2114 4587 2207 4651 gr.
2249 4588 2501 4633 annum.
2551 4567 2712 4631 Hinc
2743 4566 2893 4633 licet
2922 4567 3184 4633 maneat
