3497 5147
688 314 797 369 832
1297 328 1509 369 'rme-r.
1538 330 1645 370 vn.
1672 329 1837 371 sacr.
1869 330 1907 370 1.
1937 331 2019 370 nn
2045 330 2299 371 tammo,
2327 330 2470 371 nun.
2500 330 2539 370 1.
2972 314 3159 389 [1115]

689 422 755 486 111
801 422 1014 486 eadem
1059 422 1388 487 refectione
1449 426 1797 487 vescantur.
1865 423 2052 488 Ratio
2108 424 2318 487 autem
2378 422 2543 487 haud
2606 422 2871 488 obscura
2912 423 3026 499 est,
3083 423 3157 487 ut

690 524 815 588 iam
867 524 1200 589 innuimus.
1234 524 1399 589 Nam
1447 544 1585 589 esus
1633 526 1914 590 carnium
1961 545 2068 609 per
2113 526 2326 589 ieiunii
2372 524 2502 589 dies
2549 526 2665 588 sub
2711 525 2829 588 hac
2875 543 3156 607 expressa

689 625 1040 691 conditione
1085 626 1465 711 indulgetur,
1514 629 1588 691 ut
1633 628 1912 710 quisquis
1945 628 2062 693 hoc
2109 628 2350 692 indulto
2389 628 2486 692 uti
2534 627 2704 704 velit,
2755 646 2967 691 carnes
3013 646 3154 690 cum

687 729 960 811 piscibus
1008 728 1071 791 in
1118 728 1330 792 eadem
1377 727 1705 794 refectione
1767 750 1887 794 non
1960 730 2344 814 permisceat.
2405 730 2604 811 Atqui
2650 729 2843 793 etiam
2893 729 2989 792 illi
3046 728 3153 811 qui

686 831 864 895 iuxta
896 851 968 896 ex
999 852 1186 896 causa
1219 851 1255 896 a
1291 832 1587 898 servanda
1622 833 1805 897 unica
1841 833 2216 899 comestione
2249 835 2641 908 excusantur,
2682 830 2971 895 carnibus
3001 848 3153 894 non-

684 933 805 997 nisi
837 934 900 997 vi
937 934 1167 998 indulti
1214 936 1377 999 vesci
1424 938 1706 1018 possunt.
1765 935 1930 1019 Ergo
1981 938 2042 1000 et
2089 936 2207 1018 ipsi
2257 935 2334 999 ad
2382 954 2521 999 eam
2568 931 2987 998 conditionem
3035 952 3154 996 ser-

686 1036 955 1101 vandam
1001 1039 1308 1103 tenentur.

776 1137 961 1202 Secus
987 1139 1239 1221 proinde
1279 1142 1458 1217 esset,
1488 1141 1540 1203 si
1588 1160 1709 1204 non
1759 1141 1821 1204 vi
1869 1141 2116 1217 indulti,
2154 1141 2257 1204 sed
2297 1140 2425 1205 iam
2465 1158 2571 1223 per
2602 1158 2686 1217 se,
2730 1140 2884 1221 puta
2913 1137 3152 1201 ratione

685 1240 896 1323 gravis
935 1240 1156 1316 morbi,
1193 1240 1270 1304 ad
1304 1242 1715 1306 abstinentiae
1763 1243 1899 1325 lege
1932 1243 2071 1324 quis
2103 1244 2264 1307 esset
2295 1242 2612 1306 immunis.

781 1338 944 1411 1115.
1003 1341 1219 1421 Quoad
1268 1345 1595 1428 epularum
1656 1346 2128 1427 permixtionem
2175 1344 2413 1409 moveri
2461 1344 2743 1425 quaestio
2797 1344 3022 1425 potest,
3073 1360 3148 1405 311

687 1445 1002 1528 quaelibet
1046 1448 1372 1529 permixtio
1420 1448 1841 1532 prohibeatur,
1900 1470 1978 1513 an
2017 1467 2160 1514 vero
2208 1468 2279 1513 ea
2326 1448 2549 1523 solum:
2590 1466 2748 1529 quae
2795 1446 2871 1509 ad
2931 1446 3148 1510 luxum

688 1549 752 1611 et
788 1548 865 1611 ad
912 1548 1138 1613 vitium
1184 1551 1371 1634 gulae
1416 1551 1898 1634 deliciarumque
1946 1552 2312 1615 aviditatem
2358 1549 2638 1614 refertur.

778 1649 838 1714 S.
888 1651 1243 1734 Alphonsus
1288 1655 1395 1717 lib.
1431 1655 1492 1719 3.
1528 1676 1586 1718 n.
1619 1656 1811 1718 1014.
1847 1655 2044 1719 relata
2062 1655 2369 1719 sententia
2394 1652 2711 1717 cujusdem
2743 1651 2812 1716 P.
2849 1653 2940 1717 De
2972 1652 3146 1716 Petio

687 1754 878 1835 (idem
927 1756 1194 1820 occurrit
1239 1758 1302 1820 in
1350 1757 1594 1821 casibus
1627 1758 2037 1822 conscientiae
2083 1756 2575 1822 Bononiensibus
2623 1754 2738 1819 sub
2778 1773 2919 1818 ann.
2959 1754 3147 1817 1757.

685 1876 893 1922 mense
926 1860 1184 1941 martio)
1232 1861 1338 1942 qui
1385 1860 1448 1924 in
1498 1861 1918 1925 additionibus
1958 1861 2034 1924 ad
2066 1860 2289 1924 Felicis
2321 1858 2664 1924 Potestatis
2702 1857 2997 1935 Examen,
3046 1876 3150 1940 po—

685 1960 931 2023 steriori
980 1961 1096 2024 hoc
1128 1980 1309 2025 sensu
1342 1962 1778 2047 intelligendas
1810 1963 2290 2029 constitutiones
2327 1960 2645 2026 Benedicti
2669 1959 2841 2023 XIV.
2876 1960 3147 2037 tenebat,

687 2061 878 2136 addit,
929 2062 1086 2126 hanc
1134 2064 1486 2146 opinionem
1520 2086 1645 2129 non
1673 2066 1878 2130 videri
1893 2065 2285 2146 probabilem
2313 2065 2500 2147 idque
2547 2063 2758 2147 colligi
2791 2082 2862 2126 ex
2909 2060 3149 2126 Consti-

685 2165 1037 2230 tutionibus
1070 2166 1239 2231 dicit.

774 2267 855 2331 Et
901 2269 1125 2334 merito
1174 2270 1442 2352 quidem.
1483 2270 1900 2354 Conqueritur
1930 2290 2076 2336 sane
2114 2291 2194 2336 ss.
2228 2270 2514 2336 Pontifex
2546 2270 2619 2333 de
2651 2269 2767 2333 tali
2794 2268 2947 2331 luxu
2979 2272 3052 2329 ut
3083 2268 3145 2330 in

684 2372 1068 2454 sumptuosis
1116 2374 1414 2439 conviviis
1448 2377 1665 2458 epulae
1698 2376 2212 2459 permisceantur:
2246 2374 2336 2438 ita
2361 2374 2426 2437 in
2452 2373 2652 2457 prima
2684 2369 3146 2435 Constitutione

683 2472 834 2537 Non
865 2474 1258 2556 ambiyimns.
1308 2503 1341 2533 «
1375 2477 1505 2541 Nos
1537 2498 1701 2553 sane,
1736 2479 1961 2560 inquit,
1998 2479 2223 2560 quibus
2253 2478 2318 2541 in
2351 2476 2466 2540 hac
2489 2474 2744 2539 sublimi
2769 2472 3141 2557 apostolicae

682 2579 1138 2660 procurationis
1185 2581 1434 2662 specula
1482 2581 1844 2646 constitutis
1875 2582 2146 2663 undique
2207 2581 2490 2665 gentium
2544 2577 2748 2642 nuntii
2783 2577 3136 2650 afferuntur,

682 2681 957 2746 lacrimis
989 2683 1311 2765 deplorare
1324 2684 1478 2748 satis
1504 2703 1625 2748 non
1660 2703 2010 2768 possumuS,
2041 2682 2554 2768 augustissimam
2585 2676 3144 2763 quadragesimalis

683 2785 874 2848 ieunii
928 2787 1406 2866 observantiam,
1449 2789 1527 2852 ob
1572 2788 1852 2864 nimiam,
1903 2788 2091 2852 nullis
2139 2785 2439 2870 legitimis
2500 2783 2872 2868 urgentibus
2917 2781 3141 2853 causis,

680 2887 911 2968 ubique
950 2889 1488 2955 indiscriminatim
1537 2892 1928 2974 dispensandi
1974 2890 2362 2962 facilitatem,
2403 2887 2583 2972 plane
2630 2886 2948 2950 sublatam
2979 2902 3141 2958 esse:

681 2988 774 3052 ita
822 2992 895 3053 ut
944 2991 1319 3057 orthodoxae
1366 2994 1616 3075 quidem
1645 2994 1966 3078 religionis
2004 2993 2275 3057 cultores
2306 2990 2529 3055 merito
2571 2989 2971 3071 quaerantur,
3005 2986 3147 3048 hae·

681 3111 888 3156 resum
936 3113 1079 3158 vero
1119 3097 1455 3160 sectatores
1517 3097 1787 3161 iUudant
1834 3098 1898 3161 et
1944 3095 2273 3160 exsultent.
2315 3092 2726 3157 Perniciosae
2757 3090 2901 3153 huie
2935 3087 3144 3170 pluri-

678 3216 921 3259 morum
943 3197 1202 3278 insuper
1226 3198 1542 3263 lieentia-m
1563 3201 1926 3263 adiunctam
1951 3217 2080 3261 esse
2110 3197 2392 3279 yraviter
2414 3194 2690 3258 dolemus
2701 3214 2724 3270 ‚·
2755 3211 2915 3274 quae
2949 3209 3143 3272 usque

681 3299 831 3365 adeo
892 3300 1180 3379 invaluit,
1235 3303 1310 3367 ut
1356 3303 1529 3367 nulla
1577 3302 1905 3386 apostolici
1952 3300 2230 3366 instituti
2277 3297 2776 3378 sanctissimique
2834 3293 3143 3378 praecepti

678 3403 896 3467 habita
941 3405 1203 3480 ratione,
1235 3407 1611 3471 ieiuniorum
1657 3409 1934 3489 tempore
1967 3403 2193 3484 palam
2238 3407 2300 3465 et
2339 3403 2589 3481 impune
2635 3399 2714 3462 ab
2763 3396 2983 3461 iisdem
3013 3397 3145 3477 (1923-

682 3510 890 3570 tentur
935 3510 1215 3573 convivia
1260 3514 1321 3572 et
1363 3508 1579 3589 epulae
1625 3509 1994 3574 interdictae
2015 3505 2366 3587 promiscue
2409 3503 2772 3583 inferantur
2807 3525 2870 3563 v».

770 3611 931 3676 Tum
979 3613 1217 3676 subdit:
1259 3637 1294 3670 «
1319 3613 1410 3676 Ea
1434 3614 1747 3696 propter...
1784 3611 1982 3676 facere
2013 3629 2133 3675 non
2160 3625 2512 3692 possumuS,
2546 3605 2691 3686 quin
2727 3620 2836 3686 pro
2862 3602 3147 3665 iniuncto

679 3714 857 3778 nobis
912 3734 1198 3798 supremo
1239 3716 1613 3780 sacrosancti
1660 3715 2073 3798 Apostolatus
2107 3711 2374 3777 officiO...
2410 3709 2487 3774 ad
2521 3709 2942 3790 opportunum
2978 3702 3146 3767 hisce

678 3815 866 3878 malis
913 3816 1325 3883 adhibendum
1374 3819 1732 3895 remedium,
1770 3817 1999 3898 (zelum
2049 3815 2354 3896 vestrum)
2404 3811 2737 3875 excitemus
2786 3811 2850 3872 et
2897 3806 2973 3872 ad
3005 3827 3146 3870 eon-

678 3922 971 3998 9ruentes
1016 3918 1370 3984 huiusmodi
1398 3920 1696 3985 abusibus
1713 3920 1975 4001 penitus
2007 3916 2403 3997 extirpandis
2434 3914 2600 3996 leyes
2616 3909 3146 3992 prae-scribendas

679 4021 1051 4087 meditemur
1083 4049 1143 4087 ».

768 4125 960 4189 Ρο110
1009 4125 1086 4190 ad
1145 4127 1376 4190 abusus
1416 4127 1741 4200 tollendos,
1802 4127 1952 4190 haec
1999 4125 2121 4189 tria
2169 4123 2416 4200 statuit,
2473 4121 2537 4184 1⁰
2585 4117 2830 4184 nonnisi
2877 4116 3141 4200 urgente

679 4229 1043 4293 necessitate
1081 4229 1559 4313 dispensandum
1606 4249 1735 4293 esse
1773 4229 2137 4309 praesertim
2170 4246 2312 4291 cum
2342 4222 2745 4289 multitudine
2777 4239 2887 4285 seu
2911 4218 3143 4302 populo

680 4335 791 4393 aut
837 4331 1124 4395 civitate:
1162 4333 1232 4395 20
1265 4331 1511 4396 unicam
1558 4330 1996 4394 comestionem
2031 4329 2415 4406 servandam,
2450 4325 2569 4392 etsi
2600 4322 2977 4407 dispensatio
3004 4341 3145 4386 con-

678 4433 960 4497 cedatur:
1002 4435 1071 4495 30
1117 4454 1242 4497 non
1282 4432 1747 4511 permiscendas
1793 4431 2028 4514 epulas.
2091 4459 2128 4491 «
2182 4431 2493 4496 Nolumus
2541 4433 2749 4492 tamen
2811 4445 2922 4490 vos
2967 4425 3146 4510 igno—

679 4555 834 4613 rare,
875 4555 1014 4600 cum
1054 4537 1354 4601 eiusmodi
1387 4536 1753 4601 necessitate
1791 4536 2055 4617 (scilicet
2087 4535 2506 4618 dispensandi)
2526 4535 2589 4598 et
2621 4528 2985 4596 servandam
3011 4547 3146 4593 esse
