3497 5147
369 375 475 452 [⁶21]
991 390 1284 438 Quouono
1322 391 1588 433 onmem·
1625 391 2034 433 pannem-rum
2072 392 2244 431 mom
2765 378 2834 431 15

375 488 491 552 hoc
514 506 765 570 quoque
788 488 1100 572 suggerit:
1134 512 1170 547 ‹
1194 457 1418 553 &mnes
1443 488 1701 571 denique
1728 489 2007 554 omnium
2033 490 2312 553 aetatum
2338 490 2525 571 atque
2550 489 2836 555 ordinum

373 590 669 655 homines·
686 590 893 655 solent
913 589 1249 655 identidem
1274 590 1481 655 sordes
1507 591 1748 655 animae
1773 591 2197 657 Poenitentiae
2231 594 2616 657 sacramento
2642 592 2836 657 deter-

373 712 535 777 gere.
564 690 827 757 Curabit
856 692 1071 775 itaque
1094 693 1454 776 Episcopus,
1481 695 1554 758 ut
1577 693 1859 758 sacerdos
1884 694 2185 776 excipiens
2209 694 2619 759 confessiones
2641 695 2836 760 fixum

372 793 525 859 illud
558 795 1015 878 immotumque
1047 796 1252 860 animo
1290 814 1529 879 semper
1564 795 1811 874 habeat,
1844 796 2183 860 invalidam
2217 815 2346 860 esse
2380 796 2832 861 absolutionem

376 897 911 974 sacramentalem,
946 916 1133 979 quam
1166 898 1305 979 quis
1335 898 1651 982 ignoranti
1683 917 1779 963 res
1816 899 2189 963 necessarias
2237 900 2599 962 necessitate
2645 898 2836 962 medii

375 999 732 1083 impertitur
769 1019 879 1064 nec
911 1018 1087 1083 posse
1124 1000 1403 1065 homines
1435 1001 1564 1064 Deo
1598 1019 1706 1084 per
1734 1000 2094 1066 huiusmodi
2125 1002 2582 1065 sacramentum
2629 1020 2836 1065 recon-

367 1102 586 1179 ciliari,
619 1102 740 1165 nisi
772 1102 943 1184 prius
977 1102 1221 1166 exclusa
1255 1102 1440 1166 huius
1473 1102 1863 1187 ignorantiae
1887 1102 2149 1187 caligine
2175 1102 2252 1167 ad
2279 1103 2662 1188 agnitionem
2692 1104 2835 1168 fidei

375 1203 717 1268 educantur
747 1203 917 1286 (quis
949 1204 1108 1269 forte
1139 1206 1396 1289 negaret
1426 1205 1840 1288 suppositum,
1868 1205 2033 1287 quod
2056 1225 2273 1288 nempe
2305 1206 2557 1270 accedat
2589 1206 2665 1270 ad
2698 1226 2836 1271 con-

371 1305 700 1371 fessionem
730 1305 1126 1383 christianae,
1162 1307 1270 1388 qui
1315 1307 1562 1391 ignoret
1608 1326 1698 1385 ea,
1734 1326 1892 1389 quae
1939 1308 2105 1372 certo
2146 1308 2394 1373 constat
2424 1307 2668 1373 scienda
2703 1328 2832 1373 esse

371 1408 737 1473 necessitate
781 1407 1016 1492 medii).
1066 1407 1293 1473 Sedulo
1340 1409 1533 1474 etiam
1578 1409 2036 1474 animadvertat
2082 1410 2512 1491 confessarius,
2552 1412 2615 1475 in
2665 1412 2835 1478 aliud

371 1512 617 1595 tempus
648 1510 1040 1576 reiiciendam
1078 1529 1207 1575 esse
1242 1511 1697 1577 absolutionem
1734 1511 1926 1591 illius,
1953 1513 2062 1594 qui
2092 1514 2435 1578 necessaria
2466 1514 2833 1578 necessitate

372 1615 681 1698 praecepti
726 1633 838 1678 suo
884 1614 1036 1677 vitio
1082 1614 1278 1678 nescit
1325 1614 1390 1678 et
1435 1632 1506 1679 eo
1557 1614 1926 1696 quandoque
1958 1633 2106 1678 casu
2143 1616 2563 1697 poenitentem
2595 1616 2835 1679 absolvi

371 1735 567 1799 posse,
602 1736 725 1799 quo
758 1736 821 1782 se
852 1716 1161 1782 vincibilis
1198 1716 1386 1780 huius
1416 1716 1809 1800 ignorantiae
1840 1735 2014 1779 reum
2055 1717 2355 1800 agnoscat
2391 1717 2454 1781 et
2487 1718 2732 1781 accuset
2765 1736 2834 1780 ac

373 1820 595 1884 intime
625 1820 834 1885 dolens
871 1822 1010 1885 tum
1058 1839 1093 1884 a
1141 1820 1271 1883 Deo
1311 1819 1558 1883 veniam
1594 1818 1896 1902 precetur,
1932 1819 2070 1883 tum
2102 1819 2472 1884 confessario
2507 1821 2665 1884 serio
2699 1839 2836 1903 pro·

377 1921 616 1998 mittat,
632 1941 875 2005 operam
894 1942 958 1987 se
990 1922 1266 2006 impense
1290 1921 1606 1998 daturum,
1623 1940 1744 2003 qua
1773 1919 2016 1985 divinae
2039 1921 2281 2006 gratiae
2304 1921 2609 2005 praesidio
2636 1921 2835 1985 discat

369 2024 563 2088 etiam
596 2025 931 2090 necessaria
964 2025 1332 2090 necessitate
1363 2023 1759 2108 praecepti».
1804 2022 1964 2086 Tota
1995 2041 2142 2108 ergo
2177 2022 2476 2103 doctrina,
2513 2024 2703 2088 etiam
2722 2044 2834 2105 po-

364 2130 601 2190 strema
631 2128 991 2193 retineatur.

456 2228 540 2292 Et
586 2229 702 2294 hoc
748 2231 862 2309 est,
915 2228 1083 2312 quod
1129 2229 1282 2294 dicit
1326 2229 1563 2294 Auctor
1594 2230 1807 2294 noster
1851 2228 1915 2293 in
1952 2229 2152 2312 prima
2192 2230 2367 2312 parte
2413 2230 2830 2295 resolutionis.

370 2329 431 2397 S.
465 2330 822 2414 Alphonsus
871 2331 947 2395 ad
993 2332 1055 2395 h.
1095 2332 1302 2396 locum
1333 2330 1624 2396 Auctoris
1673 2350 1745 2395 ex
1791 2328 2380 2396 Salmanticensibus
2413 2331 2586 2397 addit
2632 2332 2836 2397 condi-

374 2434 608 2498 tionem
632 2433 832 2498 «Nisi
837 2435 1024 2515 prius
1038 2432 1107 2497 hi
1127 2432 1436 2498 admoniti
1455 2431 2186 2517 neylexerintaddiscere
2205 2460 2237 2490 »
2252 2484 2264 2509 ,
2280 2436 2441 2498 certe
2459 2436 2513 2497 si
2530 2434 2832 2499 admoniti

363 2534 596 2601 fuerint
625 2556 748 2603 non
774 2555 897 2602 una
922 2538 1172 2603 tantum
1205 2537 1304 2602 vel
1339 2537 1534 2602 altera
1575 2536 1726 2614 vice,
1741 2535 1845 2602 sed
1878 2535 2143 2620 saepius,
2170 2538 2244 2601 ut
2279 2536 2455 2601 aiunt
2485 2536 2672 2601 iidem
2705 2535 2834 2602 Sal-

374 2639 780 2703 manticenses
828 2642 1011 2705 tract.
1047 2642 1151 2704 21.
1188 2660 1238 2704 0.
1275 2643 1334 2703 2.
1372 2661 1433 2704 11.
1477 2642 1580 2704 59.
1622 2639 1696 2703 de
1741 2638 1925 2717 Fide,
1963 2640 2070 2722 qui
2120 2639 2394 2704 subdunt
2439 2640 2556 2704 hoc
2604 2640 2828 2704 etiam:

380 2764 417 2798 ‹
448 2739 732 2807 Ceterum
754 2742 1113 2809 Filliuccius
1136 2744 1374 2808 innuit:
1404 2762 1533 2807 esse
1568 2746 1811 2806 tantum
1834 2743 2203 2806 conveniens
2232 2743 2324 2806 ita
2358 2763 2497 2806 cum
2524 2742 2831 2807 similibus

367 2841 712 2924 aliquando
749 2864 813 2910 se
843 2864 1081 2930 gerere3
1116 2866 1239 2910 non
1287 2848 1494 2911 tamen
1541 2846 1974 2922 necessarium,
2008 2846 2274 2909 maxime
2311 2846 2527 2910 habita
2576 2846 2833 2929 promis-

368 2946 562 3025 sione,
602 2947 766 3029 quod
792 2966 862 3012 ea
888 2967 1078 3030 quam
1102 2949 1373 3031 primum
1407 2946 1808 3012 addiscent».
1833 2946 2090 3011 Addunt
2122 2949 2360 3012 autem:
2405 2974 2438 3006 «
2457 2948 2538 3013 Et
2563 2947 2830 3013 Sanchez

367 3049 568 3127 docet,
619 3069 961 3132 numquam
1008 3053 1121 3116 aut
1166 3051 1480 3115 rarissime
1527 3048 1874 3135 negandam
1922 3068 2052 3114 esse
2102 3049 2557 3114 absolutionem
2607 3050 2682 3115 ob
2731 3049 2833 3115 do-

370 3153 607 3217 ctrinae
636 3154 1009 3218 christianae
1040 3153 1496 3239 ignorantiam:
1533 3154 1679 3236 quia
1718 3152 2126 3218 confessarius
2175 3154 2383 3237 potest
2428 3154 2828 3236 poenitenteS,

366 3256 774 3336 quantumvis
806 3256 1092 3331 rusticoS‚
1133 3255 1509 3320 sufficienter
1529 3256 1835 3320 instruere
1868 3255 1931 3318 et
1953 3256 2040 3318 sic
2062 3256 2400 3320 instructos
2434 3256 2828 3320 absolvere».

367 3357 469 3421 Ad
493 3377 651 3439 quae
675 3357 1189 3423 Salmanticenses
1200 3357 1468 3422 dicentes
1493 3376 1615 3423 non
1639 3376 1818 3441 posse
1836 3376 1900 3421 se
1924 3357 2301 3421 subscribere
2325 3358 2471 3422 huic
2494 3358 2829 3434 doctrinae,

368 3477 495 3523 non
533 3460 686 3524 satis
721 3460 864 3543 apte
897 3460 1162 3524 afferunt
1194 3459 1270 3523 ad
1302 3459 1364 3524 id
1396 3459 1779 3544 probandam
1803 3459 2165 3523 damnatam
2198 3459 2275 3523 ad
2299 3460 2506 3524 Innoc.
2543 3460 2653 3523 XI.
2688 3460 2834 3525 Pro-

369 3564 558 3646 posit.
609 3562 773 3645 quod
827 3588 862 3622 «
894 3562 1333 3628 Absolutionis
1363 3583 1564 3643 capax
1608 3564 1717 3627 sit·
1738 3561 1933 3637 homo,
1966 3563 2364 3644 quantumvis
2397 3563 2636 3626 laboret
2664 3564 2834 3644 {9720-

371 3665 593 3728 rantia
637 3665 1077 3747 mysteriorum
1107 3664 1259 3746 fidei
1289 3690 1357 3743 »ς
1393 3685 1539 3730 nam
1585 3666 1639 3730 si
1674 3665 1967 3729 instructi
2013 3667 2161 3729 sunt
2210 3683 2244 3728 a
2292 3664 2684 3743 confessario,
2710 3683 2831 3729 non

369 3767 661 3832 laborant
705 3767 1079 3853 ignorantia.

466 3866 526 3932 S.
565 3868 938 3950 LeonarduS,
974 3872 1048 3936 111
1084 3871 1270 3935 refert
1301 3891 1350 3936 s.
1384 3871 1740 3953 Alphonsus
1774 3870 1815 3933 l.
1852 3889 1902 3933 0.
1942 3890 2001 3933 n.
2045 3869 2149 3934 32.
2185 3869 2400 3934 contra
2448 3868 2724 3948 docebat,
2754 3875 2833 3934 te-

364 3972 519 4035 neri
547 3971 986 4038 confessarium
1031 3974 1336 4038 instruere
1367 3973 1503 4056 (seu
1539 3974 1615 4036 ut
1661 3972 1753 4037 ait
1797 3991 2009 4056 reapse
2045 3972 2210 4037 idem
2241 3972 2617 4053 Leonardus,
2659 3994 2832 4054 expe-

365 4074 553 4140 diens
598 4094 746 4154 esse,
790 4077 864 4140 ut
910 4076 1318 4141 confessarius
1363 4077 1656 4152 instruat,
1706 4075 1811 4140 sed
1858 4076 1914 4140 si
1958 4076 2274 4141 absolvere
2321 4076 2478 4154 vult,
2528 4076 2831 4141 instruere

372 4177 585 4262 debet)
632 4178 1015 4262 poenitentes
1053 4178 1235 4244 rudes
1267 4179 1333 4243 in
1369 4178 1682 4264 mysteriis
1728 4177 1890 4257 fidei,
1941 4179 2164 4244 saltem
2195 4179 2259 4242 in
2298 4181 2571 4261 quatuor
2615 4180 2834 4263 princi·

365 4280 636 4362 palibus
678 4306 712 4339 «
744 4278 1019 4356 Bonum,
1052 4282 1273 4363 inquit,
1308 4301 1436 4346 non
1467 4285 1562 4345 est
1579 4279 1912 4345 consilium
1949 4280 2260 4347 dimittere
2293 4281 2524 4346 similes
2556 4283 2829 4367 ignarOS,

362 4383 443 4446 ut
484 4381 562 4445 ab
609 4382 748 4446 aliis
796 4383 947 4446 haec
992 4382 1360 4462 doceantur3
1396 4385 1544 4466 quia
1590 4384 1800 4448 nullus
1835 4384 1994 4448 alius
2033 4385 2382 4467 sperabitur
2417 4385 2679 4463 fruetus,
2712 4385 2832 4449 nisi

366 4485 447 4547 ut
486 4483 574 4547 sic
633 4484 838 4568 ignari
888 4488 1246 4550 remaneant
1291 4485 1549 4568 ideoque
1610 4485 1943 4566 expediens
1989 4490 2097 4564 est,
2148 4486 2414 4550 breviter
2460 4507 2563 4552 eos
2619 4485 2833 4551 docere

367 4584 691 4669 praedicta
721 4586 1018 4670 mysteria
1044 4587 1426 4672 principalia,
1454 4587 1770 4654 efficiendo
1796 4590 2030 4673 pariter
2052 4590 2127 4653 ut
2156 4608 2365 4652 secum
2389 4590 2639 4653 eliciant
2657 4591 2831 4650 actus
