3497 5147
344 362 490 437 [429]
1244 376 1661 420 sacarnmmu
1700 377 1910 416 naam
2696 360 2807 416 317

433 473 651 538 Solent
697 494 905 539 sacrae
951 475 1151 538 vestes
1190 474 1466 539 adhiberi
1513 474 1590 538 ad
1637 474 1863 539 devota
1911 473 2216 556 quaedam
2261 472 2585 537 involucra
2625 472 2812 535 eonfi-

341 577 554 641 cienda
601 579 665 641 et
710 577 972 661 appendi
1026 576 1240 641 deinde
1286 577 1446 642 collo
1495 579 1606 641 aut
1666 576 1904 661 gestari
1949 575 2297 641 devotionis
2344 594 2536 640 causa
2583 574 2807 659 (vulgo

340 680 867 862 ΜΘᾸῩ-,Ξῂἑῖλίὶωωί
904 783 1065 847 bona
1102 782 1359 847 mobilia
1390 782 1487 846 vel
1532 781 1880 846 immobilia
1916 780 2214 865 deputata
2247 780 2326 845 ad
2362 780 2806 846 sustentandos

338 884 660 948 ministros
706 903 829 966 qua
875 884 1034 949 tales
1081 886 1194 949 aut
1252 903 1411 966 quae
1455 884 1813 948 deserviunt
1859 883 2168 949 ornandae
2235 884 2525 947 ecclesiae
2582 882 2681 946 vel
2728 882 2808 946 ad

341 985 658 1064 fabricam,
684 987 1078 1071 sacrilegium
1110 987 1207 1051 est
1237 1006 1309 1051 ea
1338 1005 1657 1070 usurpare.
1689 986 1832 1051 Non
1863 1005 2008 1051 sane
2038 986 2231 1050 laesio
2263 1003 2796 1066 quorumcumque

343 1088 644 1153 bonorum
674 1089 1248 1168 ecclesiasticorum,
1276 1090 1367 1153 ait
1390 1109 1437 1154 s.
1466 1089 1823 1172 Alphonsus
1854 1088 1988 1152 heic
2019 1109 2080 1152 0.
2100 1088 2341 1165 42.,031
2370 1087 2794 1171 sacrilegium3

339 1189 447 1254 sed
508 1191 759 1255 tantum
803 1210 1036 1268 eorum,
1085 1211 1243 1275 quae
1286 1191 1599 1275 pertinent
1659 1191 1737 1254 ad
1786 1192 2074 1256 ornatum
2139 1191 2429 1256 eeclesiae
2495 1192 2608 1254 301
2653 1190 2808 1253 3001

338 1291 641 1376 deputata
688 1293 764 1357 ad
810 1294 1328 1359 sustentationem
1372 1295 1824 1372 ministrorum,
1858 1313 1980 1377 qua
2028 1294 2186 1358 tales
2235 1295 2399 1358 sunt.

430 1396 719 1460 Retinere
742 1398 952 1460 tamen
981 1396 1210 1461 iniuste
1241 1397 1453 1482 legata
1483 1396 1792 1462 Ecclesiae
1830 1396 2048 1460 relicta
2081 1415 2202 1461 non
2258 1395 2517 1481 putatur
2555 1394 2804 1482 sacrile-

336 1499 534 1584 gium,
568 1499 717 1580 quia
761 1499 1037 1563 nondum
1066 1502 1213 1564 sunt
1244 1499 1306 1563 10
1337 1499 1718 1582 possessione
1765 1499 2091 1576 Ecclesiae,
2126 1498 2232 1562 sed
2276 1500 2513 1562 remote
2548 1497 2694 1560 sunt
2718 1496 2797 1559 ad

335 1601 679 1665 Ecclesiam
724 1599 1055 1666 destinata.

426 1704 589 1767 Item
619 1722 743 1768 non
773 1705 1056 1767 censetur
1084 1704 1481 1789 sacrilegium
1526 1723 1650 1769 000
1679 1704 1917 1769 solvere
1947 1702 2237 1779 decimas,
2270 1701 2376 1765 sed
2408 1700 2621 1784 potius
2652 1699 2799 1762 irre-

333 1804 668 1888 ligiositaS,
699 1825 821 1887 qua
852 1805 1202 1871 detrahitur
1248 1825 1355 1890 per
1401 1805 1799 1871 omissionem
1829 1803 2239 1888 recognitioni
2286 1802 2484 1866 divini
2517 1799 2795 1867 dominii.

340 1906 670 1970 Praeterea
710 1926 853 1971 cum
897 1909 1237 1972 sustentari
1280 1909 1359 1973 iis
1405 1908 1627 1973 debeat
1670 1908 1975 1992 parochus
2022 1908 2210 1989 atque
2257 1905 2408 1970 adeo
2455 1903 2797 1969 intercedat

338 2007 598 2091 quidam
627 2011 1000 2087 0001130103,
1032 2010 1304 2076 laeditur
1334 2012 1528 2076 etiam
1557 2010 1830 2076 iustitia.

428 2110 696 2193 Tempus
742 2129 988 2177 sacrum
1037 2131 1161 2177 non
1214 2116 1497 2178 censetur
1557 2113 1778 2178 addere
1822 2114 2088 2196 speciem
2148 2111 2460 2197 sacrilegii
2524 2112 2797 2194 11000310,

329 2212 454 2278 0131
481 2213 781 2279 notabilis
811 2214 1064 2278 accedat
1090 2215 1489 2279 irreverentia
1521 2236 1579 2280 v.
1613 2236 1708 2301 gr.
1744 2234 1927 2300 agere
1974 2216 2322 2281 comoedias
2357 2216 2470 2279 aut
2516 2214 2802 2297 publicos

328 2316 516 2381 ludos
578 2319 751 2381 sexta
811 2317 965 2381 feria
1023 2318 1276 2382 maioris
1337 2318 1775 2383 hebdomadae.
1824 2318 2155 2383 Accederet
2214 2321 2426 2383 tamen
2488 2315 2800 2401 sacrilegii

325 2420 584 2503 31100103,
624 2420 679 2484 31
709 2419 858 2502 quid
888 2423 1038 2485 tunc
1068 2421 1356 2505 ageretur
1391 2421 1454 2485 in
1493 2421 1792 2504 temporis
1822 2421 1984 2485 sacri
2015 2421 2462 2504 contemptum.

443 2581 623 2634 xux.
653 2581 703 2634 4.
729 2582 966 2635 Peccatur
989 2579 1136 2634 etiam
1160 2580 1416 2645 sacrilegio
1452 2587 1654 2648 peccato
1692 2580 1989 2646 omissionis,
2016 2594 2063 2633 v.
2092 2595 2165 2644 gr.
2192 2580 2234 2633 si
2258 2595 2385 2646 quae
2409 2582 2469 2633 ad
2498 2579 2796 2634 sacrificium

326 2673 570 2733 spectant,
599 2671 650 2718 ut
689 2664 966 2732 corporalia
1002 2671 1051 2718 et
1088 2664 1281 2729 similia,
1311 2665 1407 2718 sint
1443 2668 1589 2720 valde
1623 2666 1889 2720 immunda.
1916 2667 2035 2718 Bon.
2063 2663 2130 2719 de
2155 2665 2324 2720 Euch.

419 2788 608 2864 429.
632 2791 1042 2877 Sacrilegium
1068 2793 1382 2858 interdum
1411 2796 1618 2877 potest
1648 2794 1861 2858 haberi
1884 2794 1948 2858 in
1987 2794 2121 2859 sola
2159 2793 2509 2871 omissione,
2544 2794 2600 2858 si
2630 2812 2788 2876 quae

319 2898 616 2980 spectant
653 2895 731 2961 ad
763 2896 1135 2960 sacrificium
1171 2898 1285 2960 aut
1316 2895 1394 2960 ad
1425 2898 1882 2961 sacramentum
1915 2895 2094 2960 valde
2138 2896 2460 2960 immunda
2490 2896 2639 2968 sint,
2672 2896 2790 2960 dis-

322 3002 517 3082 rupta
543 3000 661 3063 etc.
687 2999 790 3063 Ita
821 3000 874 3063 si
904 3000 1042 3081 quis
1065 2998 1326 3063 Missam
1356 2999 1620 3062 celebret
1652 2999 1781 3063 sine
1813 2999 2003 3063 sacris
2026 2998 2303 3063 vestibus
2336 3001 2450 3062 aut
2480 2999 2792 3062 consecret

322 3103 552 3166 vinum
581 3122 640 3167 v.
680 3122 776 3188 gr.
812 3103 877 3166 in
918 3101 1214 3185 ampulla.

418 3205 693 3269 Ratione
726 3203 1039 3288 sacrilegii
1066 3204 1411 3269 habebatur
1442 3204 1995 3269 excommunicatio
2036 3203 2203 3267 latae
2234 3204 2599 3268 sententiae.

519 3308 587 3370 1ο
616 3307 688 3371 In
721 3325 1107 3390 percussores
1142 3306 1523 3379 clericorum,
1557 3307 1665 3388 qui
1696 3306 1752 3370 si
1781 3306 2014 3371 notorii
2050 3306 2196 3383 sint,
2235 3306 2382 3370 sunt
2412 3304 2671 3372 vitandi.

515 3410 586 3473 2⁰
616 3409 688 3473 In
720 3409 1027 3473 violantes
1056 3407 1519 3472 immunitatem
1546 3408 2049 3473 ecclesiasticam.

514 3507 588 3574 3⁰
618 3510 691 3574 In
725 3510 1111 3593 imponentes
1142 3510 1382 3574 tributa
1413 3509 1683 3573 ecclesiis
1716 3510 1834 3573 010.

514 3613 588 3676 4⁰
617 3613 689 3676 In
721 3612 1109 3697 effringentes
1148 3614 1210 3677 et
1241 3610 1622 3695 expoliantes
1658 3611 1798 3676 loca
1829 3630 2023 3674 sacra.

416 3719 495 3782 In
523 3715 934 3781 incendiarios
963 3716 1096 3780 lata
1128 3716 1224 3780 est
1259 3713 1910 3779 excommunicationis
1947 3732 2162 3797 poena,
2196 3711 2300 3777 sed
2338 3713 2547 3796 potest
2577 3712 2790 3778 haberi

317 3842 444 3888 0011
473 3817 762 3884 ferendae
791 3817 1153 3884 sententiae.

418 3921 604 3986 Nunc
647 3921 792 3985 vero
826 3921 899 3984 3²
927 3921 993 3985 et
1034 3921 1109 3984 4⁰
1137 3921 1500 4003 antiquatae
1545 3923 1714 3994 sunt,
1762 3919 1996 4003 priores
2042 3921 2200 3985 duae
2245 3923 2597 3986 reservatae
2644 3924 2791 3986 sunt
2833 3920 2844 3927 ’

316 4028 617 4093 Romano
648 4023 966 4088 Pontifici:
1001 4022 1105 4087 sed
1136 4022 1344 4088 confer
1372 4023 1445 4087 de
1476 4022 1573 4087 his
1605 4025 1685 4087 tr.
1719 4022 1794 4086 de
1834 4021 2151 4088 Ceasar-is,

444 4171 500 4221 L.
526 4170 577 4221 5.
606 4170 657 4220 10
683 4164 987 4219 confessione
1010 4164 1322 4232 exprimenda
1351 4172 1426 4219 est
1462 4165 1652 4233 species
1688 4173 1738 4221 et
1776 4167 1978 4221 materia
2017 4166 2278 4231 sacrilegii.
2308 4168 2455 4222 Ratio
2495 4166 2678 4234 prioris
2704 4174 2800 4233 031,

319 4253 444 4323 quia
472 4266 621 4320 saepe
647 4251 894 4305 diversam
920 4249 1150 4304 malitiam
1175 4253 1323 4304 habet
1352 4265 1398 4303 v.
1424 4267 1499 4317 gr.
1526 4251 1779 4317 percussio
1804 4251 2085 4306 Sacerdotis
2115 4259 2164 4305 et
2192 4251 2448 4305 fornicatio
2476 4266 2585 4305 0001
2611 4254 2804 4306 eodem.

321 4338 477 4395 Ratio
501 4336 799 4406 posterioris
822 4344 913 4399 est,
942 4334 1052 4401 quia
1079 4335 1222 4389 etiam
1249 4336 1450 4389 materia
1491 4336 1751 4403 aliquando
1779 4345 1922 4400 auget
1947 4345 1995 4390 et
2019 4337 2156 4389 addit
2187 4336 2420 4390 malitiam
2447 4356 2459 4391 ε
2491 4351 2537 4390 v,
2563 4353 2639 4402 gr.
2666 4336 2708 4390 si
2733 4337 2800 4390 sit

321 4433 502 4480 contra
542 4419 920 4483 Euenus-istim,
948 4419 1095 4483 addit,
1133 4419 1400 4474 secundum
1438 4422 1738 4486 Gordonum,
1772 4422 2015 4474 communi
2048 4420 2306 4474 violationi
2343 4421 2416 4475 rei
2458 4437 2626 4475 sacrae
2665 4421 2796 4474 aliud

324 4518 588 4577 peecatum
623 4513 799 4562 contra
838 4504 1044 4559 latriam.
1070 4504 1317 4569 Attingere
1355 4512 1517 4559 autem
1558 4508 1684 4559 nuda
1723 4519 1867 4558 10300
1906 4504 2102 4572 calices,
2131 4514 2344 4573 patenas,
2374 4520 2500 4567 aras,
2530 4521 2696 4570 agnos,
2723 4518 2798 4556 ce·

326 4610 449 4650 reos
470 4604 566 4650 ete.
593 4592 864 4649 chrismate
888 4589 1104 4644 delibuta
1130 4605 1226 4644 000
1254 4590 1366 4644 ticet
1392 4589 1580 4644 seminis
1605 4598 1655 4644 et
1679 4589 1832 4644 laicis.
1860 4590 1990 4645 Citra
2027 4598 2356 4658 contemptum
2385 4599 2544 4645 tamen
2589 4603 2681 4642 000
2722 4593 2797 4639 est
