3497 5147
384 345 566 421 [1057]
836 359 986 408 Qum
1026 360 1120 400 sir
1157 360 1445 416 snsmcro,
1484 362 1773 404 iunicum
1812 365 2223 406 ’111111111611111111
2262 364 2391 405 mc.
2743 352 2848 407 785

383 462 569 526 homo
616 459 841 537 dicenS,
889 457 1122 531 dubito,
1158 459 1361 522 nescio
1394 458 1549 539 quid
1580 460 1821 523 dicam:
1869 460 2113 525 nullam
2158 461 2331 525 video
2376 461 2686 525 rationem
2719 482 2844 542 pro

382 561 695 626 alterutra
717 566 908 641 parte
937 564 1051 623 aut
1080 561 1251 624 video
1266 581 1463 640 pares
1502 563 1777 627 rationes
1795 585 1918 644 pro
1959 569 2242 646 utraque.

474 664 540 729 Si
577 682 721 728 vero
757 662 963 727 adsint
995 667 1362 747 argumenta
1396 664 1761 745 probabilia,
1799 666 2072 748 opinioni
2106 668 2200 730 est
2229 667 2437 732 locus:
2474 685 2656 750 porro
2706 687 2846 731 cum

385 769 731 851 opinamur,
759 785 1044 830 assensus
1070 766 1244 829 adest
1267 786 1389 831 non
1422 766 1484 829 in
1519 766 1719 849 ipsam
1743 788 1893 846 rem,
1923 770 2025 833 sed
2059 770 2122 833 in
2155 770 2287 834 eius
2315 769 2842 852 probabilitatem.

382 870 553 934 Haec
591 889 733 934 cum
764 868 1134 933 certitudine
1174 868 1560 942 affirmatum
1612 870 1798 934 simul
1837 871 2046 934 tamen
2079 872 2475 956 cognoscitur
2505 891 2634 936 rem
2666 891 2844 954 posse

386 973 566 1036 aliter
594 973 659 1035 in
693 990 756 1036 se
795 990 960 1036 esse:
996 971 1099 1034 sed
1132 970 1205 1035 de
1238 989 1329 1044 60,
1364 971 1426 1034 111
1474 971 1639 1053 quod
1671 971 1840 1036 cadit
1872 991 2175 1050 assensus,
2216 973 2391 1036 nulla
2422 973 2685 1038 formido
2727 976 2841 1038 est.

381 1073 599 1139 Manet
631 1074 839 1138 tamen
873 1073 1130 1137 dubium
1169 1073 1241 1137 de
1273 1073 1407 1155 ipsa
1439 1073 1526 1137 rei
1561 1073 1822 1137 veritate
1855 1075 1918 1137 et
1950 1075 2069 1138 huc
2117 1074 2277 1139 redit
2307 1074 2572 1140 formido
2611 1074 2741 1150 illa,
2770 1075 2843 1144 de

384 1195 507 1257 qua
556 1179 791 1241 veteres
836 1176 1217 1258 loquantum
1252 1194 1411 1256 qnae
1450 1177 1658 1239 tamen
1697 1195 1818 1240 non
1858 1178 1953 1240 est
1989 1176 2261 1257 qualitas
2302 1194 2606 1255 assensus,
2642 1180 2714 1240 ut
2753 1197 2845 1241 as-

384 1297 599 1343 sensus
654 1278 913 1343 exsistat
952 1276 1411 1351 formidolosus,
1461 1296 1619 1358 quae
1667 1280 1762 1342 est
1807 1297 1903 1342 res
1958 1278 2224 1342 monstri
2286 1277 2544 1342 similis:
2596 1278 2701 1342 sed
2751 1280 2845 1342 est

384 1381 657 1463 qualitas
682 1383 888 1446 status
911 1380 1160 1458 mentis,
1194 1399 1351 1462 quae
1376 1380 1580 1443 solum
1613 1382 1781 1445 certa
1814 1383 1909 1444 est
1932 1381 2005 1444 de
2043 1380 2483 1464 probabilitate
2515 1382 2622 1445 rei.
2651 1381 2843 1447 Porro

382 1484 652 1566 suspicio
669 1485 763 1549 est
780 1483 1083 1566 quaedam
1110 1482 1314 1566 opinio
1341 1501 1410 1545 ex
1441 1482 1682 1546 levibus
1714 1483 2082 1547 coniecturis
2102 1485 2289 1564 atque
2314 1483 2377 1546 in
2400 1484 2532 1566 ipsa
2559 1501 2845 1548 assensus

385 1588 577 1665 adest,
612 1606 732 1651 non
767 1587 844 1651 ·in
875 1605 1006 1650 rem
1052 1587 1252 1668 ipsam
1302 1585 1407 1649 sed
1444 1585 1505 1648 in
1546 1587 1677 1649 eius
1716 1585 2029 1667 quandam
2067 1585 2573 1668 probabilitatem
2603 1586 2732 1650 sive
2780 1588 2844 1651 in

383 1691 499 1755 hoc
534 1690 957 1772 complexum:
988 1686 1149 1766 forte
1178 1706 1282 1750 res
1319 1691 1412 1751 est
1441 1688 1553 1750 ita.

471 1793 524 1856 A
562 1792 788 1857 iudicio
821 1810 931 1856 3611
964 1808 1214 1855 assensu
1246 1795 1413 1854 certo
1447 1790 1519 1853 de
1554 1790 1997 1872 probabilitate
2029 1792 2138 1869 rei,
2179 1792 2343 1873 quod
2377 1792 2496 1855 dici
2529 1791 2688 1855 solet
2721 1793 2847 1875 opi·

383 1895 686 1971 nativum,
714 1893 936 1970 differt,
963 1893 1204 1958 ratione
1231 1892 1473 1968 obiecti,
1500 1892 1799 1956 iudicium
1833 1892 1961 1957 sive
1995 1911 2279 1958 assensus
2312 1895 2516 1958 certus
2546 1893 2612 1957 in
2643 1894 2844 1977 ipsam

382 2017 509 2062 rem
558 1997 656 2061 vel
701 1996 788 2061 rei
838 1995 1202 2072 veritatem3
1254 1996 1368 2059 hoc
1415 1994 1577 2058 enim
1628 1995 2006 2060 assentimur
2051 2016 2158 2061 3611
2191 1997 2541 2062 iudicamus
2572 2017 2714 2062 vere
2750 1998 2844 2063 ita

384 2119 512 2164 esse
544 2103 607 2164 et
638 2099 899 2164 vocatur
931 2099 1008 2162 ab
1039 2097 1396 2182 Augustino
1429 2095 1758 2175 definitiva
1787 2097 1884 2160 rei
1911 2099 2242 2162 sententia.

473 2202 747 2282 Quilibet
776 2220 849 2266 ex
880 2201 976 2264 his
1008 2199 1270 2275 actibus,
1306 2202 1378 2263 ut
1410 2200 1603 2281 patet,
1637 2199 1827 2263 habet
1856 2200 2165 2265 rationem
2197 2201 2315 2264 sui.
2350 2197 2509 2263 Cum
2534 2201 2706 2264 nulla
2741 2222 2842 2284 ap-

382 2307 601 2389 parent
623 2305 860 2370 motiva
885 2302 1235 2368 affirmandi
1260 2305 1370 2366 aut
1401 2302 1666 2386 negandi
1692 2321 1840 2378 rem,
1875 2302 2003 2366 sive
2036 2303 2210 2385 paria
2244 2322 2314 2365 ex
2347 2303 2611 2384 utraque
2641 2305 2838 2385 parte,

383 2409 628 2491 oportet
652 2410 724 2472 ut
747 2406 1024 2471 dicamus
1056 2425 1185 2470 rem
1210 2404 1387 2469 nobis
1414 2424 1542 2468 esse
1567 2404 1841 2482 dubiam,
1868 2423 1980 2468 nos
2013 2404 2086 2468 (16
2119 2424 2182 2469 16
2207 2403 2525 2482 dubitare;
2553 2406 2841 2486 quamvis

379 2512 433 2576 si
463 2511 703 2576 motiva
742 2510 883 2575 hinc
914 2508 1052 2572 inde
1087 2508 1309 2583 adsint,
1346 2506 1531 2570 simul
1565 2508 1756 2571 etiam
1790 2506 2100 2572 affirmare
2132 2527 2274 2571 611111
2306 2506 2674 2571 certitudine
2705 2527 2841 2592 pos·

380 2614 594 2692 simus,
629 2616 961 2694 utramque
998 2612 1237 2694 partem
1286 2628 1415 2673 esse
1463 2610 1865 2692 probabilem.
1901 2608 1964 2674 Si
2003 2609 2257 2693 proinde
2293 2609 2700 2692 probabilitas
2735 2611 2842 2673 ali-

382 2716 556 2779 cuius
596 2715 936 2779 sententiae
969 2715 1283 2797 appareat,
1335 2712 1509 2775 adest
1540 2713 1701 2777 ratio
1740 2732 1851 2776 cur
1883 2713 2263 2777 affirmemus
2295 2732 2438 2777 cum
2475 2709 2841 2776 certitudine

383 2837 519 2882 eam
545 2837 673 2882 esse
697 2816 1077 2902 probabilem
1104 2818 1184 2890 et,
1220 2814 1553 2878 secundum
1580 2815 1838 2891 motiva,
1875 2815 2076 2898 magis
2100 2815 2198 2880 vel
2221 2813 2428 2879 minus
2462 2814 2840 2898 probabilem

381 2943 570 3006 quam
604 2925 819 2988 altera.
851 2920 915 2987 Si
947 2922 1197 2987 tandem
1228 2920 1424 3003 ipsius
1456 2920 1545 2983 rei
1578 2919 1808 2982 veritas
1841 2938 1904 2983 se
1929 2920 2303 2999 manifestet,
2332 2918 2507 2984 adest
2536 2919 2699 2983 ratio
2733 2938 2844 2983 cur

380 3029 515 3111 ipsa
554 3048 649 3093 res
689 3026 1053 3101 affirmetur,
1104 3024 1349 3088 exclusa
1388 3021 1606 3105 quavis
1657 3022 1977 3105 oppositae
2016 3024 2356 3087 sententiae
2405 3022 2843 3106 probabilitate

380 3132 483 3212 (cf.
519 3132 903 3216 praeclarum
939 3147 1093 3212 opus
1125 3124 1305 3191 Card.
1345 3124 1400 3189 N
1407 3146 1437 3188 e
1450 3144 1641 3189 wman
1676 3123 1750 3187 de
1785 3123 2120 3208 Assensu).

472 3230 678 3306 1057.
729 3233 793 3299 Si
825 3232 964 3313 quis
1004 3249 1150 3313 ergo
1190 3229 1280 3292 ita
1330 3247 1393 3292 se
1431 3247 1577 3312 erga
1616 3228 1966 3310 proximum
1997 3229 2196 3310 gerat,
2231 3228 2307 3289 ut
2337 3228 2617 3311 singulos
2665 3228 2840 3292 actus

378 3356 487 3401 3611
533 3333 944 3401 dubitationis
991 3351 1101 3396 seu
1150 3330 1454 3413 opinionis
1503 3348 1611 3391 3611
1659 3327 2095 3391 affirmationis
2142 3327 2215 3391 de
2276 3327 2548 3392 eiusdem
2595 3330 2840 3395 malitia

378 3442 590 3520 ponat,
625 3457 767 3502 cum
793 3434 1125 3501 eorundem
1152 3436 1407 3496 actuum
1431 3431 1592 3493 ratio
1613 3430 1921 3492 sufficiens
1950 3428 2141 3505 adest,
2169 3428 2385 3510 nequit
2415 3428 2536 3493 dici
2559 3449 2836 3511 peccare3

382 3542 515 3623 agit
547 3541 710 3604 enim
748 3536 1085 3603 secundum
1117 3533 1385 3598 indolem
1424 3531 1750 3595 rationalis
1781 3532 2064 3593 naturae.
2724 3525 2736 3535 “

472 3639 535 3705 Si
582 3661 725 3706 vero
773 3659 882 3724 pro
931 3637 1194 3723 singulis
1244 3636 1484 3699 actibus
1532 3634 2003 3717 proportionata
2051 3631 2252 3696 desint
2297 3634 2538 3698 motiva
2582 3634 2842 3716 ideoque

381 3745 507 3810 sint
547 3744 722 3808 actus
753 3743 819 3806 hi
855 3738 1188 3817 temerarii,
1216 3739 1365 3802 tunc
1397 3738 1645 3819 peccato
1686 3736 1861 3800 locus
1897 3734 2014 3798 erit
2046 3734 2108 3799 in
2133 3734 2211 3798 iis
2238 3736 2479 3800 actibus
2511 3737 2629 3799 1106
2660 3739 2841 3819 pacto

382 3847 638 3931 positis:
688 3845 921 3929 peccati
956 3846 1166 3907 autem
1203 3840 1364 3905 ratio
1405 3842 1499 3903 631
1537 3840 1597 3902 111
1634 3840 1768 3915 1106,
1811 3838 1976 3919 quod
2025 3841 2288 3921 vergant
2324 3838 2387 3901 in
2419 3838 2844 3923 contemptum

382 3948 665 4034 proximi.
702 3946 763 4012 S.
791 3948 1062 4011 Thomas
1091 3945 1135 4009 1.
1171 3964 1221 4009 c.

471 4052 562 4118 Ut
594 4054 803 4116 autem
843 4049 1162 4132 peccatum
1195 4048 1297 4121 sit,
1334 4047 1579 4129 oportet
1611 4046 1684 4107 ut
1719 4042 1882 4107 adsit
1914 4042 2301 4106 advertentia
2338 4043 2561 4107 saltem
2592 4043 2846 4108 confusa

380 4156 458 4220 ad
475 4155 782 4220 defectum
814 4150 1076 4216 rationis
1108 4148 1470 4213 sufficientis
1496 4166 1605 4210 cur
1636 4145 1880 4209 dubites
1914 4145 1986 4209 de
2027 4144 2310 4209 bonitate
2347 4146 2457 4207 aut
2486 4143 2728 4209 malitia
2757 4145 2848 4209 al-

379 4260 594 4334 1611113,
629 4275 739 4322 6111·
770 4255 937 4319 (11663
970 4250 1285 4335 probabile
1318 4269 1447 4314 esse
1480 4249 1643 4330 quod
1677 4248 1761 4312 sit
1791 4249 2016 4324 11161113,
2045 4267 2153 4312 6111
2185 4246 2358 4311 dicas
2398 4248 2602 4330 ipsum
2636 4267 2847 4330 reapse

377 4381 509 4427 esse
547 4360 805 4427 malum.
842 4355 908 4421 Si
946 4353 1330 4419 advertentia
1377 4370 1448 4415 ea
1496 4371 1746 4434 prorsus
1797 4351 2010 4429 deerit,
2047 4369 2217 4415 error
2258 4369 2388 4414 esse
2424 4350 2672 4433 poterit,
2723 4369 2843 4415 non

380 4468 720 4546 peccatum.
755 4460 934 4524 Hanc
965 4477 1110 4522 sane
1159 4455 1609 4521 advertentiam
1644 4474 1852 4518 omnes
1888 4455 2023 4517 DD.
2075 4453 2418 4534 requirunt.
2451 4452 2644 4517 Porro
2693 4453 2841 4517 bene

488 4601 769 4643 Banmrm.
804 4622 845 4632 -—
881 4596 1053 4641 Mor-al.
1084 4595 1219 4639 Tom.
1251 4592 1320 4637 11.
2678 4587 2731 4629 50
