3497 5147
683 386 756 442 46
1047 398 1261 441 TRAc‘r.
1300 401 1356 441 v.
1396 397 1559 441 smc‘r.
1603 400 1641 439 1.
1680 399 1766 439 mr.
1804 395 2178 438 nummatis
2217 396 2406 436 mom.
2446 394 2643 439 cAPm·
2682 397 2768 436 111.
3037 382 3144 459 [70]

774 497 946 561 Idem
993 496 1318 561 dicendum
1366 497 1419 560 si
1467 515 1606 561 esus
1654 495 1931 559 carnium
1959 494 2095 577 lege
2127 493 2436 557 Ecclesiae
2473 494 2811 557 vetitarum
2850 494 2967 559 tibi
2999 513 3148 561 sano

683 601 1062 683 imponatur,
1095 600 1187 663 ita
1235 602 1309 664 ut
1353 598 1742 663 moriendum
1776 597 1893 661 tibi
1926 597 2030 669 sit,
2065 596 2184 660 nisi
2234 595 2481 660 obedias
2531 597 2642 659 aut
2680 613 2917 659 morem
2948 615 3148 681 geras,

683 702 861 785 Lugo
894 703 935 767 l.
971 722 1021 766 c.
1056 722 1116 766 n.
1172 702 1318 765 111.
1368 700 1554 766 Secus
1602 719 1815 765 carnes
1861 700 2090 764 vetitas
2138 699 2311 764 edere
2358 700 2532 782 potes
2566 699 2722 763 etin
2756 699 2908 764 locis
2943 700 3151 765 haere-

683 805 953 870 ticorum
1000 807 1251 888 propter
1282 804 1719 869 necessitatem
1752 804 1830 867 ab
1860 803 2215 881 intrinseco,
2258 803 2312 867 si
2351 803 2460 866 alii
2484 802 2601 866 cibi
2634 801 2753 866 tibi
2785 802 3008 867 desunt
3040 805 3152 868 aut

685 909 927 984 nocent,
962 928 1086 990 qua
1134 908 1196 971 in
1242 907 1592 992 hypothesi,
1633 906 1687 971 si
1718 908 1938 970 notum
1972 906 2056 969 sit
2088 908 2150 969 te
2188 924 2320 969 esse
2352 904 2728 968 catholicum
2762 906 2824 968 et
2855 904 3152 969 damnum

686 1029 808 1075 non
856 1009 1263 1093 spernendum
1311 1009 1513 1086 times,
1554 1009 1728 1091 potes
1780 1007 2067 1072 omittere
2098 1006 2614 1090 protestationem
2660 1026 2769 1071 cur
2814 1006 2876 1070 id
2928 1007 3149 1084 facias3

689 1113 838 1194 quia
885 1115 945 1176 et
992 1112 1180 1177 ceteri
1225 1111 1387 1176 idem
1435 1111 1710 1175 divinare
1748 1111 2029 1193 possunt.
2074 1108 2236 1189 Quid
2284 1128 2426 1174 vero
2484 1110 2536 1173 si
2595 1108 2711 1172 tibi
2756 1111 3013 1193 aegroto
3060 1110 3154 1194 ty·

688 1234 919 1280 rannus
945 1216 1284 1299 praecipiat
1320 1216 1495 1280 edere
1518 1233 1730 1279 carnes
1768 1214 1834 1277 in
1865 1215 2116 1299 signum
2153 1212 2586 1277 infidelitatis?
2631 1212 2979 1277 Praemissa
3011 1231 3153 1296 pro-

691 1318 1047 1396 testatione,
1096 1319 1159 1382 te
1205 1318 1267 1382 id
1329 1317 1527 1399 facere
1598 1317 1675 1381 ob
1736 1316 2187 1393 infirmitatem,
2239 1318 2577 1396 utrumque
2626 1315 2884 1392 obtines,
2945 1332 3152 1379 servas

688 1420 924 1485 scilicet
969 1420 1167 1484 vitam
1213 1422 1276 1484 et
1322 1418 1659 1484 Ecclesiam
1708 1437 1829 1483 non
1861 1418 2222 1482 contemnis,
2257 1414 2416 1482 Cum
2450 1436 2597 1502 ergo
2636 1417 2902 1481 tenearis
2932 1417 3151 1495 vitam,

689 1521 966 1604 quandiu
1010 1524 1187 1605 potes
1234 1540 1496 1600 servare,
1532 1520 1758 1585 videris
1791 1519 2027 1596 debere,
2055 1519 2395 1602 praemissa
2441 1519 2910 1603 protestatione,
2945 1537 3156 1583 carnes

686 1623 881 1688 edere.
930 1624 1107 1708 Lugo
1147 1623 1189 1687 l.
1225 1643 1275 1687 c.
1316 1642 1374 1685 n.
1415 1623 1561 1685 100.
1603 1622 1750 1685 10].

776 1721 900 1794 70.
929 1724 988 1790 S.
1024 1726 1159 1808 Inq.
1188 1723 1254 1789 C.
1293 1725 1702 1809 interrogata,
1746 1743 1824 1788 an
1857 1723 2045 1787 liceat
2075 1722 2399 1787 catholicis
2433 1723 2886 1788 haereticorum
2920 1724 3152 1807 templa

688 1827 1028 1905 aedificare,
1069 1828 1421 1910 respondit:
1477 1852 1513 1887 ‹
1545 1826 1684 1891 Non
1734 1845 1867 1890 esse
1912 1825 2367 1907 inquietandoS‚
2419 1824 2753 1890 dummodo
2807 1843 2931 1890 non
2986 1825 3148 1890 adsit

687 1928 1049 1993 scandalum
1073 1949 1181 1993 nec
1205 1929 1319 1993 fiat
1342 1931 1406 1993 in
1431 1930 1858 2011 contemptum
1883 1927 2266 2013 religionis...
2296 1928 2608 1992 Tenentur
2634 1931 2846 1993 autem
2873 1928 2951 1991 ab
2976 1946 3155 2011 opere

688 2030 1014 2107 abstinere,
1055 2028 1121 2094 1⁰
1155 2032 1261 2096 ubi
1291 2030 1648 2095 huiusmodi
1674 2050 1829 2113 opus
1864 2030 2277 2094 communiter
2321 2030 2626 2094 habeatur
2660 2050 2782 2109 pro
2813 2031 2997 2112 siquo
3014 2049 3155 2110 pro·

691 2134 971 2197 testativo
1002 2132 1195 2198 falsae
1241 2133 1592 2218 religionis:
1629 2135 1699 2196 20
1731 2133 1831 2198 vel
1856 2132 2089 2214 aliquid
2137 2134 2200 2197 in
2239 2132 2373 2215 ipso
2407 2133 2816 2210 contineatur,
2850 2133 3016 2215 quod
3047 2152 3156 2216 per

687 2255 771 2314 se,
807 2235 1033 2300 directe
1080 2256 1151 2300 ac
1197 2237 1373 2301 unice
1405 2235 1710 2319 exprimat
1740 2236 2238 2318 reprobationem
2264 2234 2553 2299 catholici
2587 2235 2793 2299 cultus
2831 2237 2894 2299 et
2933 2255 3155 2319 appro-

690 2338 1003 2402 bationem
1052 2338 1333 2403 damnati
1378 2340 1586 2403 cultus
1634 2339 2119 2403 haereticorum:
2171 2337 2241 2400 3⁰
2287 2339 2401 2402 aut
2446 2338 2707 2414 constet,
2744 2337 3011 2402 artifices
3058 2357 3155 2402 ca-

688 2442 953 2507 tholicos
1001 2442 1079 2507 ad
1127 2461 1282 2526 opus
1330 2441 1499 2526 adigi
1529 2443 1628 2506 vel
1674 2442 1885 2506 vocari
1919 2441 1996 2503 ab
2027 2440 2358 2504 haereticis
2391 2440 2454 2504 in
2477 2440 2913 2523 ¹contemptum
2946 2440 3155 2506 catho-

686 2545 841 2610 licae
884 2545 1225 2630 religionis.
1274 2542 1565 2610 Ceterum
1612 2544 1899 2627 quamvis
1948 2546 2119 2608 extra
2167 2544 2280 2608 hos
2328 2560 2508 2608 casus
2578 2542 2960 2625 relinquendi
3008 2544 3155 2609 sunt

691 2649 755 2712 in
780 2649 941 2712 bona
979 2647 1131 2722 fide;
1171 2666 1411 2729 semper
1442 2647 1652 2710 tamen
1684 2646 1975 2711 monendi
2002 2647 2169 2723 sunt,
2198 2665 2271 2710 ne
2309 2646 2764 2711 haereticorum
2794 2647 2995 2711 cultui
3020 2666 3155 2713 coo-

644 2793 651 2799 ·
687 2748 888 2830 perari
918 2747 1245 2812 intendant
1276 2772 1336 2811 ».
1377 2748 1476 2810 14.
1528 2748 1658 2811 Ian.
1698 2749 1888 2812 1818.
2067 2761 2074 2766 ·

774 2852 937 2915 Item
968 2871 1015 2916 3.
1050 2852 1292 2917 Poenit.
1328 2871 1488 2917 anno
1527 2852 1719 2916 1822.
1756 2852 1833 2916 ad
1881 2853 2256 2935 quaesitum,
2300 2876 2334 2910 «ε
2369 2872 2445 2916 an
2494 2853 2817 2917 catholicis
2849 2853 3034 2917 liceat
3055 2871 3155 2935 pe-

685 2955 934 3020 cuniam
980 2955 1367 3020 contribuere
1438 2975 1547 3039 pro
1620 2956 1997 3020 aedificando
2048 2956 2278 3039 templo
2327 2956 2637 3020 haeretico
2677 2981 2739 3033 »,
2787 2955 3146 3039 respondit:

693 3082 728 3116 ‹
759 3057 1173 3135 Affirmatiire,
1206 3057 1313 3121 sed
1358 3059 1610 3122 tantum
1659 3057 1735 3121 ad
1769 3077 1833 3122 se
1865 3077 2100 3140 suaque
2131 3058 2367 3141 templa
2402 3058 2482 3122 ob
2515 3058 2905 3123 incommoda
2941 3059 3055 3123 illa
3082 3077 3152 3124 ac

687 3158 1049 3222 scandalosa
1095 3178 1238 3222 cum
1282 3159 1786 3224 Protestantibus
1834 3160 2326 3226 simultaneitate
2372 3159 2761 3225 liberandum
2793 3187 2852 3224 ».

776 3255 877 3329 71.
913 3260 1086 3325 Licet
1131 3281 1205 3326 ne
1253 3261 1570 3345 disputare
1615 3282 1758 3327 cum
1805 3262 2196 3326 infidelibus?
2227 3263 2642 3348 Distinguunt
2680 3264 2982 3348 Theologi
3012 3284 3154 3328 cum

687 3361 985 3428 Caietano
1018 3364 1081 3428 in
1115 3365 1173 3427 2.
1210 3366 1270 3427 2.
1312 3383 1369 3446 q.
1409 3366 1511 3429 10.
1540 3385 1595 3429 a.
1636 3366 1691 3429 7.
1727 3365 2216 3448 disputationem
2264 3365 2655 3429 mterialem
2686 3369 2748 3431 et
2782 3366 3110 3446 formalem
3133 3387 3154 3430 .·

686 3484 760 3531 ea
807 3467 1143 3549 suscipitur
1189 3468 1441 3531 tantum
1490 3467 1761 3532 exercitii
1801 3485 2010 3543 causa,
2063 3468 2138 3531 ad
2202 3468 2547 3532 acuendum
2594 3469 2913 3552 ingenium
2958 3470 3023 3533 in
3069 3489 3151 3546 re,

684 3587 845 3650 quae
893 3568 970 3632 ab
1018 3571 1283 3650 utroque
1330 3569 1718 3652 disputatore
1764 3570 1932 3634 certo
1966 3571 2231 3650 tenetur,
2268 3571 2418 3635 haec
2451 3570 2644 3634 initur
2674 3569 2750 3634 ad
2780 3572 3158 3656 investigan-

685 3670 830 3735 dam
875 3670 973 3734 vel
1022 3670 1098 3734 ad
1134 3671 1657 3734 manifestandam
1702 3673 2051 3736 veritatem.
2088 3672 2370 3754 Utraque
2394 3692 2609 3738 rursus
2657 3674 2864 3756 potest
2894 3692 3027 3739 esse
3058 3674 3157 3738 vel

677 3773 958 3852 privata,
1008 3776 1265 3840 remotis
1332 3775 1583 3839 arbitris
1658 3779 1772 3840 aut
1842 3776 2138 3840 familiari
2185 3776 2496 3857 colloquio
2543 3775 2707 3839 inter
2754 3794 3004 3860 paucoS,
3057 3777 3152 3841 vel

676 3872 981 3954 publica,·
1019 3877 1414 3958 quandonam
1462 3898 1606 3942 vero
1656 3879 1802 3942 talis
1850 3879 1951 3956 sit,
1987 3898 2058 3942 ex
2090 3879 2224 3960 ipso
2273 3879 2589 3942 communi
2628 3879 2929 3962 conceptu
2946 3878 3159 3959 publi-

682 3977 894 4040 citatis
929 3977 1327 4043 iudicandum
1375 3981 1527 4043 erit:
1562 3983 1725 4043 certe
1766 3980 1816 4043 si
1849 3980 1912 4043 in
1945 3981 2079 4044 loco
2128 3979 2375 4062 publico
2410 3980 2542 4056 fiat,
2578 3981 2629 4045 si
2667 3980 2756 4045 ita
2790 3983 2864 4045 ut
2894 3981 3158 4064 quilibet

685 4078 978 4145 interesse
1018 4082 1233 4164 possit,
1271 4084 1382 4146 aut
1412 4082 1467 4146 si
1498 4083 1721 4147 saltem
1770 4085 1938 4146 certa
1973 4083 2188 4146 classis
2222 4083 2566 4160 hominum,
2605 4086 2758 4168 puta
2806 4084 3156 4162 doctorum,

685 4181 1077 4260 admittatur,
1112 4184 1272 4248 unde
1312 4183 1388 4247 ad
1420 4185 1654 4248 ceteros
1681 4184 1982 4247 iudicium
2014 4184 2086 4248 de
2119 4204 2183 4248 re
2215 4185 2510 4263 dimanet,
2532 4188 2584 4250 si
2619 4187 3034 4252 intercedente
3053 4208 3161 4272 pu·
3257 4205 3264 4209 ·

685 4281 845 4346 blica
876 4284 1252 4348 auctoritate
1300 4285 1411 4348 fiat
1450 4285 1529 4348 ad
1554 4285 2009 4368 componendas
2044 4286 2452 4351 dissensiones
2487 4288 2737 4363 civium,
2766 4289 3016 4373 publica
3041 4290 3161 4355 erit

685 4384 1029 4469 disputatio
1069 4387 1384 4451 censenda.

771 4488 908 4551 Iam
948 4507 1089 4552 vero
1123 4488 1466 4572 disputatio
1525 4490 1602 4554 ad
1663 4489 2163 4575 investigandam
2201 4494 2551 4572 veritatem,
2611 4514 2770 4576 quae
2821 4496 3075 4578 proinde
3122 4514 3158 4560 a

680 4588 869 4653 dubio
901 4590 1061 4653 circa
1116 4589 1298 4655 fidem
1353 4593 1724 4675 procederet,
1775 4595 1993 4677 nequit
2038 4615 2169 4660 esse
2219 4597 2520 4679 permissa
2558 4597 2758 4673 fideli3
2801 4623 2836 4656 »
2892 4599 2947 4662 si
2996 4599 3160 4664 enim
