3497 5147
723 320 831 374 544
1058 331 1270 372 1111101.
1301 329 1375 369 Vl.
1401 328 1561 369 sacr.
1592 328 1680 368 111.
1711 328 1798 367 nn
1820 329 2044 371 murro
2068 329 2290 372 Pium.
2316 329 2645 373 0100110001.
2673 330 2814 372 nun.
2845 319 2886 369 1.
3041 315 3188 390 [719]

1712 551 1890 618 Unde
1923 551 2206 617 resolves,

829 749 904 800 111.
940 749 982 799 l.
1010 744 1323 811 impertinens
1348 750 1422 797 est
1448 746 1507 796 ad
1533 744 1772 797 rationem
1798 744 1959 809 operis
1984 745 2197 804 servilis,
2226 754 2390 800 utrum
2417 750 2499 800 11111
2526 763 2588 801 ex
2616 751 2771 811 lucro,
2807 763 2867 801 an
2894 764 2953 801 ex
2997 764 3187 804 recrea·

720 830 878 883 tione:
906 845 967 883 ex
1008 835 1113 892 1010,
1139 843 1200 882 an
1236 828 1332 882 isla
1357 828 1641 891 intentione,
1667 828 1765 894 pia,
1791 843 1915 881 vana
1953 837 2001 883 61
2039 830 2187 897 turpi.
2213 830 2368 887 Caici.
2397 834 2535 885 Suar.
2567 835 2738 898 Laym.
2768 837 2800 885 1.
2822 848 2866 886 0.
2894 843 2989 887 010.
3015 841 3179 887 contra

719 920 857 981 Sylv.
884 923 932 969 61
968 915 1274 970 canonistas.

809 1052 962 1126 713.
999 1057 1139 1120 Duo
1176 1056 1291 1119 hae
1327 1054 1706 1120 resolutione
1742 1055 2113 1119 statuuntur
2148 1058 2532 1121 consectaria
2570 1059 2944 1140 praemissae
2978 1060 3187 1125 defini-

718 1159 908 1223 tionis
948 1158 1148 1240 operis
1180 1157 1442 1220 servilis

806 1261 1090 1324 Primum
1113 1261 1226 1334 est,
1259 1258 1660 1341 impertinens
1692 1277 1842 1334 esse,
1879 1279 1957 1323 an
1991 1278 2146 1343 opus
2171 1260 2284 1324 fiat
2316 1281 2507 1327 necne
2540 1282 2611 1326 ex
2640 1263 2838 1329 lucro.
2866 1265 2948 1328 Et
2972 1267 3182 1332 exinde

719 1364 1003 1445 sequitur
1045 1363 1109 1424 1⁰
1141 1379 1315 1444 opuS,
1349 1360 1515 1442 quod
1562 1379 1701 1425 vere
1738 1361 1958 1426 servile
1996 1363 2099 1438 sit,
2149 1381 2270 1427 non
2304 1382 2521 1429 exuere
2559 1365 2716 1429 hane
2750 1367 2849 1430 sui
2880 1368 3184 1432 conditio—

720 1485 879 1542 nem,
903 1465 1052 1529 licet
1081 1463 1194 1527 fiat
1224 1464 1422 1547 gratis
1455 1463 1570 1526 aut
1592 1481 1664 1526 ex
1686 1463 2083 1528 recreatione.
2111 1465 2334 1530 Peceat
2366 1485 2535 1550 erg0,
2563 1467 2672 1548 qui
2702 1486 2773 1531 ex
2804 1469 3182 1534 recreatione

718 1590 776 1632 v.
818 1589 878 1652 g.
931 1567 1128 1631 fodiat
1173 1568 1405 1630 terram
1455 1568 1567 1630 aut
1614 1566 1745 1629 arte
1793 1565 2002 1630 fabrili
2034 1567 2372 1651 quodpiam
2407 1586 2561 1651 opus
2596 1588 2628 1633 e
2660 1569 2832 1653 ligno
2881 1571 2981 1634 vel
3025 1570 3184 1637 ferro

719 1671 1081 1754 compingat
1111 1671 1226 1733 610.

901 1775 971 1836 2⁰
1008 1771 1241 1836 Contra
1271 1772 1325 1835 si
1357 1790 1511 1855 opus
1543 1790 1665 1836 non
1696 1774 1795 1836 est
1838 1773 2077 1846 servile,
2112 1791 2234 1837 non
2274 1791 2506 1855 peccas,
2546 1774 2692 1838 licet
2713 1775 2872 1838 illud
2910 1795 2982 1840 ex
3013 1776 3184 1842 lucro

719 1895 1016 1940 exerceas.
1057 1876 1157 1939 Ita
1188 1895 1246 1940 v.
1280 1894 1373 1958 gr.
1414 1875 1524 1957 qui
1554 1874 1651 1939 die
1682 1874 1842 1939 festo
1892 1875 1955 1938 in
2001 1876 2208 1958 platea
2255 1876 2501 1940 litteras
2551 1877 2765 1941 scribit
2798 1897 2908 1962 pro
2950 1879 3181 1956 idiotis,

720 1980 815 2042 vel
863 1979 970 2060 qui
1019 1978 1094 2040 ad
1141 1978 1467 2060 epistolam
1517 1977 1827 2042 ferendam
1875 1978 2129 2061 longam
2177 1977 2344 2042 viam
2369 1980 2584 2044 currit.

808 2081 979 2144 Idem
1018 2080 1206 2145 dicito
1254 2081 1326 2145 de
1358 2080 1718 2147 intentione.
1751 2078 1915 2144 Nam
1949 2083 2284 2162 utcumque
2322 2079 2474 2145 11360
2524 2101 2684 2146 vana
2731 2083 2817 2147 sit
2850 2085 2961 2148 aut
2995 2086 3184 2149 etiam

717 2203 929 2267 prava,
978 2201 1101 2247 non
1146 2181 1297 2246 facit
1342 2184 1415 2245 ut
1462 2201 1616 2264 opus
1663 2182 1890 2246 evadat
1929 2183 2168 2258 servile,
2227 2183 2282 2247 si
2327 2183 2455 2246 tale
2503 2204 2608 2266 per
2655 2204 2719 2248 se
2764 2204 2886 2250 non
2935 2186 3040 2249 sit.
3089 2188 3185 2251 Ita

715 2308 775 2351 v.
806 2307 899 2372 gr.
926 2287 1033 2368 qui
1081 2285 1313 2350 scribat
1360 2286 1472 2349 aut
1517 2284 1715 2349 discat
1764 2286 1877 2349 aut
1921 2285 2141 2349 recitet
2189 2288 2435 2368 turpem
2474 2286 2878 2351 comoediam.

802 2387 1035 2454 Contra
1082 2388 1280 2452 violas
1317 2390 1733 2471 praeceptum,
1775 2387 1830 2451 si
1864 2405 2019 2470 opus
2066 2386 2287 2451 servile
2321 2387 2493 2463 faciS,
2528 2388 2677 2453 licet
2720 2389 2990 2455 intentio
3025 2391 3185 2457 bona

713 2492 840 2557 imo
888 2494 1105 2556 sancta
1137 2491 1442 2555 videatur.
1484 2490 1584 2554 Ita
1621 2509 1679 2553 v.
1714 2509 1809 2573 gr.
1837 2489 1891 2553 si
1924 2507 2098 2552 arare
2146 2487 2300 2552 velis
2349 2508 2534 2575 agros
2566 2490 2854 2555 eeclesiae
2895 2492 3181 2570 alicuius,

714 2595 1049 2660 convehere
1094 2594 1330 2676 lapides
1363 2596 1476 2658 aut
1520 2593 1692 2676 ligna
1738 2611 1849 2675 pro
1898 2612 2076 2657 sacro
2125 2591 2401 2657 aedificio
2437 2596 2550 2658 aut
2579 2596 2781 2658 vestes
2812 2597 3014 2679 gratis
3049 2616 3185 2661 con-

715 2717 891 2762 suere
917 2699 1028 2761 aut
1059 2697 1475 2760 calceamenta
1506 2695 1703 2759 facere
1741 2713 1852 2778 pro
1886 2696 2286 2778 pauperibus,

805 2802 896 2864 De
927 2801 1025 2864 his
1071 2802 1279 2863 tamen
1309 2799 1717 2862 limitationes
1750 2798 1887 2862 vide
1919 2797 2059 2861 infr.
2095 2800 2211 2862 sub
2249 2798 2413 2863 Dub.
2449 2798 2533 2862 Π.
2570 2799 2713 2864 Ideo
2747 2819 2922 2865 sume
2972 2803 3180 2884 potius

717 2902 1064 2984 exemplum
1112 2900 1347 2965 arantis
1394 2902 1626 2965 terram
1673 2902 1786 2964 aut
1829 2900 2194 2976 laborantiS,
2261 2903 2336 2965 ut
2392 2902 2723 2966 honestum
2772 2903 3050 2985 alioquin
3098 2906 3184 2969 lu·

712 3024 887 3068 crum
933 3006 1208 3087 reportet
1253 3006 1316 3067 et
1362 3003 1782 3086 eleemosynas
1827 3001 2038 3078 faciat,
2087 3004 2186 3067 vel
2232 3003 2426 3067 faciat
2476 3005 2781 3069 celebrare
2818 3005 3114 3072 Missas...

803 3106 1102 3187 Quocirca
1133 3107 1198 3171 in
1227 3106 1324 3170 his
1356 3105 1694 3187 requiritur
1710 3104 2106 3188 dispensatim
2127 3124 2285 3186 quae
2312 3106 2590 3170 concedit
2613 3106 2793 3171 facile
2827 3108 3006 3185 solet,
3039 3128 3183 3191 quo-

714 3211 831 3275 ties
864 3210 1030 3274 absit
1060 3208 1438 3273 scandalum.
1475 3206 1615 3270 Vid.
1653 3205 1830 3271 Suar.
1865 3207 1940 3270 de
1971 3205 2182 3288 Reliq.
2218 3209 2297 3271 tr.
2337 3209 2396 3271 2.
2423 3208 2530 3271 lib.
2569 3210 2627 3272 2.
2657 3228 2793 3292 cap.
2832 3211 2891 3274 2.
2921 3231 2981 3273 n.
3025 3212 3081 3275 7.

824 3382 907 3433 IV.
938 3384 986 3432 2.
1012 3379 1331 3444 lmpertinens
1357 3392 1554 3444 quoque
1578 3385 1668 3439 631,
1699 3375 1806 3429 sive
1839 3379 1921 3430 1131
1947 3391 2056 3429 cum
2095 3375 2445 3439 defatigatione
2486 3384 2535 3429 61
2574 3378 2754 3442 labore,
2782 3376 2889 3431 sive
2933 3394 3046 3443 non,
3072 3380 3174 3433 sive

714 3464 871 3530 brevi,
896 3464 1003 3519 sive
1043 3469 1186 3529 longo
1227 3472 1447 3530 tempore
1488 3469 1613 3528 etc.;
1639 3461 1754 3527 quia
1792 3460 1911 3515 1111111
1950 3465 2123 3514 horum
2165 3467 2321 3514 mutat
2360 3470 2581 3514 naturam
2621 3463 2802 3529 operis

799 3593 975 3667 720.
1012 3596 1198 3661 Ratio
1244 3593 1641 3659 resolutionis
1675 3596 1789 3666 est,
1830 3592 1979 3676 quia
2011 3592 2240 3656 dantur
2280 3610 2464 3674 opera
2500 3592 2831 3671 laboriosa,
2869 3614 3028 3677 quae
3062 3614 3179 3660 ser-

713 3701 862 3764 vilia
908 3719 1028 3764 non
1076 3699 1419 3773 censentur,
1455 3716 1513 3760 v.
1547 3716 1639 3782 gr.
1673 3697 2000 3760 vehemens
2032 3697 2096 3759 et
2141 3694 2439 3757 diuturna
2465 3694 2857 3773 declamatio,
2892 3699 3172 3775 scribere,

710 3805 979 3878 cantare,
1013 3803 1259 3885 pulsare
1308 3818 1563 3885 organa,
1598 3799 1846 3874 saltare,
1880 3798 1999 3861 iter
2032 3796 2227 3860 facere
2278 3797 2393 3859 610.

804 3903 1035 3968 Contra
1082 3924 1226 3968 vero
1274 3907 1421 3968 sunt
1469 3921 1652 3985 opera
1683 3900 1951 3972 servilia,
1986 3917 2142 3979 quae
2167 3898 2477 3964 hiusmodi
2512 3900 3026 3987 defatigationem
3057 3923 3174 3969 non

709 4008 1070 4091 important,
1110 4008 1184 4071 ut
1221 4026 1279 4070 v.
1320 4025 1413 4090 gr.
1448 4004 1659 4068 radere
1704 4002 1982 4076 barbam,
2017 3999 2268 4065 tondere
2306 4002 2584 4085 capillos,
2621 4006 2822 4087 vestes
2859 4024 3178 4079 consuere,

706 4111 1001 4176 frumenti
1049 4128 1244 4196 grana
1293 4127 1329 4172 a
1376 4106 1589 4192 granis
1619 4104 1755 4169 lolii
1803 4121 2111 4167 secernere
2163 4105 2276 4167 610.
2331 4103 2471 4168 Vid.
2517 4103 2694 4170 Suar.
2731 4107 2808 4171 tr.
2846 4109 2906 4170 2.
2956 4109 3064 4172 lib.
3115 4111 3177 4172 2.

712 4234 844 4296 cap.
891 4216 994 4276 20.
1023 4233 1081 4276 n.
1120 4214 1180 4275 2.

824 4373 882 4422 V.
912 4374 959 4423 3.
990 4372 1180 4425 Sei-vile
1206 4385 1300 4423 non
1337 4376 1428 4428 est,
1455 4368 1661 4433 ideoque
1701 4380 1788 4419 nec
1813 4365 2131 4432 prohibitum,
2160 4372 2283 4421 testo
2328 4370 2516 4433 ludere,
2541 4372 2749 4423 choreas
2776 4372 2978 4434 ducere,
2997 4372 3168 4425 instru-

714 4463 870 4508 menta
898 4455 1081 4509 musica
1120 4459 1332 4523 pulsare,
1375 4454 1469 4507 iter
1510 4457 1665 4506 130616
1703 4450 1928 4518 pedibus,
1968 4466 2112 4518 equo,
2142 4467 2292 4507 curru
2344 4456 2420 4505 vel
2462 4452 2601 4505 navi:
2633 4455 2759 4507 unde
2790 4453 2936 4508 etiam
2965 4459 3025 4509 nd
3059 4459 3172 4509 naec

713 4539 981 4592 necessaria
1011 4548 1121 4591 sunt
1150 4539 1294 4593 licita.
1324 4541 1521 4592 Navarr.
1562 4554 1605 4591 0.
1642 4540 1716 4591 13.
1748 4540 1908 4591 Το161.
1937 4545 1984 4591 01
2012 4540 2180 4602 Laym.
2211 4542 2357 4591 Suar.
2391 4541 2422 4589 1.
2450 4552 2491 4590 c.
2523 4540 2571 4590 h.
2599 4552 2642 4590 e.
2675 4536 2740 4592 de
2765 4538 2907 4594 Fest.
2936 4556 2979 4594 0.
3010 4541 3091 4594 27.
