3497 5147
388 362 569 432 [1027]
644 374 813 424 Qum
838 375 977 417 sne-1·
1004 375 1252 419 srmms
1278 377 1596 420 mmmm
1621 376 2078 421 consonum-rur.
2101 378 2341 421 00111116
2364 381 2662 422 mvi-uniam
2745 369 2852 424 759

376 476 632 555 peccato
679 471 993 550 luxuriae,
1042 471 1211 553 quod
1253 478 1347 537 est
1387 476 1608 538 contra
1652 475 1964 538 rationem
2022 479 2084 539 et
2125 481 2441 558 repuynat
2482 478 2695 541 ordini
2753 499 2854 540 ra-

391 575 633 651 tionali,
696 594 910 638 verum
976 575 1167 639 etiam
1211 576 1366 656 quia
1409 580 1724 658 repuynat
1766 576 1982 641 ordini
2048 576 2338 642 naturali
2380 584 2558 643 actus
2611 581 2857 643 venerei

390 681 462 743 in
506 678 783 743 humana
827 678 1070 756 specie,·
1116 676 1436 742 nawalis
1481 679 1648 743 enim
1693 678 1844 743 ordo
1893 680 2042 744 talis
2086 683 2263 744 actus
2298 679 2476 748 debet
2517 701 2647 745 esse
2693 682 2856 745 eius-

392 780 575 859 modi,
624 785 697 844 ut
738 800 816 845 ecc
862 779 974 843 illo
1019 781 1197 861 sequi
1226 780 1438 861 possit
1479 780 1753 847 hominis
1781 782 2122 863 maceratio,
2168 781 2319 847 haec
2364 784 2531 847 enim
2565 788 2660 848 est
2701 783 2855 864 finis

391 884 571 948 illius
595 905 616 946 .·
662 883 722 947 si
751 902 897 964 erqo
941 903 1070 947 non
1102 884 1312 962 possit
1353 882 1550 964 sequi,
1598 886 1724 946 erit
1770 883 1920 948 talis
1961 889 2139 948 actus
2168 890 2387 950 contra
2432 883 2716 949 ordinem
2746 907 2857 948 na-

395 987 680 1061 turalem,
712 985 969 1067 ideoque
1012 985 1255 1049 dicetur
1271 991 1596 1066 peccatum
1627 990 1846 1050 contra
1883 992 2198 1051 naturam.
2247 989 2509 1053 Brevius
2549 991 2759 1053 autem
2793 990 2859 1052 et

393 1090 717 1156 dissei-tius
748 1089 925 1153 Elbel
968 1090 1130 1172 part.
1157 1091 1218 1152 4.
1248 1089 1406 1154 conf.
1442 1091 1502 1154 9.
1536 1108 1597 1153 n.
1634 1091 1784 1153 254.
1827 1090 1900 1153 de
1931 1090 2118 1155 huius
2164 1091 2400 1174 peccati
2445 1091 2699 1174 speciali
2727 1110 2857 1155 ma·

394 1192 561 1256 litia:
611 1190 807 1255 Ratio
854 1194 962 1267 est,
1004 1191 1155 1271 quia
1197 1210 1406 1255 semen
1451 1189 1796 1255 humanum
1839 1212 1881 1254 a
1926 1197 2162 1255 natura
2193 1193 2531 1257 ordinatur
2566 1194 2653 1257 ad
2679 1213 2859 1275 yene-

393 1296 699 1360 rationem
722 1314 745 1369 ;
769 1313 914 1375 erqo
957 1291 1129 1356 illud
1148 1290 1465 1370 effundere
1503 1293 1577 1357 ob
1614 1293 1816 1358 alium
1844 1293 2036 1374 finem
2073 1294 2523 1380 (voluptatem)
2548 1301 2860 1378 repuynat

393 1397 607 1462 ordini
648 1401 935 1459 naturae.
968 1393 1129 1461 Cum
1173 1395 1391 1478 itaque
1437 1396 1721 1478 specialis
1770 1397 1921 1461 haec
1968 1397 2214 1462 malitia
2261 1398 2572 1463 consistat
2616 1399 2679 1462 in
2734 1399 2859 1463 fru-

393 1504 641 1565 stranea
687 1498 936 1563 seminis
983 1497 1278 1563 effusione
1311 1499 1529 1562 contra.
1559 1501 1826 1562 natura-e
1861 1499 2157 1575 ordinem,
2191 1499 2321 1564 iam
2367 1501 2576 1583 palam
2623 1503 2719 1565 est
2749 1520 2859 1565 cur

393 1601 509 1666 hoc
540 1602 861 1682 peccatum
907 1599 1106 1682 specie
1152 1599 1429 1664 differrat
1476 1618 1513 1663 a
1560 1599 1782 1682 quovis
1831 1600 2008 1664 tactu
2038 1600 2373 1684 impudicO,
2423 1621 2604 1684 quem
2639 1602 2858 1685 utique

396 1721 653 1767 venerea
698 1701 1011 1785 voluptaS,
1063 1701 1238 1764 nulla
1285 1702 1493 1765 tamen
1542 1701 1794 1765 seminis
1833 1701 2050 1766 effusio
2101 1705 2441 1784 sequatur,
2479 1705 2666 1784 atque
2704 1704 2859 1768 adeo

393 1826 502 1869 cur
525 1804 932 1869 confessarius
957 1803 1129 1884 (cum
1152 1803 1229 1865 iis
1262 1821 1408 1867 sane
1434 1803 1713 1879 cautelis,
1736 1822 1891 1885 quas
1917 1803 2051 1867 DD.
2082 1823 2294 1870 omnes
2318 1806 2542 1871 merito
2574 1806 2859 1890 exigunt)

393 1907 466 1972 de
499 1907 616 1972 hoc
647 1926 757 1971 ceu
788 1905 1117 1988 peculiaris
1149 1905 1374 1987 speciei
1414 1904 1653 1970 obiecto
1686 1924 1808 1970 non
1846 1904 2270 1987 imprudenter
2298 1907 2644 1993 interroget
2679 1933 2741 1971 ».

481 2010 643 2075 Hinc
681 2010 871 2074 etiam
905 2009 1189 2091 sequitur
1219 2007 1640 2072 voluntariam
1671 2008 1923 2072 seminis
1948 2009 2326 2090 effusionem,
2347 2010 2595 2075 etiamsi
2628 2011 2859 2094 absque

394 2113 718 2195 voluptate
754 2111 949 2189 fieret,
984 2129 1106 2176 non
1145 2110 1421 2175 excusari
1448 2129 1485 2174 a
1522 2109 1702 2194 gravi
1740 2113 2012 2194 peccate.

485 2209 691 2284 1027.
733 2213 990 2277 Dictum
1021 2213 1153 2277 est:
1187 2213 1260 2275 in
1288 2209 1657 2290 fra-stranea
1700 2213 1959 2277 seminis
1994 2211 2291 2291 effusione
2327 2221 2547 2279 contra
2577 2215 2859 2280 ordinem

393 2320 681 2379 naturae.
730 2314 870 2380 Non
909 2315 1073 2379 enim
1106 2314 1340 2379 sufficit
1386 2315 1553 2397 quod
1599 2334 1807 2379 semen
1853 2315 2089 2381 frustra
2134 2315 2463 2394 fundatum
2514 2319 2630 2382 hoc
2693 2318 2857 2382 6111111

394 2418 621 2483 habere
666 2419 874 2500 potest
932 2417 1141 2482 locum
1186 2417 1347 2481 inter
1393 2417 1687 2501 coniuges
1734 2437 1908 2482 senes
1956 2421 2069 2483 aut
2115 2418 2394 2484 steriles:
2444 2419 2550 2485 sed
2612 2422 2858 2504 oportet

391 2524 467 2586 ut
516 2521 866 2587 flustranea
913 2520 997 2585 sit
1044 2538 1114 2586 eo
1153 2519 1320 2603 quod
1365 2520 1462 2584 est
1505 2523 1722 2586 contra
1771 2520 2047 2587 ordinem
2092 2522 2374 2587 naturae.
2416 2522 2553 2587 Iam
2598 2541 2743 2588 vero
2791 2522 2852 2587 in

392 2625 455 2690 in
504 2625 622 2690 hoc
668 2623 877 2689 ordine
924 2622 1046 2687 duo
1095 2626 1244 2687 sunt
1289 2622 1758 2688 consideranda:
1794 2623 1935 2688 finis
1967 2623 2239 2702 seminis,
2274 2625 2383 2708 qui
2414 2626 2510 2690 est
2539 2626 2859 2710 generatio

395 2727 610 2811 1110113,
666 2728 774 2809 qui
821 2728 1030 2790 tamen
1086 2725 1227 2789 finis
1274 2724 1610 2790 secundum
1671 2726 1867 2790 alium
1913 2729 2175 2791 naturae
2224 2726 2501 2792 ordinem
2547 2728 2862 2792 universa-

390 2830 612 2895 liorem
658 2828 792 2894 fieri
838 2830 1046 2911 potest
1092 2829 1166 2893 ut
1214 2846 1335 2892 non
1384 2828 1760 2905 obtineatur,
1811 2829 2148 2893 secundum
2186 2850 2330 2894 eum
2379 2829 2655 2895 ordinem
2701 2831 2861 2896 scili-

392 2933 510 3007 cet,
560 2932 669 3013 qui
715 2931 871 2995 alias
916 2948 1136 2994 causas
1159 2930 1325 3015 regit
1354 2949 1635 3012 quaeque
1664 2929 1963 3014 impedire
1994 2934 2257 3014 possunt
2287 2933 2573 2998 effectum
2604 2933 2860 2998 virtutis

391 3033 808 3119 generativae.
874 3032 1036 3096 Tum
1105 3032 1622 3098 considerandum
1669 3035 1765 3098 est
1809 3033 2083 3098 medium
2132 3054 2169 3098 6
2215 3036 2445 3099 natura
2491 3036 2859 3101 institutum

392 3156 501 3220 pro
552 3155 623 3202 eo
660 3136 781 3201 fine
810 3136 1259 3218 consequendo,
1310 3135 1474 3217 quod
1507 3138 1604 3200 est
1650 3155 2017 3220 congressus
2050 3136 2169 3202 viri
2202 3139 2265 3201 et
2309 3137 2575 3202 feminae
2607 3140 2670 3202 in
2710 3157 2855 3202 vase

391 3240 641 3305 debito:
676 3258 857 3323 quem
906 3256 1324 3322 congressum,
1374 3242 1447 3302 ut
1493 3238 1791 3303 honestus
1840 3240 1942 3314 sit,
2005 3239 2170 3303 ratio
2218 3239 2583 3321 praescribit
2641 3240 2858 3305 debere

392 3362 523 3407 esse
555 3342 717 3407 inter
748 3342 1063 3423 coniuges.
1113 3340 1347 3404 Effusio
1403 3340 1656 3422 proinde
1707 3340 1960 3404 seminis
1998 3342 2173 3403 extra
2209 3339 2403 3403 talem
2458 3359 2859 3423 congressum

392 3448 487 3509 est
534 3446 750 3510 contra
780 3445 1104 3506 naturam:
1147 3441 1362 3505 effusio
1401 3441 1465 3504 in
1499 3442 1614 3505 tali
1660 3459 1994 3525 congressu
2028 3440 2133 3504 sed
2162 3458 2287 3503 non
2332 3441 2497 3504 inter
2541 3442 2854 3526 coniugeS,

394 3549 488 3609 est
542 3550 757 3612 contra
806 3544 1082 3610 ordinem
1128 3543 1410 3620 rationis,
1460 3545 1534 3607 ut
1582 3543 1937 3607 audivimus
1986 3562 2022 3606 a
2069 3542 2249 3605 Fill.:
2300 3542 2516 3607 effusio
2566 3543 2717 3608 haec
2763 3564 2858 3608 se-

393 3636 578 3712 11111113
614 3650 778 3713 inter
808 3648 1100 3732 coniuges
1140 3648 1204 3713 et
1227 3646 1290 3710 in
1316 3644 1523 3710 debito
1549 3664 1693 3709 vase
1723 3663 2043 3726 nunquam
2075 3644 2171 3707 est
2201 3646 2417 3707 contra
2450 3644 2724 3708 ordinem
2757 3665 2862 3709 na-

397 3752 574 3815 turae
622 3753 685 3816 et
731 3752 1014 3830 rationis,
1064 3751 1182 3816 etsi
1227 3749 1559 3834 procedens
1619 3748 1946 3813 seminatio
1995 3764 2118 3810 non
2165 3746 2249 3810 sit
2296 3746 2574 3829 prolifica
2621 3766 2729 3811 seu
2777 3748 2861 3811 sit

392 3854 649 3917 frustra.
699 3852 863 3917 Nam
911 3854 1292 3939 coniugium,
1351 3852 1516 3934 quod
1566 3853 1661 3915 est
1708 3850 1903 3914 situm
1947 3850 2013 3914 in
2058 3849 2282 3913 mutuo
2329 3848 2463 3913 iure
2511 3849 2574 3913 et
2621 3849 2861 3933 obliga-

397 3955 564 4020 tione
613 3954 689 4018 ad
723 3955 1031 4037 copulam,
1065 3955 1304 4021 confert
1350 3974 1458 4039 per
1495 3972 1559 4018 se
1592 3953 1962 4036 coniugibus
2000 3953 2369 4036 perpetuum
2416 3951 2515 4015 ius
2565 3951 2641 4014 ad
2679 3970 2861 4034 copu-

395 4059 543 4135 lam,
579 4056 855 4140 quandiu
900 4058 1114 4121 haberi
1151 4059 1359 4140 potest
1395 4060 1460 4122 et
1497 4056 1804 4138 quamvis,
1855 4059 2105 4139 propter
2164 4054 2571 4119 accidentales
2618 4073 2859 4130 causas,

394 4161 713 4247 generatio
761 4160 937 4243 sequi
982 4177 1103 4223 non
1151 4160 1367 4243 possit,
1424 4160 1488 4224 id
1545 4178 1666 4223 non
1722 4157 1984 4241 impedit
2029 4158 2389 4222 exercitium
2437 4157 2623 4222 huius
2668 4157 2857 4233 iuris;

395 4267 544 4348 quia
590 4264 953 4348 coniugium
1002 4264 1098 4326 est
1144 4263 1349 4344 ipsum
1397 4262 1513 4327 1106
1559 4262 1686 4326 1113;
1737 4262 1837 4324 1113
1873 4263 2083 4324 autem
2131 4263 2393 4327 exerceri
2440 4262 2648 4345 potest
2693 4260 2863 4324 licite

396 4369 673 4452 quandiu
700 4368 911 4450 aliqua
950 4365 1115 4430 ratio
1156 4383 1265 4428 seu
1296 4364 1436 4429 finis
1477 4364 1701 4446 aliquis
1735 4364 1919 4442 adsit,
1956 4364 2072 4428 etsi
2097 4382 2220 4427 non
2251 4364 2626 4448 principalis.
2668 4364 2861 4428 Porro

396 4474 638 4555 copula,
675 4472 884 4536 stante
916 4466 1339 4542 matrimoniO,
1375 4467 1530 4531 alios
1562 4466 1713 4531 fines
1761 4467 2055 4531 honestos
2093 4466 2317 4530 habere
2357 4468 2583 4548 potest,
2628 4470 2701 4530 ut
2746 4485 2862 4529 suo

396 4573 532 4639 loco
580 4576 873 4639 dicemus,
