3497 5147
700 365 811 419 634
948 380 1157 422 masor.
1186 383 1266 423 vr.
1294 382 1457 425 snc‘r.
1486 385 1542 425 v.
1570 385 1656 424 nn
1678 383 1908 433 Qun-vro
1933 383 2149 426 Panno.
2182 384 2511 427 nncnnoffl.
2531 383 2666 426 cnr.
2685 384 2725 424 1.
2742 384 2887 427 mm.
2907 384 2948 426 1.
3017 368 3161 444 [857]

701 477 1011 559 potestate
1044 478 1194 555 eiuS,
1230 481 1303 543 ut
1340 482 1682 564 praeceptis
1716 482 1832 546 Dei
1863 481 2024 547 forte
2063 482 2180 546 sibi
2218 480 2687 564 displicentibus
2713 481 3078 545 subtrahere
3102 500 3165 545 se

701 578 952 660 impune
988 581 1052 643 et
1082 600 1192 663 pro
1225 582 1428 646 lubito
1466 584 1684 665 possit.
1720 585 1917 649 Porro
1956 586 2293 666 utrumque
2317 585 2434 647 hoc
2465 582 2928 648 incommodum
2959 602 3168 664 seque-

699 682 890 759 retur,
926 682 979 745 si
1010 682 1277 749 liberum
1323 685 1561 749 homini
1594 688 1759 750 esset
1794 687 1969 751 finire
2015 688 2214 751 vitam
2254 705 2455 759 suam,
2489 687 3001 768 quandocumque
3047 685 3168 769 ipsi

699 783 892 848 libeat
924 785 1025 867 (ex
1056 784 1342 871 Caretti).

1681 931 1746 997 U
1740 931 1858 995 nde
1905 930 2191 995 resolves

810 1054 884 1106 lll.
915 1054 960 1105 1.
988 1052 1124 1106 Miles
1163 1060 1342 1119 potest,
1372 1053 1471 1107 imo
1513 1062 1701 1108 tenetur
1739 1055 2006 1121 persistere
2043 1055 2090 1108 in
2131 1055 2356 1119 statione,
2384 1055 2477 1109 etsi
2516 1055 2766 1110 moraliter
2802 1064 2968 1109 certus
3005 1056 3068 1108 sit
3108 1071 3161 1108 se

699 1136 1019 1189 occidendum
1053 1137 1110 1191 C.
1138 1139 1274 1199 Lugo
1313 1139 1361 1189 d.
1392 1141 1472 1190 10.
1500 1154 1539 1191 s.
1573 1141 1760 1192 1.11εη]
1803 1145 1964 1205 potest
2000 1142 2060 1193 ad
2099 1141 2411 1192 evertendam
2454 1141 2625 1193 turrim
2666 1139 2892 1193 hostilem
2933 1148 3014 1191 sut
3056 1155 3164 1204 per·

697 1223 884 1272 dendos
911 1225 1091 1285 hosteS‚
1119 1222 1373 1287 pulverem
1409 1222 1687 1287 incendere,
1715 1224 1807 1277 etsi
1849 1225 1970 1277 sciat
2008 1239 2061 1277 se
2099 1226 2421 1287 obruendum,
2452 1225 2520 1277 uti
2548 1232 2596 1277 et
2636 1239 2808 1277 navem
2836 1239 3056 1288 mergere
3086 1229 3164 1278 vel

698 1305 977 1368 incendere,
1005 1321 1063 1359 ne
1100 1306 1257 1360 bostis
1295 1322 1349 1360 ea
1392 1308 1619 1375 poliatur,
1645 1323 1756 1362 eum
1795 1309 1933 1373 gravi
1972 1309 2180 1376 Reipnb.
2208 1311 2401 1373 domne,
2435 1318 2486 1363 ut
2524 1311 2702 1363 docent
2741 1312 2876 1363 Less.
2906 1313 2935 1363 l.
2965 1312 3014 1363 2.
3041 1324 3085 1363 c.
3113 1312 3161 1362 9.

700 1405 746 1443 n.
776 1392 859 1442 32.
890 1392 1103 1452 Fagund.
1129 1397 1163 1444 t.
1196 1393 1241 1444 1.
1270 1396 1300 1445 l.
1329 1393 1378 1444 5.
1404 1408 1447 1445 c.
1480 1394 1560 1445 11.
1587 1392 1823 1446 Similiter
1861 1392 1975 1446 lieet
2011 1409 2065 1447 se
2102 1392 2318 1446 obiicere
2356 1396 2455 1448 telo
2494 1395 2573 1447 vel
2608 1393 2730 1447 ictui
2768 1395 2829 1447 ad
2869 1396 3155 1447 servandam

702 1475 853 1529 vitam
892 1474 1146 1543 PrincipiS,
1177 1476 1319 1530 amici
1358 1479 1417 1529 ad
1450 1486 1657 1532 mortem
1696 1477 1873 1531 iniuste
1912 1479 2124 1533 damnati
2166 1478 2299 1532 vices
2336 1478 2520 1532 subire.
2550 1482 2683 1532 Lesa
2714 1482 2742 1532 Ι.
2772 1483 2822 1532 2.
2849 1495 2891 1532 e.
2925 1482 2975 1532 9.
3003 1494 3049 1532 n.
3080 1482 3164 1532 30.

702 1563 779 1612 vel
805 1560 854 1613 in
882 1559 1131 1624 naufragio
1159 1564 1372 1614 tabulam
1403 1564 1593 1625 cedere,
1620 1577 1679 1615 ex
1706 1565 1816 1615 Tol.
1845 1566 1980 1616 Less
2012 1566 2041 1615 l.
2069 1579 2111 1616 c.
2141 1566 2304 1629 Lopez
2331 1580 2378 1629 p.
2407 1567 2454 1616 1.
2484 1580 2526 1615 e.
2555 1565 2638 1615 95.
2666 1567 2781 1617 ltem
2810 1564 3001 1617 servire
3029 1572 3164 1629 peste

697 1643 904 1707 intectiS,
936 1648 1013 1697 vel
1053 1647 1113 1697 ad
1151 1645 1429 1707 fugiendum
1467 1647 1744 1699 incendium
1785 1662 1846 1700 ex
1884 1651 1983 1700 alto
2023 1664 2074 1700 se
2116 1647 2425 1714 praeeipitem
2465 1651 2593 1710 (lare,
2622 1664 2730 1702 cum
2777 1657 2913 1702 cerlo
2954 1649 3167 1715 periculo

700 1729 889 1783 mortis
916 1731 1051 1782 LeSS.
1073 1737 1121 1783 et
1148 1729 1254 1783 Fill.
1282 1731 1314 1784 l.
1343 1745 1385 1783 e.
1416 1734 1584 1796 Laym.
1610 1747 1653 1785 c.
1686 1732 1730 1782 l.
1761 1747 1805 1783 n.
1835 1734 1882 1784 3.
1910 1733 1965 1787 C.
1988 1735 2124 1795 Lugo
2151 1731 2280 1798 disp.
2309 1735 2326 1784 ⁴l
2344 1735 2390 1786 0.
2410 1747 2450 1785 s.
2475 1735 2521 1785 ’1.
2549 1733 2644 1786 Ubi
2669 1740 2829 1786 tamen
2857 1733 3164 1786 eversionem

698 1814 831 1868 illam
871 1814 1012 1867 turris
1038 1821 1086 1867 et
1116 1815 1502 1868 combustionem
1533 1815 1673 1867 navis
1699 1815 1765 1881 (si
1791 1815 1985 1881 quidem
2014 1818 2144 1871 nulla
2172 1816 2236 1870 sit
2262 1830 2374 1882 spes
2413 1816 2674 1882 evadendi)
2710 1816 2878 1871 timide
2904 1825 2952 1870 et
2978 1816 3168 1870 nonnisi

700 1913 762 1951 ex
800 1897 1106 1965 gravissima,
1134 1913 1182 1951 v.
1208 1914 1281 1962 gr.
1312 1900 1424 1951 boni
1464 1899 1647 1964 publici
1683 1915 1848 1966 causa,
1877 1900 2072 1953 videtur
2110 1903 2398 1964 concedere,
2430 1917 2473 1954 v.
2503 1917 2549 1955 n.
2577 1904 2663 1955 51.
2690 1904 2776 1955 52.
2805 1911 2902 1956 etc.
2928 1905 3168 1957 Malderus

702 1996 742 2035 r.
772 1984 820 2035 3.
848 1999 888 2035 e.
924 1985 964 2033 l.
992 1985 1109 2035 dub.
1144 1984 1221 2034 19.
1254 1982 1395 2035 Dian.
1423 2000 1469 2049 p.
1502 1984 1550 2035 5.
1581 1990 1641 2037 tr.
1672 1985 1720 2036 4.
1745 2000 1788 2037 r.
1817 1988 1901 2038 26.
1929 1986 2144 2049 Fagund.
2175 2001 2222 2051 p.
2252 1987 2301 2038 5.
2334 2000 2377 2039 c.
2416 1989 2428 2037 l
2453 1988 2491 2040 l.
2520 2002 2567 2039 n.
2595 1989 2647 2039 6.
2672 1992 2723 2039 et
2746 2002 2881 2053 seqq.

789 2102 964 2177 857.
1015 2108 1190 2171 Iusta
1238 2108 1474 2173 scilicet
1520 2112 1615 2174 est
1663 2130 1872 2185 causa,
1921 2131 2031 2175 eur
2067 2112 2246 2176 miles
2285 2112 2453 2176 vitae
2484 2114 2757 2196 periculo
2791 2133 2854 2179 se
2878 2117 3163 2197 exponat,

699 2229 858 2293 quae
890 2229 1079 2275 causa
1110 2213 1204 2275 est
1235 2211 1467 2275 bonum
1492 2232 1836 2277 commune.
1865 2212 2041 2292 Quod
2065 2233 2210 2278 vero
2243 2233 2367 2279 non
2391 2216 2595 2280 solum
2619 2217 2810 2280 militi
2830 2217 3035 2295 liceat,
3062 2217 3166 2282 sed

698 2316 889 2379 etiam
955 2315 1084 2396 ipse
1144 2317 1451 2394 teneatur,
1502 2316 1564 2380 id
1614 2318 1814 2380 oritur
1862 2336 1931 2380 ex
1979 2319 2161 2400 paeto
2209 2336 2317 2382 seu
2366 2320 2691 2384 contractu
2744 2339 2856 2383 nec
2902 2320 2979 2383 ad
3032 2339 3164 2385 rem

701 2421 1087 2502 praesentem
1128 2420 1245 2483 hoc
1277 2420 1564 2502 pertinet.

791 2521 968 2602 Quod
994 2523 1234 2605 spectat
1258 2521 1336 2586 ad
1360 2523 1738 2586 eversionem
1764 2522 1956 2585 turris
1981 2542 2089 2605 per
2113 2523 2548 2606 explosionem,
2577 2524 2827 2589 Lessius
2855 2522 3165 2588 rationem

704 2625 894 2700 addit,
946 2624 1110 2704 quod
1158 2624 1335 2686 miles
1384 2642 1447 2687 se
1496 2624 1737 2705 proprie
1786 2643 1909 2688 non
1956 2624 2279 2700 interimit,
2321 2624 2424 2689 sed
2474 2626 2775 2691 occiditur
2813 2627 2890 2690 ab
2924 2626 3167 2708 impetu

701 2727 885 2810 igniS,
912 2726 1011 2789 vel
1035 2724 1227 2788 turris
1252 2725 1453 2788 ruina.
1481 2725 1848 2808 Exemplum
1862 2727 2052 2790 habes
2069 2726 2368 2804 Eleazari,
2388 2727 2497 2809 qui
2515 2728 2740 2793 occidit
2755 2729 3163 2810 elephantem,

703 2847 826 2909 quo
862 2845 1187 2909 oppressus
1220 2829 1282 2891 et
1312 2827 1442 2909 ipse
1474 2831 1569 2891 est
1604 2829 1661 2890 1.
1697 2828 1902 2892 Maeli.
1939 2829 2047 2892 VI.
2084 2830 2189 2891 43.
2226 2827 2340 2892 Sed
2377 2829 2652 2894 addenda
2683 2830 2867 2907 ratio,
2901 2829 3067 2912 quod
3092 2831 3165 2893 tu

701 2931 968 2993 mortem
1000 2930 1178 2993 tuam
1216 2949 1338 2994 non
1376 2929 1669 3004 intendis3
1721 2930 1827 2994 sed
1863 2930 2022 2994 hanc
2054 2931 2229 3013 potes
2261 2932 2637 3013 permittere,
2673 2931 2745 3008 si,
2786 2951 2929 2997 cum
2965 2950 3166 2996 neces-

702 3031 937 3095 sarium
971 3031 1056 3095 sit
1079 3031 1289 3095 hostes
1312 3031 1582 3113 perdere,
1609 3033 1852 3115 praeter
1876 3033 2283 3096 intentionem
2308 3034 2504 3096 temet
2526 3033 2798 3115 perimis,
2833 3053 2943 3098 seu
2965 3035 3163 3099 vitam

701 3132 963 3197 amittis.

790 3235 968 3315 Quod
1016 3235 1265 3300 additur
1312 3234 1385 3299 de
1432 3235 1595 3315 navi,
1645 3255 1804 3317 quae
1849 3236 2231 3314 incendatur,
2282 3257 2331 3301 s.
2379 3238 2737 3320 Alphonsus
2774 3259 2835 3301 n.
2886 3238 3035 3302 367.
3086 3238 3164 3303 ad

698 3340 940 3421 quaest.
963 3341 1022 3402 2.
1042 3338 1287 3402 diversa
1302 3338 1635 3403 sentientes
1661 3338 1931 3416 adducit,
1961 3339 2188 3404 addens
2214 3343 2275 3405 et
2300 3360 2349 3404 S.
2377 3340 2684 3405 Thomam
2711 3342 2770 3404 2.
2800 3342 2861 3405 2.
2887 3361 2945 3422 q.
2972 3341 3078 3404 64.
3101 3342 3160 3404 5.

699 3461 810 3525 pro
845 3441 1150 3524 opposita,
1190 3442 1292 3506 cui
1323 3441 1537 3506 deinde
1564 3443 1822 3525 opponit
1853 3442 2031 3526 Lugo
2065 3444 2181 3506 etc.
2216 3443 2453 3506 Verum
2469 3461 2577 3508 nec
2601 3462 2649 3506 s.
2678 3443 2984 3507 Thomam
3007 3447 3161 3526 puto

699 3544 1115 3618 contradicere
1158 3564 1269 3608 nec
1316 3545 1473 3609 forte
1521 3545 1849 3627 scriptores
1895 3545 2099 3627 reipsa
2146 3546 2308 3608 inter
2353 3563 2417 3609 se
2466 3545 2538 3609 de
2585 3547 2701 3609 hac
2736 3564 2802 3610 re
2849 3546 3160 3612 dissidere.

698 3646 885 3710 Ratio
934 3649 1048 3724 est,
1098 3647 1247 3727 quia
1293 3647 1627 3729 multiplici
1673 3647 1914 3711 ratione
1962 3648 2170 3730 potest
2215 3664 2395 3710 casus
2443 3647 2699 3730 proponi
2733 3648 2798 3711 et
2828 3667 2940 3730 pro
2972 3649 3164 3713 variis

700 3749 1184 3812 circumstantiis
1220 3749 1455 3812 variam
1488 3750 1676 3813 habet
1713 3748 2108 3813 solutionem.

791 3849 994 3912 Verba
1028 3870 1076 3913 s,
1117 3851 1413 3926 Thomae,
1447 3870 1604 3932 quae
1637 3851 1759 3913 hue
1797 3850 2049 3926 faciant,
2086 3851 2236 3915 haec
2272 3852 2523 3915 tantum
2561 3854 2737 3917 sunt:
2777 3876 2814 3912 «
2845 3853 2988 3918 Non
3020 3854 3164 3919 licet

700 3952 937 4017 homini
992 3953 1264 4035 seipsum
1325 3953 1727 4016 interficere...
1788 3954 1861 4015 ut
1915 3953 2228 4032 quaslibet
2273 3954 2553 4017 miserias
2610 3957 2949 4037 praesentis
2997 3958 3164 4022 vitae

701 4054 951 4130 evadat;
1002 4055 1149 4136 quia
1198 4056 1493 4120 ultimum
1540 4055 1851 4117 malorum
1899 4054 2084 4117 huius
2132 4055 2299 4119 vitae
2346 4058 2410 4120 et
2454 4058 2722 4122 maxime
2763 4060 3037 4124 terribile
3069 4062 3164 4125 est

700 4176 886 4222 mors.
936 4158 1019 4221 Et
1062 4157 1200 4222 ideo
1246 4157 1469 4221 inferre
1516 4156 1633 4220 sibi
1682 4156 1948 4219 mortem
1988 4156 2065 4219 ad
2099 4156 2253 4221 alias
2286 4158 2474 4222 huius
2506 4160 2672 4223 vitae
2703 4161 2985 4225 miserias
3024 4182 3162 4227 eva-

701 4258 948 4335 dendaS,
975 4260 1070 4322 est
1092 4260 1330 4322 malum
1354 4259 1557 4322 maius
1582 4275 1897 4321 assumere
1922 4258 1999 4321 ad
2026 4259 2280 4324 minoris
2308 4261 2460 4324 mali
2487 4261 2851 4326 vitationem
2878 4289 2940 4327 ».
2966 4265 3162 4348 Atqui

702 4359 851 4422 haec
882 4361 1068 4424 verba
1100 4381 1148 4422 s.
1181 4361 1474 4436 Thomae,
1511 4360 1586 4422 ut
1614 4377 1757 4423 mox
1782 4359 2040 4441 patebit,
2075 4361 2232 4424 nihil
2264 4364 2575 4445 pertinent
2607 4363 2684 4427 ad
2708 4367 3159 4448 quaestionem,

701 4460 877 4523 cuius
911 4461 1354 4525 affirmativam
1387 4462 1629 4543 partem
1661 4461 1771 4524 alii
1809 4463 2084 4527 tuentur.

790 4565 952 4629 Nam
985 4566 1258 4646 quidam,
1292 4566 1389 4631 uti
1421 4567 1670 4631 Lessius
1701 4569 1743 4632 l.
1795 4588 1845 4632 c.
1888 4590 1947 4633 n.
1983 4571 2110 4647 34„
2148 4573 2505 4654 supponunt
2543 4573 2768 4636 nautas
2801 4571 3160 4639 occidendos

700 4671 826 4734 iam
874 4686 1003 4731 esse
1052 4669 1129 4730 ab
1176 4668 1459 4733 hostibus
1507 4671 1832 4736 haereticis
1881 4674 1944 4737 et
1991 4691 2095 4737 eos
2145 4693 2206 4737 se
2239 4674 2398 4737 mari
2431 4674 2838 4752 committere,
2874 4677 3023 4740 utut
3063 4679 3162 4743 vix
