3497 5147
677 304 786 361 692
1002 320 1213 361 mser.
1242 320 1320 361 vr.
1348 319 1512 361 sno-r.
1538 321 1594 363 v.
1624 320 1708 360 nn:
1732 318 1960 367 erz'ro
1985 317 2201 360 Panno.
2227 318 2557 361 nncnnom.
2584 317 2720 359 cnr.
2747 319 2811 359 11.
2991 301 3137 378 [958]

787 417 914 469 xm.
932 418 980 469 6.
997 414 1231 481 Denique,
1246 413 1288 467 si
1312 414 1388 468 vir
1406 415 1588 469 nobilis
1603 415 1651 468 in
1673 418 1783 469 aula
1805 414 1954 479 regin,
1976 416 2054 468 vel
2077 412 2298 468 militaris
2315 413 2363 467 in
2384 412 2577 474 castris,
2599 419 2899 480 provocatus
2942 410 3137 466 sisteret

678 516 750 564 se,
777 515 940 555 merae
978 500 1275 554 detensionis
1310 500 1483 565 gratia,
1510 515 1620 556 cum
1658 515 1745 567 spe
1784 498 2117 566 praevalendi,
2154 498 2425 566 privandus
2466 496 2665 565 alioqui,
2708 500 2772 551 ob
2810 497 3137 564 suspicionem

674 585 917 650 ignaviae,
943 584 1191 650 dignitate,
1218 585 1381 640 officio
1410 588 1488 640 vel
1514 590 1682 639 favore
1711 583 1967 650 principis,
1992 599 2088 637 non
2115 584 2263 637 audet
2296 598 2408 637 eum
2433 585 2664 637 damnare
2693 585 2862 647 Laym.
2887 587 2917 636 Ι.
2947 586 2995 637 3.
3023 589 3057 636 t.
3090 585 3138 636 3.

676 686 725 739 p.
752 674 802 726 3.
829 685 872 725 c.
900 673 948 723 3.
977 672 1184 724 eundem
1210 678 1412 724 excusat
1439 674 1578 725 Hurt.
1601 676 1649 724 2.
1679 674 1728 725 2.
1756 672 1803 723 d.
1837 671 1948 723 170.
1975 684 2015 724 s,
2045 673 2091 721 8.
2111 669 2160 738 g.
2183 670 2269 723 73.
2297 672 2432 723 Less,
2460 685 2501 723 c.
2531 672 2579 722 9.
2607 671 2658 722 d.
2680 671 2729 723 8.
2755 668 2863 722 Fin.
2884 684 2927 722 c.
2952 672 3000 722 8.
3022 671 3135 736 q.6.

676 757 797 809 Nav.
829 771 872 808 c.
906 756 921 807 l
937 757 985 809 3.
1009 752 1274 821 *Expende
1300 755 1349 809 in
1375 759 1466 809 hac
1493 754 1695 809 materia
1722 757 1782 807 de
1809 755 1975 808 duello
2002 757 2201 820 propos
2223 757 2272 807 2.
2293 752 2420 808 inter
2442 754 2741 821 proscriptas
2769 756 2830 806 ab
2857 754 3136 808 Alexandro

674 839 806 907 Papa
844 840 948 892 Vll.
974 841 1005 870 ⁵*

765 944 940 1018 333.
976 948 1077 1012 Ita
1114 966 1326 1013 revera
1362 948 1684 1033 Laymann
1731 948 1774 1011 1.
1811 949 1871 1011 3.
1906 950 1986 1012 tr.
2023 948 2083 1011 3.
2120 949 2279 1031 part.
2315 947 2375 1011 3.
2411 967 2542 1031 cap.
2586 948 2647 1011 3.
2682 968 2743 1012 n.
2787 948 2870 1027 2.,
2906 947 3013 1029 qui
3058 947 3136 1011 ad

678 1052 835 1115 hanc
867 1053 1293 1132 quaestionem
1325 1050 1510 1115 dicit:
1551 1074 1587 1109 (ι
1617 1050 1758 1115 Non
1794 1050 1988 1115 audeo
2027 1050 2320 1115 damnare
2354 1068 2516 1125 eum,
2550 1049 2658 1132 qui
2703 1069 2909 1114 merae
2943 1047 3139 1114 defen·

676 1154 868 1218 sionis
900 1153 1107 1237 gratia
1139 1153 1433 1236 paruerit,
1471 1153 1648 1217 iuxta
1679 1153 2028 1218 doctrinam
2058 1151 2329 1217 Navarri
2359 1172 2493 1236 cap.
2525 1154 2626 1217 15.
2654 1174 2714 1218 n.
2742 1154 2804 1217 3.
2831 1154 2896 1217 et
2925 1154 2987 1216 4.
3014 1179 3073 1216 ι».

768 1253 993 1319 Subdit
1024 1274 1073 1318 S.
1108 1256 1291 1339 Alph.
1316 1276 1375 1319 n.
1410 1255 1584 1319 400.:
1633 1278 1667 1313 «
1698 1252 2033 1334 Quaeritur
2064 1255 2279 1340 igitur,
2316 1274 2392 1319 an
2426 1255 2613 1319 liceat
2645 1254 2778 1320 viro
2816 1255 3006 1320 nobili
3041 1254 3138 1319 vel

679 1357 941 1422 militari
1008 1359 1322 1442 acceptare
1378 1357 1655 1422 duellum
1702 1358 1766 1422 et
1825 1358 2016 1422 etiam
2070 1356 2227 1423 illud
2284 1357 2515 1435 offerre,
2568 1357 2620 1422 si
2682 1358 2857 1434 31133,
2907 1357 3138 1423 honore

677 1460 926 1537 amisse,
992 1461 1155 1524 certe
1200 1460 1536 1544 privandus
1583 1462 1744 1524 esset
1793 1460 2017 1537 officim
2057 1479 2179 1542 quo
2227 1480 2291 1525 se
2339 1461 2402 1524 et
2447 1459 2756 1525 familiam
2802 1461 3134 1525 sustentat.

680 1560 1014 1626 Affirmant
1058 1561 1410 1627 Holzmann
1456 1581 1598 1627 cum
1633 1560 1878 1628 Pichler
1923 1563 1986 1626 et
2015 1562 2335 1641 Anacleto‚
2370 1563 2523 1627 item
2572 1561 2796 1646 Sporer
2844 1578 2915 1627 ac
2962 1562 3138 1628 Elbel

677 1684 816 1730 cum
850 1665 1008 1728 aliis.
1044 1664 1254 1742 Ratio,
1287 1664 1435 1747 quia
1468 1683 1538 1730 eo
1593 1683 1741 1729 casu
1775 1684 1896 1729 non
1935 1665 2105 1730 solus
2158 1665 2356 1730 honor
2392 1664 2759 1739 defenditur,
2793 1665 2899 1729 sed
2946 1665 3132 1729 etiam

675 1766 837 1830 bona
871 1766 947 1829 ad
981 1765 1175 1830 vitam
1208 1766 1568 1843 necessaria,
1596 1785 1863 1849 quorum
1899 1767 2142 1835 iactura
2174 1767 2546 1851 supponitur
2584 1786 2704 1831 non
2744 1786 2923 1851 posse
2957 1768 3139 1832 aliter

676 1870 969 1951 reparari.
1004 1868 1086 1931 Et
1130 1869 1275 1933 huic
1321 1870 1659 1933 sententiae
1709 1869 2045 1934 adhaerent
2081 1869 2349 1947 Lessius‚
2384 1869 2635 1948 Palaus,
2676 1889 2819 1934 cum
2867 1868 3138 1935 Coninck

679 1973 743 2035 et
772 1970 1082 2047 Valentia,
1111 1970 1259 2034 dum
1289 1969 1522 2049 dieunt,
1554 1971 1723 2036 licite
1756 1990 1935 2056 posse
1969 1973 2275 2056 acceptari
2306 1972 2584 2038 duellum
2617 1972 2694 2036 ad
2731 1974 3140 2038 necessariam

679 2071 1091 2136 defensionem
1123 2072 1424 2136 bonorum
1462 2073 1676 2157 magni
1714 2073 2014 2139 momenti
2050 2076 2287 2157 hocque
2333 2075 2650 2161 probabile
2682 2075 2868 2159 putat
2905 2075 3142 2139 Ronca·

678 2173 809 2260 glia
842 2174 906 2238 et
937 2170 1138 2251 Croix,
1172 2173 1355 2238 modo
1390 2175 1536 2239 actu
1569 2175 1725 2240 alter
1757 2176 1918 2240 bona
1949 2176 2206 2240 invadat
2239 2179 2301 2241 et
2335 2179 2480 2242 actu
2518 2176 2921 2263 pugnandum
2960 2178 3044 2243 sit
3077 2203 3137 2241 ».

679 2276 817 2342 Hoc
861 2277 1043 2360 pacto
1092 2276 1282 2342 etiam
1329 2276 1642 2343 Bonacina
1689 2278 1753 2342 id
1801 2278 1892 2342 ait
1931 2279 2122 2345 videri
2168 2279 2414 2345 licitum
2446 2280 2488 2343 l.
2526 2299 2576 2345 c.
2617 2300 2676 2344 n.
2718 2281 2818 2345 18.
2861 2278 2978 2344 Sed
3026 2281 3142 2344 hac

680 2381 995 2464 postrema
1026 2379 1375 2445 conditione
1412 2382 1635 2464 posita,
1671 2380 1844 2445 nulla
1878 2382 1974 2445 est
2006 2381 2271 2466 amplius
2311 2383 2625 2465 quaestio:
2665 2382 2812 2447 licet
2850 2384 3011 2447 enim
3041 2383 3140 2447 de·

680 2483 919 2548 fendere
956 2503 1085 2547 rem
1118 2502 1298 2548 suam
1336 2484 1527 2548 etiam
1558 2488 1759 2548 morte
1790 2485 2115 2549 invasoris.
2153 2485 2333 2550 Hanc
2371 2504 2518 2571 ergo
2551 2484 2963 2571 conditionem
2994 2504 3139 2569 sup-

679 2587 1029 2670 ponendum
1078 2586 1173 2650 est
1218 2606 1255 2651 a
1302 2606 1349 2651 S.
1390 2586 1573 2671 Alph.
1623 2587 1854 2672 seponi,
1895 2607 2038 2653 cum
2083 2588 2329 2653 subdit:
2379 2590 2485 2654 sed
2533 2589 2713 2656 hodie
2759 2591 2875 2655 hae
2923 2591 3146 2658 ambae

681 2689 994 2772 opiniones
1021 2688 1287 2772 amplius
1313 2707 1435 2754 non
1467 2692 1614 2754 sunt
1638 2690 1986 2774 probabiles
2021 2711 2091 2756 ex
2116 2693 2316 2775 prima
2341 2694 2402 2756 et
2427 2695 2653 2775 quarta
2685 2693 2847 2757 inter
2869 2693 3146 2777 quinque

686 2792 1155 2875 propositiones,
1195 2809 1349 2875 quas
1387 2791 1755 2857 Benedictus
1793 2791 1962 2858 XIV.
1990 2793 2374 2859 damnavit...
2404 2821 2465 2859 ».

768 2894 859 2956 Ex
889 2892 985 2957 his
1023 2914 1286 2977 pronum
1318 2896 1411 2959 est
1448 2895 1757 2981 colligere,
1793 2915 1914 2960 non
1963 2895 2040 2960 ad
2071 2916 2201 2962 rem
2248 2898 2596 2980 appositam
2643 2897 2833 2964 fuisse
2879 2899 3139 2964 Auctori

679 3000 891 3063 nostro
941 2997 1258 3081 postillam
1296 2997 1368 3061 de
1416 2997 1804 3079 expendenda
1853 3000 1916 3060 2⁸
1964 2997 2381 3082 propositione
2414 2999 2709 3066 damnata
2757 3002 2835 3065 ab
2881 3001 3143 3066 Alexan-

679 3101 787 3167 dro
834 3100 979 3165 VII.
1021 3125 1057 3160 «
1094 3100 1208 3164 Vir
1254 3100 1555 3183 equestris
1580 3100 1656 3163 ad
1683 3100 1960 3164 duellum
1991 3104 2363 3184 provocatus
2396 3105 2603 3188 potest
2633 3104 2790 3168 illud
2824 3107 3138 3189 acceptare

677 3223 752 3268 ne
799 3202 1158 3267 timiditatis
1204 3203 1421 3266 notam
1467 3201 1624 3284 apud
1678 3201 1834 3266 alios
1866 3203 2144 3268 incurrat
2183 3230 2257 3280 »;
2294 3205 2440 3288 quia
2474 3225 2653 3271 casus
2692 3210 2787 3272 est
2822 3208 3031 3291 dispar
3077 3209 3141 3272 et

676 3306 763 3370 ibi
812 3305 1012 3368 solum
1048 3304 1259 3389 agitur
1291 3304 1363 3368 de
1395 3303 1754 3368 timiditate.

768 3401 944 3476 334.
974 3406 1127 3470 Heic
1151 3405 1373 3470 referre
1403 3405 1582 3469 iuvat
1605 3406 1876 3489 quinque
1909 3410 2358 3492 propositiones
2383 3412 2543 3476 circa
2576 3412 2854 3477 duellum
2890 3413 3136 3477 damna-

681 3514 780 3575 tas
821 3529 856 3574 a
888 3508 1231 3572 Benedicta
1264 3506 1465 3574 XIV.
1507 3528 1603 3573 an.
1644 3510 1835 3574 1752.
1885 3512 1947 3575 in
1982 3510 2165 3577 Bulla
2200 3511 2668 3580 Detestabilmn.
2723 3515 2883 3582 Sunt
2933 3515 3144 3582 autem

681 3614 1041 3697 sequentes:

859 3717 925 3779 1⁰
976 3714 1088 3780 Ve'r
1112 3711 1409 3779 militaris
1454 3716 1582 3798 qai,
1632 3717 1761 3780 nisi
1807 3715 2029 3796 offerat
2052 3719 2169 3781 wel
2199 3725 2468 3799 acceptet
2498 3720 2801 3796 duellum,
2839 3728 3137 3805 tanquam

678 3817 1132 3898 formidolosae,
1185 3816 1457 3895 timidus,
1504 3818 1779 3883 abiectus
1826 3825 1886 3886 et
1928 3820 2018 3884 ad
2060 3821 2270 3903 officia
2315 3821 2628 3888 militaria
2663 3826 2911 3905 ineptas·
2956 3824 3141 3889 habe-

684 3924 859 3983 retur
904 3918 1165 3999 indeque
1219 3920 1443 4002 officie,
1492 3942 1611 4005 qao
1656 3943 1720 3986 se
1766 3942 2028 4005 suosque
2072 3928 2397 3998 sustentat,
2433 3927 2822 4006 privaretur,
2857 3926 2954 3990 vel
3000 3948 3147 4009 pro—

683 4021 971 4086 motionis
1018 4020 1181 4086 alias
1216 4021 1342 4085 sibe?
1370 4021 1607 4092 debitae
1653 4044 1727 4089 ac
1763 4026 2142 4104 promeritae
2165 4047 2270 4106 spe
2289 4034 2590 4112 perpetuo
2636 4047 2847 4094 carere
2880 4029 3141 4108 deberet,

681 4124 864 4205 culpa
911 4131 969 4188 et
1000 4145 1208 4204 poena
1256 4131 1521 4200 vacaret,
1570 4127 1697 4190 sive
1745 4125 1970 4204 offerat
2012 4129 2136 4192 sive
2167 4134 2436 4212 acceptet
2468 4129 2762 4197 duellum.

862 4231 931 4291 2⁰
962 4228 1281 4292 Ercusari
1312 4233 1599 4308 possunt,
1649 4229 1835 4290 etlam
1879 4227 2132 4294 honoris
2181 4232 2394 4297 tuende?
2422 4232 2518 4299 vel
2553 4229 2860 4300 humanae
2895 4237 3148 4319 vilipen-

678 4332 876 4395 sionis
926 4328 1214 4393 vitandae
1261 4329 1496 4410 qratia,
1531 4327 1808 4392 duellum
1839 4338 2244 4413 acceptantes,
2279 4335 2374 4400 vel
2402 4336 2492 4400 ad
2532 4337 2701 4402 illud
2715 4348 3146 4419 provocantes,

680 4430 929 4513 quando
965 4435 1127 4494 certo
1163 4431 1386 4504 sciant,
1406 4450 1691 4511 puynam
1724 4453 1850 4497 non
1887 4455 2015 4500 esse
2043 4441 2415 4513 secuturam,
2461 4443 2664 4520 utpote
2710 4440 2790 4504 ab
2837 4441 2991 4507 aliis·
3041 4446 3148 4509 im-

676 4530 1067 4611 patiendam.
