3497 5147
377 318 523 396 [928]
1431 333 1514 373 nn
1552 335 1800 376 DUELLO
2743 325 2851 379 689

464 427 642 501 928.
665 429 961 495 Duellum
985 430 1216 513 pluries
1243 431 1322 495 ab
1354 431 1626 496 Ecclesia
1652 433 1920 497 vetitum
1945 433 2085 498 fuit.
2106 431 2381 498 Cf.Trid.
2401 434 2546 520 Syn.
2567 435 2726 501 Sess.
2743 438 2847 500 25.

373 533 447 598 de
493 533 702 597 Refer.
752 552 803 597 c.
868 533 991 609 19.‚
1041 532 1327 617 Gregorii
1383 534 1561 597 XIII.
1614 532 1827 599 Const.
1879 534 1993 598 Ad
2051 535 2410 614 tollendum,
2460 556 2601 601 ann.
2655 540 2846 602 1582.

372 633 709 701 Clementis
747 635 926 699 VIII.
958 634 1158 699 Illius
1195 636 1354 700 vices
1402 656 1542 701 ann.
1583 638 1798 715 1592„
1834 639 2321 722 propositionem
2357 641 2442 702 2¹¹¹
2474 640 2638 704 inter
2683 640 2852 704 dam-

372 743 555 804 natas
603 739 680 804 ab
726 738 1077 804 Alexandro
1125 738 1268 802 VII.
1320 759 1461 803 ann.
1515 740 1706 803 1666.
1759 743 1822 805 et
1870 742 2074 806 theses
2135 741 2465 807 damnatas
2513 761 2550 807 a
2597 742 2851 807 Benedi-

371 843 471 907 cto
498 841 669 905 XIV.
688 841 877 905 Bulla
901 839 1351 905 Detestabilem
1377 860 1518 906 ann.
1554 843 1742 905 1752.
1760 833 1971 907 Const.
1988 843 2086 906 Pii
2103 843 2213 907 IX.
2236 842 2635 923 Apostolieae
2669 842 2850 909 Sedis

369 944 533 1008 inter
570 962 867 1008 excomm.
902 943 978 1007 R.
1013 943 1083 1008 P.
1123 946 1471 1009 reservatas
1505 964 1563 1007 n.
1600 945 1659 1008 3.

458 1046 666 1111 Poena
714 1046 883 1128 prior
929 1047 1025 1110 est
1071 1046 1627 1112 excommunicatio
1674 1047 1844 1112 latae
1892 1047 2236 1112 sententiae
2282 1048 2360 1112 R.
2393 1049 2465 1112 P.
2505 1051 2842 1123 reservata,

371 1150 558 1231 afflue
599 1149 793 1213 afficit
822 1168 945 1213 non
982 1149 1188 1213 solum
1233 1148 1511 1215 duellum
1562 1151 2007 1233 perpetrantes,
2044 1150 2150 1214 sed
2182 1151 2247 1216 et
2293 1150 2659 1234 simpliciter
2709 1171 2844 1234 pro-

370 1252 663 1315 vocantes
696 1250 773 1315 ad
803 1252 980 1327 illud,
1016 1252 1114 1315 vel
1144 1251 1350 1334 ipsum
1389 1254 1800 1335 acceptantes,
1828 1254 2147 1335 praeterea
2170 1252 2482 1334 quoslibet
2513 1252 2844 1336 complices

370 1354 467 1418 vel
501 1354 1013 1437 qualemcumque
1048 1373 1300 1437 operam
1347 1357 1460 1419 aut
1496 1354 1776 1419 favorem
1807 1354 2190 1437 praebenteS,
2224 1355 2376 1418 item
2416 1355 2489 1419 de
2535 1354 2844 1420 industria

370 1457 739 1539 spectantes,
773 1458 912 1520 tum
942 1456 1100 1522 illud
1132 1456 1559 1539 permittentes
1592 1456 1710 1533 vel,
1745 1458 2054 1538 quantum
2086 1456 2151 1520 in
2198 1456 2349 1540 ipsis
2383 1459 2495 1532 est,
2545 1475 2669 1521 non
2702 1476 2844 1540 pro-

370 1559 671 1637 hibentes,
719 1560 1161 1641 cuiuscumque
1218 1560 1545 1644 dignitatis
1594 1559 1740 1635 sint,
1793 1559 1984 1624 etiam
2046 1558 2277 1643 regalis
2334 1560 2431 1623 vel
2479 1559 2840 1642 imperialis.

256 1708 269 1719 .
372 1662 583 1727 Const.
631 1662 854 1742 Apost.
905 1660 1086 1726 Sedis
1131 1663 1172 1726 l.
1214 1682 1287 1738 c.,
1324 1662 1401 1725 ad
1448 1663 1625 1727 cuius
1675 1680 1961 1726 normam
2009 1680 2170 1725 nunc
2219 1661 2291 1724 de
2339 1661 2455 1725 hac
2501 1680 2698 1744 poena
2748 1665 2844 1726 est

371 1764 833 1829 decernendum.
883 1766 975 1829 De
1022 1765 1137 1830 hac
1184 1785 1249 1829 re
1298 1783 1554 1849 agemus
1603 1765 1664 1827 in
1713 1767 1792 1828 tr.
1836 1764 1910 1827 cle
1968 1762 2288 1828 Oensuris.
2325 1763 2505 1828 Nunc
2554 1766 2709 1830 satis
2758 1767 2843 1830 sit

372 1866 686 1932 advertere
734 1885 1097 1950 responsum
1141 1866 1331 1932 fuisse
1380 1887 1415 1931 a
1462 1886 1509 1931 s.
1546 1865 1773 1951 Congr.
1824 1866 1958 1949 Inq.
2011 1866 2086 1930 ad
2135 1866 2335 1949 Episc.
2385 1866 2840 1932 Pictaviensem

371 1970 474 2033 31.
510 1970 661 2034 maii
711 1970 902 2033 1884.
937 1970 1099 2034 inter
1129 1969 1458 2053 complices
1506 1967 1904 2034 recensendos
1954 1987 2199 2051 quoque
2233 1987 2362 2033 esse
2400 1969 2689 2048 medicOS,
2731 1970 2838 2054 qui

371 2092 407 2136 a
437 2071 858 2137 duellantibus
905 2072 1114 2157 rogati
1162 2073 1460 2138 assistant
1506 2098 1539 2129 «
1579 2092 1721 2136 cum
1753 2071 2096 2136 intentione
2144 2072 2329 2137 citius
2362 2072 2545 2137 finem
2592 2093 2837 2158 pugnae

368 2174 720 2257 imponendi
747 2176 841 2239 vel
875 2175 1238 2258 simpliciter
1262 2175 1515 2238 vulnera
1549 2173 1790 2257 ligandi
1824 2193 1894 2237 ac
1918 2174 2174 2239 curandi
2200 2200 2260 2251 »ς
2289 2175 2480 2240 etiam
2505 2176 2557 2239 si
2585 2178 2834 2241 tantum

368 2276 432 2340 in
465 2276 646 2342 domo
696 2277 894 2342 vicina
926 2277 1026 2342 vel
1056 2278 1120 2342 in
1151 2277 1286 2342 loco
1320 2277 1666 2361 propinquo
1701 2276 1948 2353 sistant,
1983 2277 2188 2360 parati
2221 2277 2298 2341 ad
2344 2297 2532 2343 suum
2561 2278 2836 2345 ministe-

367 2379 531 2444 rium
563 2380 1013 2463 praebendum:
1047 2379 1230 2445 modo
1264 2381 1413 2444 haec
1453 2398 1525 2444 ex
1556 2378 1840 2444 condicto
1888 2378 2061 2444 fiant.
2097 2379 2269 2444 Idem
2303 2381 2396 2444 est
2434 2380 2640 2462 quoad
2688 2400 2833 2446 con-

365 2481 654 2548 fessarios
700 2502 1083 2566 responsum,
1132 2482 1187 2548 si
1233 2482 1480 2547 eaedem
1526 2483 1653 2547 sint
1700 2482 2101 2547 conditiones.
2141 2481 2329 2546 Ratio
2379 2483 2500 2559 est3
2551 2484 2699 2566 quia
2746 2484 2834 2549 sic

367 2604 506 2651 vere
541 2585 756 2652 favent
787 2586 991 2652 duello
1027 2589 1090 2651 et
1119 2586 1446 2669 complices
1486 2587 1618 2651 eius
1650 2585 1831 2651 fiunt.

453 2689 669 2754 Altera
714 2707 912 2771 poena
959 2690 1054 2753 est
1100 2688 1466 2772 proscriptio
1514 2689 1821 2753 bonorum
1852 2690 2069 2753 contra
2108 2687 2389 2753 dominos
2438 2690 2832 2773 temporaleS,

366 2791 472 2873 qui
504 2792 567 2856 in
599 2792 729 2857 suis
777 2792 958 2857 terris
1004 2791 1165 2856 inter
1202 2791 1572 2855 christianos
1619 2791 1827 2856 locum
1875 2789 2080 2855 duello
2120 2790 2462 2856 concedunt
2509 2793 2572 2856 et
2618 2795 2836 2856 contra

367 2895 827 2959 committentes
859 2913 1154 2979 pugnam,
1190 2894 1416 2977 quibus
1448 2893 1698 2958 additur
1730 2911 1926 2976 poena
1959 2895 2293 2977 perpetuae
2323 2894 2635 2961 infamiae.
2663 2894 2831 2960 Trid.

368 2994 513 3081 Syn.
548 2997 590 3059 l.
624 3017 673 3060 c.
709 2996 846 3062 Hae
878 2999 1089 3062 tamen
1120 3015 1351 3079 poenae
1384 3015 1507 3061 non
1542 2995 1813 3078 amplius
1847 2995 2079 3081 figent.

468 3098 747 3165 Privatio
796 3100 1152 3183 sepulturae
1214 3098 1680 3175 ecclesiasticae,
1733 3097 1786 3163 si
1833 3098 2177 3164 duellantes
2226 3099 2289 3165 in
2349 3101 2484 3184 ipso
2542 3101 2833 3166 conflictu

364 3200 684 3277 decedunt,
711 3202 959 3266 etiamsi
990 3203 1133 3266 ante
1167 3201 1407 3266 obitum
1432 3200 1711 3265 dederint
1752 3201 2166 3283 poenitentiae
2198 3201 2396 3285 signa,
2423 3202 2550 3267 imo
2585 3201 2829 3267 etiamsi

364 3309 545 3368 extra
562 3304 760 3368 locum
775 3303 1099 3383 conflictus
1114 3304 1523 3367 sacrementis
1540 3303 1770 3365 ›necnz'ti
1786 3301 2176 3380 decesserint,
2188 3305 2262 3367 ut
2277 3301 2647 3368 Benedictus
2658 3305 2830 3369 XIV.

364 3406 693 3491 praecepit.
719 3407 821 3472 Ita
843 3405 1157 3472 Benedict.
1184 3404 1357 3469 XIV.
1385 3401 1597 3469 Const.
1624 3402 2075 3468 Detestabilem
2111 3405 2213 3469 14.
2241 3424 2381 3469 nov.
2412 3405 2604 3470 1751.
2635 3407 2691 3489 ξ.
2721 3409 2826 3472 47.

370 3533 407 3567 «
440 3509 836 3574 Decernimus
886 3511 948 3573 et
994 3509 1399 3582 declaramuS,
1442 3507 1802 3590 sepulturae
1849 3525 2059 3571 sacrae
2105 3507 2582 3590 privationem...
2624 3509 2832 3572 incur-

364 3610 616 3676 rendam
646 3613 942 3697 perpetuo
990 3610 1184 3676 fore...
1227 3629 1262 3674 a
1301 3607 1623 3673 decedente
1672 3626 1917 3690 quoque
1965 3610 2138 3673 extra
2184 3608 2392 3673 locum
2440 3609 2828 3675 conflictus...

365 3733 435 3778 ac
468 3713 713 3779 etiamsi
744 3713 1108 3779 vulneratus
1141 3715 1284 3777 ante
1330 3713 1596 3777 mortem
1633 3730 1757 3775 non
1795 3711 2029 3774 incerta
2067 3709 2484 3793 poenitentiae
2518 3711 2696 3797 signa
2735 3710 2835 3776 de·

363 3817 522 3880 derit
570 3818 759 3900 atque
806 3837 840 3880 a
888 3816 1156 3901 peccatis
1211 3817 1274 3879 et
1330 3815 1601 3880 censuris
1667 3813 2123 3878 absolutionem
2172 3812 2530 3891 obtinuerit,
2581 3814 2832 3879 sublata

362 3918 680 4003 Episcopis
722 3920 785 3983 et
815 3917 1155 3983 Ordinariis
1201 3918 1483 3983 locorum
1518 3935 1699 4000 super
1746 3916 1862 3981 hac
1894 3934 2091 3999 poena
2139 3916 2588 3999 interpretandi
2638 3937 2707 3982 ac
2747 3919 2834 3983 di-

362 4020 689 4105 spensandi
720 4019 1039 4101 facultate,
1073 4039 1195 4104 quo
1233 4021 1449 4085 ceteris
1498 4020 1940 4084 documentum
1974 4019 2348 4102 praebeatur
2392 4019 2672 4105 fugiendi
2712 4039 2834 4084 sce·

360 4127 504 4190 leris
538 4129 653 4191 etc.
689 4153 749 4192 ».
792 4124 1010 4191 Clerici
1044 4124 1389 4190 duellantes
1420 4125 1746 4191 incurrunt
1780 4124 2244 4207 suspensionem
2277 4123 2505 4189 ferend.
2542 4124 2829 4188 sentent:

360 4229 511 4294 Pius
534 4229 644 4294 IV.
674 4229 847 4294 addit
871 4228 1283 4312 privationem
1308 4227 1690 4313 dignitatum
1724 4229 1788 4291 et
1812 4226 2248 4292 benefic-iorum
2273 4228 2336 4291 et
2365 4225 2826 4290 inhabilitatem

362 4332 440 4396 ad
477 4332 591 4397 illa
626 4331 762 4397 dein
797 4329 1149 4395 obtinenda.

524 4577 808 4620 Buttmann.
842 4598 891 4606 -
924 4571 1091 4616 Horat.
1124 4571 1273 4614 Tomo
1302 4571 1370 4620 11.
2614 4571 2670 4612 u
