3497 5147
702 323 808 376 226
1074 336 1287 376 ’111Αο1.
1327 336 1408 375 vr.
1446 334 1607 376 sacr.
1648 336 1686 375 1.
1726 336 1812 375 Dm
1850 335 2041 377 ramo
2080 334 2437 376 fannonem
2473 334 2785 376 vacuom
3011 318 3164 393 [308]

1125 497 1159 534 '⁸‘
1197 497 1254 579 ξ.
1295 498 1351 560 1.
1386 495 1487 559 De
1518 494 1881 571 Devotione‚
1917 494 2309 559 Adoratione
2340 499 2401 558 et
2429 493 2670 559 Laude.
2703 496 2738 533 '⁸‘

782 637 961 712 3⁰8.
998 642 1089 705 De
1139 640 1457 704 devotione
1505 640 1654 704 haec
1699 659 1898 723 pauca
1945 640 2102 705 habe
2149 659 2186 703 a
2233 659 2281 704 s.
2316 640 2584 704 Doctore
2617 640 2678 702 2.
2713 639 2774 703 2.
2809 659 2867 720 q.
2905 639 3011 702 82.
3047 640 3162 703 De-

691 745 863 809 votio
903 744 1069 807 dicta
1116 746 1212 808 est
1263 763 1300 807 a
1347 743 1736 808 devovendo:
1788 743 2045 823 ideoque
2099 742 2307 807 devoti
2367 741 2677 819 dicuntur,
2726 742 2836 824 qui
2880 761 2945 806 se
2991 741 3157 824 ipsos

695 845 1153 928 quodammodo
1186 847 1317 910 Deo
1350 845 1675 910 devovent.
1716 869 1753 902 ⁴<
1786 844 1961 909 Unde
2007 843 2254 909 devotio
2300 844 2456 908 nihil
2496 843 2665 908 aliud
2713 863 2844 909 esse
2891 843 3156 921 videtur,

699 967 889 1030 quam
923 949 1215 1012 voluntas
1248 947 1552 1029 quaedam
1583 949 1867 1030 prompte
1891 947 2069 1029 (alibi
2102 947 2279 1011 dicit:
2319 945 2609 1010 voluntas
2626 950 2942 1029 prompta,
2977 946 3053 1011 cf.
3080 950 3161 1012 ci-

693 1052 830 1114 tata
863 1070 934 1114 cx
972 1070 1028 1114 3.
1064 1052 1156 1133 2.)
1191 1050 1473 1114 tradendi
1519 1068 1584 1113 se
1632 1049 1711 1113 ad
1748 1068 1839 1124 ea,
1874 1068 2032 1131 quae
2079 1050 2390 1131 pertinent
2426 1048 2505 1113 ad
2537 1049 2653 1113 Dei
2683 1048 3062 1114 famulatum
3092 1075 3153 1113 ».

696 1153 963 1218 Devotio
1003 1152 1255 1236 proinde
1308 1178 1344 1212 α
1376 1154 1471 1216 est
1519 1155 1696 1216 actus
1728 1152 2108 1235 appetitivae
2145 1151 2341 1235 partis
2387 1152 2629 1216 animae
2661 1153 2726 1216 et
2769 1154 2866 1216 est
2901 1151 3154 1233 quidam

691 1257 903 1320 motus
940 1256 1286 1321 voluntatis
1319 1280 1381 1317 ».
1415 1252 1575 1318 Cum
1620 1273 1768 1338 ergo
1822 1278 1858 1312 α
1892 1254 2181 1318 voluntas
2229 1257 2512 1337 prompte
2557 1254 2821 1319 faciendi
2865 1253 3029 1336 quod
3075 1254 3154 1318 ad

700 1359 818 1422 Dei
855 1358 1177 1422 servitium
1207 1357 1495 1440 pertinet,
1532 1357 1616 1420 sit
1652 1356 1908 1438 quidam
1954 1356 2236 1440 specialis
2282 1360 2461 1421 actus
2492 1380 2555 1432 »;
2588 1355 2873 1437 sequitur
2925 1381 2960 1414 «
2990 1356 3158 1438 quod

691 1461 940 1526 devotio
974 1463 1069 1524 est
1100 1460 1381 1542 specialis
1415 1459 1591 1523 actus
1624 1459 1970 1524 voluntatis
2002 1484 2062 1534 »,
2098 1459 2138 1521 l.
2174 1478 2224 1522 0.
2260 1478 2316 1522 3.
2348 1460 2403 1522 1.

779 1563 1041 1628 Devotio
1068 1566 1164 1627 est
1189 1563 1367 1626 actus
1392 1562 1646 1626 virtutis
1672 1561 2010 1645 religionis,
2029 1558 2188 1625 Sane
2218 1585 2253 1618 «
2279 1559 2521 1643 operari
2543 1578 2635 1637 ea,
2661 1579 2820 1641 quae
2844 1560 3155 1643 pertinent

686 1666 763 1729 ad
792 1666 1073 1730 divinum
1089 1665 1332 1729 cultum
1355 1684 1464 1728 seu
1489 1664 1887 1740 famulatum,
1915 1664 2182 1746 pertinet
2205 1663 2450 1746 proprie
2475 1662 2552 1727 ad
2574 1662 2966 1747 religionem:
2994 1663 3153 1728 unde

687 1769 878 1833 etiam
903 1768 981 1832 ad
1006 1787 1142 1832 eam
1173 1767 1441 1850 pertinet
1463 1767 1688 1831 habere
1714 1768 2072 1850 promptam
2088 1766 2479 1830 voluntatem
2505 1765 2582 1828 ad
2606 1764 2966 1829 huiusmodi
2990 1783 3157 1829 exse-

686 1871 948 1952 quenda,
975 1869 1139 1952 quod
1164 1872 1260 1933 est
1283 1889 1412 1934 esse
1437 1869 1732 1934 devotum
1757 1894 1820 1933 ».
1855 1889 1911 1932 a.
1949 1871 2008 1933 2.

775 1972 1165 2055 Quapropter
1201 1996 1237 2029 «
1270 1972 1348 2036 3(1
1382 1972 1710 2035 caritatem
1758 1971 2005 2052 quidem
2037 1971 2306 2054 pertinet
2351 1969 2726 2047 immediate,
2766 1969 2933 2051 quod
2965 1970 3149 2036 homo

685 2072 897 2136 tradat
943 2092 1005 2136 se
1052 2074 1259 2156 ipsum
1306 2074 1455 2150 De0,
1491 2072 1874 2137 adhaerendo
1923 2074 1980 2136 01
2017 2093 2124 2156 per
2169 2073 2482 2154 quandam
2527 2072 2784 2156 spiritns
2822 2072 3144 2138 unionem:

686 2176 791 2240 sed
837 2174 1002 2256 quod
1050 2176 1236 2263 homo
1285 2174 1497 2239 tradat
1533 2193 1596 2238 se
1641 2175 1848 2257 ipsum
1888 2176 2017 2238 Deo
2067 2174 2144 2238 ad
2193 2176 2403 2256 aliqua
2450 2194 2635 2258 opera
2679 2174 2872 2239 divini
2920 2176 3145 2251 cultus,

684 2278 802 2342 hoc
848 2277 1202 2342 immediate
1249 2277 1516 2360 pertinet
1563 2276 1642 2341 ad
1684 2277 2067 2361 religionem,
2101 2277 2369 2342 mediate
2416 2280 2626 2343 autem
2673 2276 2751 2341 ad
2797 2278 3144 2355 caritatem,

682 2398 840 2461 quae
879 2381 973 2443 est
1002 2379 1318 2464 religionis
1351 2378 1721 2462 principium
1754 2404 1816 2442 ».
1852 2378 1928 2442 ad
1966 2380 2069 2443 1¹¹¹.

767 2481 1033 2546 Devotio
1052 2501 1173 2546 non
1198 2483 1449 2546 tantum
1470 2480 1547 2545 ad
1572 2483 1794 2559 Deum,
1814 2482 1919 2546 sed
1943 2485 2005 2545 et
2030 2481 2106 2545 ad
2132 2484 2378 2546 sanctos
2402 2481 2519 2546 Dei
2543 2482 2824 2548 mortuos
2849 2483 2948 2547 vel
2971 2482 3146 2549 vivos

686 2584 901 2649 haberi
931 2586 1166 2667 potest:
1207 2586 1486 2647 attamen
1520 2584 1670 2647 haec
1707 2609 1742 2642 «
1767 2603 1888 2648 non
1922 2584 2294 2649 terminatur
2324 2583 2398 2648 ad
2447 2584 2636 2667 ipSOS‚
2670 2584 2776 2650 sed
2823 2585 3052 2649 transit
3084 2586 3147 2650 in

683 2689 905 2764 Deum,
933 2687 995 2749 in
1029 2687 1334 2766 quantum
1367 2685 1600 2749 scilicet
1629 2687 1693 2749 in
1726 2687 2029 2751 ministris
2067 2686 2183 2750 Dei
2214 2687 2415 2750 Deum
2446 2707 2812 2752 veneramur
2833 2713 2897 2752 ›.
2924 2688 3005 2752 ad
3038 2689 3142 2752 3¹¹¹.

685 2786 870 2851 Secus
918 2788 1153 2851 scilieet
1189 2788 1364 2851 actus
1397 2789 1558 2851 esset
1604 2786 1830 2864 duliae,
1870 2808 1991 2853 non
2030 2788 2349 2873 religionis
2397 2808 2505 2853 seu
2553 2789 2795 2868 latriae,
2828 2792 2903 2855 ut
2934 2793 3150 2873 postea

681 2889 1143 2971 explicabimus

769 2987 947 3062 3⁰9.
983 2991 1305 3072 Quomodo
1338 3013 1480 3059 vero
1520 2994 1768 3059 devotio
1803 2994 1887 3058 sit
1923 2993 2325 3072 concilianda,
2360 2993 2539 3059 docet
2569 3013 2619 3059 s.
2654 2995 2908 3070 Doctor‚
2944 2998 3145 3062 osten·

676 3093 825 3159 dens
860 3095 1016 3159 duas
1062 3095 1193 3160 es'se
1238 3094 1512 3160 eiusdem
1558 3115 1800 3160 causae.
1836 3095 2114 3174 Quarum
2162 3097 2359 3160 altera
2406 3098 2760 3161 eoetrinseca
2804 3100 2868 3162 et
2899 3100 3144 3178 preaci-

669 3197 867 3276 palis,
908 3197 1017 3274 ait,
1052 3199 1220 3260 Deus
1253 3199 1373 3261 est:
1410 3198 1569 3261 unde
1594 3200 1688 3261 est
1711 3216 2087 3278 consequens
2119 3198 2284 3278 quod
2315 3198 2434 3280 piis
2465 3198 2745 3281 precibus
2777 3199 2862 3262 sit
2893 3199 3141 3267 devotio

676 3298 1085 3380 impetranda.
1118 3300 1335 3364 Altera
1366 3318 1553 3363 causa
1585 3300 1919 3363 intrinseca
1952 3300 2011 3362 11.
2040 3320 2090 3363 0.
2125 3319 2197 3363 ex
2221 3303 2394 3382 parte
2418 3302 2652 3379 nostra,
2687 3301 2783 3365 est
2812 3303 3140 3370 meditatio

681 3419 790 3464 seu
821 3401 1284 3484 contemplatio.
1327 3426 1361 3458 «
1396 3402 1653 3463 Dictum
1683 3404 1780 3464 est
1811 3400 1992 3478 enim,
2028 3401 2193 3482 quod
2226 3401 2473 3466 devotio
2506 3404 2603 3466 est
2634 3402 2891 3484 quidam
2927 3407 3143 3474 volun-

681 3503 835 3567 tatis
861 3506 1037 3567 actus
1062 3503 1140 3567 ad
1165 3504 1282 3567 hoc
1305 3502 1470 3584 quod
1494 3503 1680 3567 homo
1706 3504 1989 3585 prompte
2014 3523 2076 3567 se
2101 3504 2312 3567 tradat
2337 3503 2413 3567 ad
2438 3503 2717 3569 divinum
2744 3506 3136 3589 obsequium:

683 3605 881 3669 omnis
907 3607 1118 3670 autem
1144 3606 1320 3669 actus
1345 3604 1529 3668 volun
1540 3605 1690 3668 tatis
1715 3624 1788 3668 ex
1816 3605 2027 3686 aliqua
2049 3605 2535 3671 consideratione
2562 3608 2836 3689 procedit
2859 3635 2922 3672 ».
2946 3611 3136 3677 Porro

677 3704 898 3786 duplex
924 3709 1018 3768 est
1044 3706 1119 3769 ad
1140 3707 1200 3770 id
1227 3709 1570 3773 conducens
1594 3708 2024 3772 consideratio.
2059 3733 2093 3766 ⁴<
2113 3707 2249 3772 Una
2274 3708 2541 3790 quidem,
2569 3729 2727 3791 quae
2748 3713 2844 3775 est
2866 3731 2941 3776 ex
2965 3716 3136 3796 parte

675 3805 917 3869 divinae
943 3807 1241 3871 bonitatis
1273 3814 1337 3872 et
1368 3810 1802 3875 beneficiorum
1836 3811 2029 3892 ipsius
2069 3811 2131 3874 et
2164 3811 2314 3874 haec
2344 3810 2752 3878 consideratio
2784 3815 3022 3881 excitat
3053 3816 3137 3880 di·

674 3907 1021 3982 lectionem,
1058 3928 1215 3988 quae
1249 3913 1341 3972 est
1390 3913 1665 3992 proxima
1705 3913 2051 3976 devotionis
2098 3932 2306 3976 causa.
2345 3912 2487 3977 Alia
2528 3933 2671 3979 vero
2710 3918 2805 3980 est
2851 3936 2925 3981 ex
2962 3921 3134 4001 parte

676 4010 945 4074 hominis
977 4010 1421 4075 considerantis
1456 4033 1599 4077 suos
1627 4014 1919 4090 defectus,
1947 4034 2016 4078 ex
2042 4015 2267 4096 quibus
2291 4016 2531 4101 indiget
2554 4019 2628 4080 ut
2652 4019 2782 4082 Deo
2806 4018 3129 4086 innitatur.

677 4113 761 4177 Et
789 4115 936 4176 haec
969 4112 1378 4179 consideratio
1413 4115 1681 4179 excludit
1713 4117 2298 4198 praesumptionem,
2332 4138 2437 4201 per
2468 4138 2656 4201 quam
2691 4120 2919 4203 aliquis
2951 4123 3131 4207 impe-

672 4215 842 4278 ditur
873 4235 947 4280 ne
979 4217 1108 4281 Deo
1144 4235 1206 4279 se
1243 4216 1555 4290 subiiciat,
1597 4216 1747 4279 dum
1780 4238 1925 4281 suae
1961 4218 2182 4283 virtuti
2213 4219 2504 4285 innititur
2535 4247 2595 4285 ».
2631 4241 2689 4286 3.
2728 4223 2790 4285 3.

759 4318 971 4382 Monet
1021 4318 1269 4382 tandem
1318 4318 1482 4400 quod
1532 4319 1818 4399 quamvis
1864 4346 1894 4374 «
1931 4341 2020 4398 ea,
2056 4342 2215 4403 quae
2263 4325 2411 4389 sunt
2456 4324 2825 4406 divinitatis,
2874 4326 3002 4392 sint
3047 4347 3127 4392 se-

674 4421 941 4484 cundum
988 4441 1051 4484 se
1099 4420 1363 4484 maxime
1411 4420 1745 4485 excitantia
1795 4421 2183 4488 dilectionem
2217 4428 2280 4489 et
2310 4448 2416 4509 per
2447 4447 2822 4511 consequens
2856 4430 3126 4497 devotio-

674 4542 813 4586 nem
846 4547 913 4598 »ς
964 4521 1386 4597 nihilominuS,
1428 4522 1574 4603 quia
1620 4549 1654 4580 «
1688 4541 1761 4586 ex
1799 4522 2117 4588 debilitate
2164 4528 2390 4591 mentis
2437 4530 2744 4595 humanae
2789 4535 2907 4611 est,
2948 4532 3121 4616 quod,
