3497 5147
305 344 460 421 [683]
1035 356 1120 396 nn
1158 357 1298 399 vo‘rr
1337 356 1737 397 lnnlurromzz
1774 357 2045 398 munem
2672 345 2779 398 519

319 458 490 520 detur
536 456 807 530 certum3
858 454 1005 536 quia
1053 454 1173 537 ipsi
1221 454 1467 517 etiamsi
1514 455 1726 524 velint,
1777 457 2094 537 nequeunt
2140 457 2257 520 sibi
2291 456 2557 520 adimere
2605 460 2779 541 pote-

320 560 540 623 statem
588 557 1037 621 dominativam
1084 557 1151 620 in
1197 556 1480 621 subditos
1513 581 1573 620 ».
1626 557 1723 620 Ita
1760 556 2157 622 Communis:
2200 561 2262 624 et
2310 559 2478 623 valet
2524 561 2660 623 tum
2708 559 2782 622 de

320 662 486 744 patre
518 661 800 742 respectu
834 658 965 735 filii,
1002 659 1100 723 vel
1138 659 1211 722 de
1259 658 1537 741 praelato
1585 662 1865 742 respectu
1915 661 2236 745 Religiosi‚
2273 662 2370 726 vel
2408 661 2480 725 de
2514 661 2645 725 viro
2692 678 2784 723 re-

322 762 529 846 spectu
564 761 792 826 uxoris.

400 865 578 944 Quod
620 865 847 928 attinet
894 863 972 927 ad
1018 863 1377 940 liceitatem‚
1429 864 1710 945 quaestio
1761 864 1833 927 fit
1866 864 1938 928 de
1985 865 2340 930 irritatione
2385 867 2522 929 sine
2568 885 2777 929 causa.

318 969 597 1049 Namque
655 968 705 1030 si
755 966 1146 1030 rationabilis
1195 984 1382 1030 causa
1432 965 1617 1038 adsit,
1652 967 1906 1030 irritans
1953 967 2104 1031 bene
2153 968 2336 1042 facit:
2386 967 2534 1050 quia
2571 971 2634 1032 et
2681 987 2784 1050 po·

318 1073 611 1136 testatem
660 1069 848 1133 habet
894 1071 959 1133 et
1005 1088 1111 1151 per
1158 1068 1426 1151 priorem
1474 1068 1927 1133 concessionem
1960 1088 2082 1133 non
2117 1087 2180 1132 se
2215 1069 2520 1153 obligavit
2553 1070 2628 1133 ad
2661 1089 2783 1134 non

320 1172 748 1248 revocandum,
775 1171 1220 1235 interveniente
1251 1189 1437 1234 causa
1475 1170 1664 1248 iusta,
1698 1171 1797 1235 vel
1843 1191 1908 1235 re
1939 1172 2162 1235 melius
2195 1171 2602 1236 considerata.

404 1275 541 1355 Qua
590 1274 663 1337 de
707 1292 774 1337 re
823 1273 1095 1336 advertit
1126 1270 1350 1337 Suarez
1389 1274 1463 1335 cle
1512 1272 1643 1336 Vot.
1679 1273 1786 1337 lib.
1830 1275 1889 1336 6.
1925 1293 2056 1358 cap.
2103 1275 2159 1337 7.
2196 1295 2254 1338 n.
2293 1274 2395 1338 16.
2432 1273 2507 1337 ad
2539 1274 2787 1338 irritan-

317 1379 466 1442 dum
514 1377 803 1457 suffice-re
850 1376 1155 1438 minore-m
1202 1395 1477 1452 causam,
1527 1396 1713 1456 qua-m
1745 1376 1834 1439 ad
1875 1374 2386 1456 dispensandum.
2428 1398 2462 1433 ‹<
2496 1374 2786 1454 Quaeres),

316 1479 541 1561 inquit,
583 1497 659 1542 an
692 1477 1054 1561 Religiosus
1090 1479 1316 1559 peccet,
1358 1479 1569 1560 petens
1605 1497 1639 1541 a
1688 1496 1801 1542 suo
1848 1479 2128 1560 praelato
2167 1478 2584 1542 irritationem
2631 1478 2784 1554 voti,

317 1581 565 1665 quando
612 1599 732 1644 non
781 1580 970 1644 habet
1016 1598 1291 1656 causam,
1319 1599 1477 1660 quae
1503 1580 1580 1643 ad
1618 1580 1854 1643 iustam
1886 1579 2406 1662 dispensationem
2454 1581 2785 1644 sufficeret.

317 1682 680 1767 Respondeo
729 1701 809 1745 ex
853 1682 1131 1744 omnium
1174 1682 1485 1744 sententia
1530 1700 1653 1746 non
1701 1702 1969 1765 peccare,
2027 1683 2172 1764 quia
2219 1682 2425 1746 utitur
2470 1684 2603 1745 iure
2651 1702 2785 1746 suo.

316 1787 481 1850 Item
529 1784 676 1866 quia
709 1786 928 1848 votiun
974 1803 1100 1848 non
1132 1783 1255 1847 fuit
1289 1783 1668 1856 absolutum,
1711 1783 1817 1847 sed
1849 1783 2347 1848 conditionatum
2395 1785 2457 1847 et
2489 1803 2596 1866 per
2631 1783 2789 1847 illud

316 1908 438 1953 non
491 1908 554 1951 se
602 1887 908 1972 obligavit
964 1886 1041 1950 ad
1088 1885 1449 1959 cavendum,
1489 1905 1563 1950 119
1611 1886 1881 1950 conditio
1929 1887 2347 1969 impediretur,
2399 1886 2496 1949 vel
2544 1886 2620 1948 ad
2669 1905 2790 1949 non

318 1991 797 2075 procurandum,
832 1991 1050 2053 utnon
1076 1991 1425 2071 poneretur,
1444 1990 1518 2051 ut
1550 1991 1799 2052 constat
1816 2008 1887 2052 ex
1903 1989 2215 2053 communi
2239 1989 2424 2053 modo
2457 1988 2786 2052 vovendi...

314 2096 485 2158 Item
516 2111 633 2156 non
681 2093 777 2156 est
821 2093 1163 2174 peccatum,
1198 2111 1260 2154 se
1295 2090 1611 2155 ostendere
1644 2111 2016 2174 propensum
2052 2091 2128 2155 ad
2159 2091 2604 2166 irritationem3
2639 2090 2790 2172 quia

308 2198 431 2261 hoc
485 2215 681 2277 neque
728 2197 823 2259 est
869 2197 1085 2259 contra
1130 2195 1371 2269 votum,
1421 2212 1617 2274 neque
1666 2196 1883 2257 contra
1916 2194 2086 2257 aliud
2118 2194 2515 2276 praeceptum
2547 2195 2611 2257 et
2641 2193 2790 2274 quia

308 2299 580 2363 dubium
630 2299 744 2371 est,
794 2315 871 2360 an
916 2296 982 2360 id
1028 2296 1229 2379 magis
1277 2296 1623 2359 conveniat.
1672 2295 1947 2359 Tandem
2010 2296 2118 2377 qui
2172 2297 2365 2359 sentit
2396 2314 2581 2360 onera
2627 2295 2793 2358 Reli-

307 2401 549 2486 gionis,
600 2400 729 2464 sine
776 2401 1025 2482 peccato
1073 2399 1281 2480 potest
1326 2397 1450 2461 frui
1481 2398 1823 2462 commodis
1869 2397 2059 2461 1111113.
2087 2398 2253 2482 Ergo
2286 2398 2396 2479 qui
2432 2416 2496 2461 se
2528 2398 2791 2461 subiecit

302 2503 625 2589 potestati
671 2501 1028 2585 superioris,
1078 2500 1152 2564 ut
1199 2499 1276 2563 ab
1320 2500 1431 2563 illo
1466 2518 1650 2564 onera
1682 2500 1959 2582 recipiat,
1995 2518 2116 2563 non
2163 2500 2375 2582 peccat
2406 2499 2792 2583 procurando

306 2609 514 2673 licitis
562 2606 783 2671 mediis
832 2605 1083 2687 aliquod
1149 2606 1429 2668 levamen
1478 2624 1584 2688 per
1630 2604 1903 2668 eiusdem
1959 2605 2355 2687 potestatem.
2420 2602 2598 2669 Sicut
2642 2624 2791 2688 ergo

301 2729 432 2776 non
470 2712 692 2793 peccat
724 2708 1040 2790 praelatus
1085 2707 1407 2783 irritando,
1441 2707 1533 2770 ita
1567 2726 1674 2771 nec
1707 2708 1995 2771 subditus
2028 2707 2289 2790 petendo
2323 2732 2384 2770 ».

396 2808 589 2882 883.
618 2810 684 2876 Si
716 2829 859 2874 vero
892 2810 1066 2873 nulla
1099 2809 1488 2873 rationabilis
1523 2809 1685 2872 adsit
1723 2828 1931 2886 causa,
1965 2810 2310 2873 communis
2337 2811 2433 2874 est
2464 2810 2792 2886 sententia,

295 2915 741 2980 irritationem
764 2932 887 2977 non
912 2931 1116 2977 carere
1141 2913 1410 2994 peccato.
1440 2909 1556 2975 Sed
1581 2911 1925 2994 disputant,
1947 2930 2023 2974 an
2049 2912 2171 2975 levi
2196 2914 2308 2976 aut
2331 2912 2528 2996 gravi.
2557 2912 2795 2978 Auctor

287 3016 715 3099 probabilius
738 3016 905 3091 dicit,
941 3015 1014 3079 de
1046 3016 1169 3078 levi
1193 3013 1627 3078 damnandam.
1660 3013 1742 3077 Et
1773 3013 2080 3077 consentit
2112 3032 2158 3077 s.
2186 3013 2560 3096 AlphonsuS‚
2590 3013 2795 3078 dicens

296 3145 360 3187 n.
389 3123 560 3185 239.
581 3120 738 3183 hanc
763 3119 1136 3183 sententiam
1159 3115 1318 3196 forte
1331 3115 1844 3197 probabiliorem.
1867 3115 2058 3180 Porro
2078 3135 2148 3180 ex
2173 3115 2446 3200 generali
2472 3115 2793 3198 principio,

296 3226 414 3289 ubi
470 3221 763 3307 gravitas
810 3222 1027 3303 culpae
1060 3220 1210 3284 adeo
1245 3222 1339 3284 est
1370 3219 1577 3296 dubia,
1613 3218 1685 3281 de
1734 3218 1914 3302 gravi
1960 3218 2252 3282 damnare
2285 3238 2407 3283 non
2441 3237 2792 3300 possumus.

394 3326 647 3391 Suarez
695 3323 769 3387 de
821 3323 951 3387 Vot.
986 3323 1092 3386 lib.
1131 3322 1190 3385 6.
1226 3342 1358 3404 cap.
1394 3324 1455 3384 4.
1490 3342 1550 3384 n.
1586 3323 1689 3383 22.
1733 3320 2021 3395 advertit,
2071 3339 2261 3403 grave
2308 3323 2630 3401 peccatum
2677 3320 2797 3384 dici

289 3432 361 3495 in
401 3426 668 3510 legibus
698 3425 1091 3505 Hispaniae;
1124 3424 1231 3487 sed
1268 3423 1498 3499 subdit,
1531 3423 1590 3486 id
1632 3422 1894 3502 difficile
1933 3442 2060 3485 esse
2108 3420 2367 3484 creditu.
2409 3445 2443 3479 «
2476 3421 2660 3497 Nam,
2711 3423 2792 3483 111-

287 3535 471 3616 quit,
513 3530 720 3614 primo
769 3548 892 3593 non
938 3514 1053 3593 est'
1081 3529 1298 3592 contra
1342 3525 1682 3599 iustitiam3
1732 3525 1880 3605 quia
1917 3524 2184 3587 maritus
2231 3521 2436 3585 utitur
2480 3521 2613 3583 iure
2659 3540 2795 3596 suo,

286 3636 445 3701 ideo
505 3632 677 3697 enim
710 3630 919 3696 valida
951 3634 1046 3695 est
1093 3630 1276 3694 actio.
1310 3627 1439 3691 Nec
1471 3628 1687 3691 contra
1725 3626 2150 3708 Religionem3
2184 3623 2330 3703 quia
2364 3640 2473 3686 nec
2510 3622 2640 3702 ipse
2671 3642 2800 3686 ma-

286 3739 475 3802 ritus
518 3734 723 3799 violat
756 3735 994 3808 votum,
1030 3753 1171 3797 cum
1218 3731 1373 3795 illud
1422 3749 1543 3793 non
1592 3728 1824 3803 fecerit,
1860 3746 2056 3807 neque
2090 3728 2183 3789 est
2214 3743 2402 3788 causa
2438 3724 2802 3788 violationis

285 3842 467 3940 eii-13,
511 3857 663 3901 cum
709 3856 821 3901 nec
869 3854 1021 3900 uxor
1065 3835 1222 3899 illud
1270 3834 1482 3907 violet,
1524 3831 1628 3896 sed
1668 3831 1872 3895 solum
1920 3832 2014 3893 est
2060 3847 2270 3905 causa,
2303 3830 2378 3892 ut
2423 3831 2644 3893 votum
2681 3845 2805 3891 non

286 3945 404 4021 sit,
450 3940 570 4005 vel
617 3957 739 4003 non
788 3939 1057 4022 obliget3
1107 3937 1273 4019 quod
1321 3955 1428 4019 per
1475 3954 1539 4000 se
1585 3934 1826 3998 malum
1859 3951 1982 3997 non
2016 3933 2129 4010 est,
2173 3933 2247 3996 ut
2293 3951 2400 4014 per
2438 3950 2501 3996 se
2539 3933 2807 4005 constat,

282 4066 409 4111 nec
470 4042 736 4107 videtur
781 4040 915 4104 fieri
964 4040 1292 4103 intrinsece
1339 4039 1578 4103 malum
1628 4057 1697 4101 ex
1746 4055 1837 4113 99,
1874 4035 2039 4117 quod
2088 4035 2340 4099 licentia
2388 4032 2808 4117 praecesserit.

284 4151 533 4228 Quare
589 4144 790 4226 placet
836 4142 991 4206 mihi
1039 4141 1275 4225 regula,
1326 4160 1515 4223 quam
1564 4138 1760 4204 tradit
1807 4159 1854 4202 s.
1904 4139 2257 4202 Antoninus
2305 4137 2465 4219 part.
2501 4136 2560 4197 3.
2612 4134 2711 4197 tit.
2753 4134 2811 4197 1.

277 4273 439 4335 cap.
490 4248 610 4311 12.
644 4247 708 4309 in
747 4245 1027 4328 princip„
1065 4264 1135 4308 ex
1168 4243 1537 4328 Raymundo
1588 4245 1649 4306 et
1697 4241 1953 4305 eandem
1993 4241 2180 4304 habet
2220 4239 2425 4302 Maior
2474 4239 2537 4301 et
2576 4234 2710 4300 alii:
2762 4236 2818 4300 si

279 4355 393 4418 vir
431 4350 797 4435 postquam
844 4346 1014 4412 dedit
1058 4346 1375 4411 licentiam
1423 4345 1601 4409 uxori
1649 4344 1726 4407 ad
1776 4346 1994 4408 votum
2028 4363 2086 4407 v.
2122 4363 2214 4427 gr.
2253 4340 2664 4405 abstinentiae
2712 4340 2812 4404 vel

276 4458 759 4535 eleemosynae
802 4450 1207 4533 implendum,
1233 4448 1391 4512 illud
1422 4449 1672 4511 revocat
1704 4465 1776 4508 ex
1808 4444 2167 4509 rationabili
2199 4464 2388 4507 causa
2419 4444 2648 4520 11191119,
2684 4460 2806 4506 11911

277 4557 569 4644 peccat,
617 4552 718 4616 sed
763 4553 914 4617 bene
960 4552 1176 4616 facit...
1226 4550 1292 4614 Si
1341 4553 1551 4613 autem
1600 4547 1727 4611 sine
1777 4566 1963 4611 causa
2010 4546 2280 4621 revocat,
2321 4546 2641 4628 peccatum
2689 4546 2805 4621 est,
