3497 5147
389 348 536 423 [753]
718 363 886 412 Qum
922 363 1167 407 causan
1204 362 1540 419 excusam,
1579 365 1659 406 nr
1696 364 1960 405 nomm
1998 365 2202 406 omna
2238 365 2524 408 suaviam
2754 354 2861 408 559

497 462 681 514 xvut.
710 461 760 514 4.
785 458 978 514 Caritas
1016 475 1130 524 erga
1169 459 1467 526 proximum,
1498 474 1586 526 per
1624 474 1768 526 quam
1806 460 1951 514 licent
1989 467 2038 513 et
2077 463 2241 515 valent
2280 468 2416 514 actus
2454 459 2711 515 iudiciales
2748 477 2861 529 pau-

391 560 559 613 perum
596 549 943 610 orphanorum,
974 545 1233 599 viduarum
1272 551 1321 598 et
1357 543 1708 599 miserabilium
1750 560 2086 613 personarum,
2115 561 2173 599 ne
2212 545 2441 612 expensis
2467 554 2752 614 graventur.
2779 548 2860 602 Sic

391 628 535 683 etiam
565 637 770 696 possunt
798 627 1174 695 rusticanorum,
1207 628 1256 682 in
1296 629 1463 696 parvis
1503 628 1713 697 oppidis,
1741 630 1784 683 si
1822 629 1930 685 aliis
1970 631 2144 684 diebus
2182 632 2355 684 adesse
2395 639 2653 698 nequeant,
2683 646 2859 685 causae

392 713 565 769 civiles
591 713 783 778 agitari.
810 713 1046 767 Similiter
1071 713 1187 768 lieet
1216 712 1514 780 pauperibus
1550 721 1599 767 et
1636 713 1843 768 infirmis
1882 730 1970 781 pro
2013 722 2125 768 tune
2151 713 2407 779 egentibus
2433 714 2713 768 subvenire.
2744 718 2859 769 ltem

394 813 557 853 emere
595 806 645 852 et
681 800 898 853 vendere
933 799 1148 860 rusticis,
1186 799 1272 865 qui
1309 797 1423 852 aliis
1460 798 1633 853 diebus
1671 799 2022 866 impediuntur.
2061 802 2229 865 Laym.
2267 814 2309 853 c.
2350 803 2400 853 2.
2442 815 2489 853 n.
2527 801 2577 852 7.
2619 802 2685 855 V.
2714 800 2862 854 Dian.

393 889 430 936 t.
459 886 507 938 t.
534 898 575 937 r.
597 884 682 937 34.

485 1001 658 1075 753.
696 1007 788 1070 De
820 1006 1063 1070 actibus
1109 1005 1506 1070 iudicialibus
1544 1024 1653 1089 pro
1688 1005 2083 1089 pauperibus,
2118 1006 2353 1071 dictum
2390 1009 2487 1072 est
2515 1007 2660 1072 dub.
2695 1027 2866 1092 prae-

395 1108 522 1173 ced.
561 1109 742 1173 resol.
775 1110 833 1172 1.
873 1127 1031 1191 resp.
1070 1111 1129 1172 2.

486 1211 769 1293 Itemque
816 1209 889 1274 de
935 1209 1269 1275 vendendis
1318 1209 1690 1291 quibusdam
1735 1229 1944 1274 rerum
1991 1209 2320 1295 generibus
2352 1228 2463 1293 pro
2510 1210 2863 1289 rusticanis,

397 1313 635 1377 dictum
680 1315 775 1377 est
822 1312 1010 1396 paulo
1058 1313 1222 1377 ante.

485 1414 663 1495 Quod
708 1416 896 1480 liceat
926 1415 1252 1481 subvenire
1299 1415 1562 1480 infirmis
1610 1417 1761 1479 tunc
1807 1415 2137 1500 egentibus
2184 1416 2358 1481 nulla
2404 1416 2688 1498 quaestio
2737 1418 2864 1492 est3

398 1537 592 1600 neque
637 1518 952 1583 excusatio
1001 1518 1155 1582 haee
1198 1518 1320 1582 dici
1367 1518 1567 1594 debet,
1606 1517 1755 1599 quia
1809 1517 1887 1581 ad
1933 1518 2059 1582 ista
2105 1521 2500 1602 praeceptum
2561 1517 2867 1582 Ecclesiae

399 1638 529 1685 sese
564 1638 687 1684 non
735 1619 1021 1704 porrigit,
1071 1619 1257 1683 sicuti
1302 1639 1413 1683 nec
1460 1619 1537 1683 ad
1587 1638 1741 1703 opus
1790 1619 2124 1703 sepeliendi
2169 1621 2473 1684 mortuos.

487 1722 769 1804 Itemque
816 1721 1019 1805 quoad
1068 1721 1408 1786 exhibenda
1456 1721 1832 1805 pauperibus
1880 1721 2185 1805 quaedam
2235 1721 2456 1797 officia,
2494 1740 2652 1804 quae
2700 1739 2871 1805 prae-

400 1828 564 1890 stare
632 1823 753 1889 sibi
820 1824 920 1889 vel
967 1823 1106 1888 aliis
1169 1823 1429 1907 quisque
1467 1825 1693 1908 potest,
1759 1824 1933 1889 nulla
1994 1826 2201 1907 potest
2247 1843 2378 1889 esse
2425 1824 2866 1897 controversia,

402 1946 459 1990 v.
498 1946 592 2010 gr.
618 1928 858 2009 pectere
887 1926 1103 1991 crines,

490 2029 573 2093 Et
615 2048 756 2093 cum
810 2029 1067 2112 pauperi
1118 2028 1304 2093 liceat
1350 2029 1471 2093 sibi
1505 2030 1797 2094 resarcire
1834 2047 2070 2112 pannos
2118 2031 2230 2094 aut
2276 2048 2380 2094 eos
2433 2047 2721 2114 purgare,
2760 2047 2871 2092 nec

402 2131 630 2195 habeat
674 2148 797 2212 quo
846 2148 1096 2213 operam
1144 2130 1412 2195 aliorum
1451 2129 1528 2195 ad
1559 2131 1622 2195 id
1655 2132 1882 2207 solvat,
1922 2131 2135 2196 licebit
2165 2133 2231 2197 et
2262 2132 2401 2196 aliis
2434 2132 2586 2196 haec
2617 2131 2872 2196 servitia

399 2233 522 2319 ipsi
566 2234 865 2300 exhibere.

490 2335 785 2417 Quaestio
831 2336 907 2401 fit
952 2337 1179 2416 solum,
1214 2357 1292 2403 an
1337 2338 1524 2404 liceat
1572 2343 1773 2405 vestes
1820 2359 1929 2423 pro
1979 2340 2065 2405 eis
2114 2338 2428 2416 conficere,
2462 2357 2620 2421 quae
2667 2358 2726 2402 v,
2775 2357 2869 2423 gr.

400 2440 637 2506 dandae
682 2440 809 2506 sint
853 2441 1005 2525 ipsis
1050 2441 1116 2505 in
1162 2442 1635 2527 eleemosynam,
1683 2445 1785 2508 vel
1854 2444 2078 2510 saltem
2132 2443 2332 2528 gratis
2401 2459 2692 2508 consuere
2758 2459 2871 2523 pro

405 2543 574 2627 ipsis,
623 2542 679 2608 si
723 2561 997 2627 pannum
1046 2544 1316 2610 habeant
1365 2547 1477 2611 aut
1522 2545 1702 2624 telas,
1750 2545 1849 2612 vel
1896 2549 2216 2612 contexere
2262 2545 2499 2631 caligas
2545 2545 2662 2609 etc.

490 2651 684 2715 Porro
731 2669 780 2714 s.
814 2649 1024 2733 Alph.,
1060 2669 1201 2715 eum
1248 2652 1673 2734 quaestionem
1719 2652 1935 2718 fecerit
1978 2673 2039 2717 n.
2090 2653 2240 2717 293.
2296 2654 2371 2716 ut
2417 2651 2688 2715 vidimus
2735 2668 2870 2733 sup.

401 2773 461 2817 n.
503 2753 539 2817 7
547 2753 674 2829 51„
722 2770 803 2817 an
848 2752 1034 2817 liceat
1080 2756 1273 2817 vestes
1310 2773 1428 2832 pro
1462 2754 1854 2834 pauperibus
1898 2755 2215 2835 conficere,
2263 2753 2611 2838 respondet,
2660 2752 2878 2836 proba-

404 2854 591 2919 bilius
637 2872 760 2919 non
806 2853 1087 2918 sufficere
1127 2854 1557 2919 necessitatem
1604 2874 1950 2939 pauperum
2004 2874 2414 2933 communem,
2463 2855 2570 2919 sed
2623 2853 2876 2936 requiri,

404 2959 479 3022 ut
524 2958 668 3022 actu
716 2956 942 3041 urgeat
988 2958 1341 3033 necessitas,
1391 2974 1532 3022 cum
1580 2977 1798 3041 nempe
1836 2976 2068 3041 pauper
2106 2957 2215 3039 qui
2260 2958 2325 3021 in
2372 2956 2737 3040 particulari
2782 2975 2880 3021 co-

404 3060 743 3145 gnoscitur,
780 3060 926 3124 actu
971 3060 1250 3144 graviter
1280 3060 1559 3145 indiget:
1595 3079 1788 3143 quam
1819 3061 2192 3127 sententiam
2222 3060 2448 3125 tribuit
2480 3060 2661 3135 Viva,
2697 3059 2881 3125 Tam-

405 3162 629 3239 burini‚
665 3162 906 3246 Sporer,
945 3162 1289 3247 Roncaglia
1320 3166 1435 3228 etc.

493 3264 727 3329 Verum
776 3283 897 3329 non
944 3266 1372 3345 quaestionem
1417 3265 1656 3331 faciunt
1700 3265 1810 3331 isti
1843 3267 1979 3330 DD.
2028 3266 2102 3330 de
2139 3267 2310 3331 veste
2356 3264 2733 3330 conficienda
2767 3265 2880 3328 aut

408 3366 791 3431 resarcienda
822 3384 932 3449 pro
973 3386 1274 3450 paupere3
1324 3367 1431 3432 sed
1476 3367 1550 3431 de
1598 3387 1692 3445 3ο,
1742 3368 1853 3451 qui
1888 3368 2129 3432 laboret
2176 3384 2356 3449 opere
2402 3368 2633 3443 servili,
2675 3368 2748 3431 ut
2793 3365 2881 3430 fa-

406 3467 531 3532 ciat
555 3467 771 3532 deinde
803 3467 1279 3553 eleemosynam,
1306 3488 1365 3532 v.
1398 3488 1491 3551 gr.
1533 3467 1587 3532 si
1610 3468 1784 3532 faber
1813 3468 2119 3552 lignarius
2153 3469 2264 3530 aut
2294 3467 2499 3530 sartor
2537 3470 2648 3530 aut
2679 3470 2882 3530 terrae

406 3569 607 3634 fossor
654 3571 766 3634 aut
804 3570 1235 3655 typographus
1282 3569 1380 3634 die
1424 3569 1583 3633 festo
1631 3587 1814 3633 suam
1883 3570 2145 3652 quisque
2192 3570 2391 3631 artem
2463 3568 2759 3643 exerceat,
2809 3569 2883 3631 ut

407 3673 778 3755 proventum
816 3671 880 3736 in
917 3691 1213 3756 pauperes
1247 3672 1346 3737 vel
1375 3672 1514 3738 loca
1561 3672 1663 3756 pia
1711 3672 2089 3756 elargiatur:
2139 3669 2248 3734 ubi
2295 3669 2502 3734 solum
2547 3668 2688 3732 finis
2737 3687 2881 3751 ope-

407 3773 624 3851 rantia,
671 3793 796 3840 non
842 3793 987 3839 vero
1037 3775 1176 3840 finis
1225 3775 1426 3860 operis
1474 3775 1552 3840 ad
1598 3775 1927 3840 caritatem
1960 3773 2178 3849 tendit,
2226 3791 2336 3837 seu
2382 3772 2699 3856 pietatem.

496 3876 719 3959 Itaque
764 3876 1169 3944 distinctione
1213 3898 1311 3944 res
1354 3878 1518 3944 forte
1565 3877 1792 3943 clarior
1822 3877 1949 3941 fiet.
1993 3874 2240 3941 Scilicet
2275 3876 2343 3939 1ο
2376 3874 2431 3939 si
2463 3893 2664 3940 sermo
2698 3874 2782 3939 sit
2806 3872 2879 3937 de

410 3980 775 4045 necessitate
821 3981 1156 4057 communi,
1220 3999 1347 4045 non
1415 3982 1562 4045 licet
1610 3980 1893 4045 laborare
1940 3997 2050 4063 pro
2107 3977 2479 4062 pauperibus
2526 3977 2590 4041 in
2635 3994 2876 4061 genere,

411 4081 530 4146 nisi
577 4084 805 4167 agatur
841 4081 914 4145 de
946 4081 1339 4147 conficiendis
1379 4083 1655 4148 vestibus
1704 4084 1818 4148 aut
1850 4082 1988 4145 aliis
2022 4078 2344 4158 eiusmodi,
2380 4097 2538 4161 quae
2571 4077 2712 4141 usui
2736 4095 2887 4160 pau-

410 4202 626 4266 perum
673 4183 977 4248 deservire
1025 4182 1267 4259 debent,
1307 4202 1431 4249 non
1471 4204 1617 4251 vero
1658 4184 1736 4249 ad
1773 4183 2135 4249 lucrandam
2159 4181 2505 4265 pecuniam,
2546 4197 2705 4262 quae
2736 4196 2887 4261 pau-

412 4286 657 4369 peribus
692 4288 1002 4371 erogetur.
1045 4283 1181 4365 Qua
1227 4286 1623 4353 distinctione
1669 4286 2082 4352 conciliantur
2117 4285 2253 4348 DD.
2289 4283 2488 4368 specie
2538 4284 2719 4346 tenus
2768 4281 2889 4346 dis-

415 4386 722 4465 sidentes3
772 4407 915 4453 eum
965 4388 1220 4470 quidam
1268 4388 1596 4454 videantur
1643 4389 1721 4453 ad
1756 4389 2062 4471 quaedam
2125 4405 2236 4471 pro
2285 4385 2665 4469 pauperibus
2705 4404 2888 4468 opera

416 4489 799 4572 suscipienda
831 4490 1072 4575 exigere
1106 4492 1445 4556 extremam
1472 4493 1584 4556 aut
1631 4492 1796 4555 certe
1828 4511 2083 4576 gravem
2131 4488 2582 4565 necessitatem,
2610 4487 2720 4551 alii
2744 4506 2887 4553 vero

413 4616 803 4663 communem
840 4618 1084 4666 censere
1132 4599 1286 4664 satis
1325 4617 1476 4663 esse.
1515 4598 1601 4663 Hi
1647 4617 1868 4681 nempe
1914 4598 1987 4663 de
2034 4598 2219 4663 rebus
2279 4617 2339 4660 v,
2396 4614 2490 4679 gr.
2540 4594 2757 4676 pannis
2825 4592 2889 4655 in
