3497 5147
358 349 503 428 [460]
1256 367 1529 410 smomn.
1567 365 1942 407 snt’mumtm
2710 358 2820 413 347

539 465 612 526 2⁰
651 462 966 545 Obliqatio
986 467 1291 545 pecumae
1322 464 1503 529 alteri
1539 463 1725 541 facta,
1768 464 1840 527 ut
1888 462 2068 526 alteri
2116 463 2396 545 suadeat,
2433 466 2506 530 ut
2550 468 2668 532 tibi
2713 468 2822 532 det

360 565 742 631 beneficium.
777 591 813 625 »
859 567 946 632 At
991 587 1103 633 nos
1150 568 1431 652 superius
1476 586 1590 632 suo
1636 566 1773 631 loco
1821 566 2157 647 innuimus,
2207 587 2328 632 non
2366 570 2632 653 probari,
2683 571 2819 636 heic

359 667 573 733 haberi
605 668 837 734 crimen
868 669 1188 735 simoniae.

539 771 611 834 3⁰
642 770 871 836 Pactio
917 772 989 837 de
1036 772 1402 857 resignando
1448 771 1828 845 beneficio...‚
1862 771 1916 836 si
1963 772 2121 836 alter
2152 772 2271 837 tibi
2317 772 2676 840 beneficium
2708 776 2822 840 im-

358 874 580 956 petret.
615 872 762 957 Sup.
803 894 861 938 n.
899 876 1048 939 456.
1083 875 1369 954 diximuS,
1397 893 1528 939 esse
1558 874 1889 938 simoniam
1926 893 2336 939 communem.

540 976 611 1038 4⁰
641 968 1041 1040 Permutatio
1087 979 1150 1041 et
1179 977 1521 1058 resiqnatio
1552 976 1987 1040 beneficiorum
2036 980 2149 1042 aut
2179 978 2491 1061 pensionis
2538 981 2652 1045 etc.
2689 980 2819 1045 sine

359 1078 738 1145 auctoritate
783 1079 1085 1163 legitima.
1133 1104 1168 1137 «
1200 1081 1293 1144 De
1329 1079 1426 1142 his
1473 1078 1683 1163 agitur
1719 1078 1784 1142 in
1834 1080 2014 1143 tract.
2051 1079 2123 1144 de
2156 1078 2437 1145 Statibus
2485 1083 2816 1165 particula-

358 1182 551 1259 ribuS,
594 1181 702 1245 ubi
733 1180 807 1245 de
844 1181 1213 1261 Benefici-ie.

541 1284 613 1347 5⁰
651 1282 874 1365 Quoad
913 1285 1389 1359 examinatores,
1428 1285 1577 1348 nota
1608 1283 1759 1366 (vid.
1795 1303 1843 1347 s.
1879 1284 2061 1367 Alph.
2096 1304 2155 1347 n.
2195 1286 2340 1349 112.
2376 1307 2434 1367 q.
2471 1286 2617 1371 ΠΙ.)
2650 1286 2817 1369 quod

357 1387 422 1451 in
454 1404 719 1470 poenam
751 1385 1075 1468 privantur
1102 1385 1237 1469 ipso
1269 1385 1435 1450 facto
1468 1385 1775 1450 beneficiis
1800 1385 1982 1449 antea
2007 1386 2274 1451 obtentis
2299 1407 2371 1452 ex
2394 1387 2636 1452 decreto
2663 1386 2819 1452 Con·

357 1489 483 1553 cilii
516 1488 867 1553 Tridentini
897 1507 1043 1553 sess.
1073 1490 1177 1552 24.
1211 1488 1284 1551 de
1316 1487 1592 1568 Reform.
1620 1509 1753 1571 cap.
1791 1489 1893 1551 18.
1928 1488 2024 1551 Ad
2058 1489 2224 1570 quod
2255 1492 2483 1568 tamen,
2513 1493 2585 1555 ut
2610 1491 2820 1555 subdit

358 1613 409 1657 s.
440 1592 650 1676 Alph„
683 1591 915 1674 requiri
950 1591 1196 1656 videtur
1226 1592 1532 1656 sententia
1563 1590 1991 1667 declaratoria‚
2025 1591 2174 1655 licet
2205 1611 2254 1656 s.
2288 1591 2474 1675 Alph.
2515 1593 2678 1657 idem
2709 1594 2821 1657 ibi-

359 1695 501 1759 dem
531 1694 791 1760 subdat:
833 1719 867 1752 «
899 1694 987 1759 At
1016 1694 1069 1758 si
1100 1694 1551 1758 examinatores
1584 1693 1677 1756 illi
1709 1692 1940 1756 vellent
1973 1693 2212 1756 absolvi
2244 1713 2280 1756 a
2309 1694 2448 1758 labe
2497 1696 2817 1772 simoniae,

360 1797 568 1861 nescio
613 1796 921 1879 quomodo
956 1796 1195 1860 absolvi
1225 1797 1494 1879 possent,
1529 1794 1647 1859 nisi
1693 1793 1985 1858 beneficia
2017 1794 2359 1873 dimittant,
2396 1795 2544 1861 dum
2592 1797 2821 1862 dicitur

365 1918 404 1962 a
435 1897 769 1963 Tridentin.
809 1899 851 1962 l.
886 1919 968 1963 c.:
1008 1923 1043 1957 «
1071 1920 1115 1962 a
1144 1919 1269 1980 qua
1300 1901 1611 1979 nequeant
1638 1896 1898 1973 absolvi,
1931 1898 2062 1960 nisi
2098 1896 2379 1963 dimissis
2411 1899 2727 1980 beneficiis
2758 1926 2822 1963 ».

362 2000 459 2064 De
504 2000 623 2064 hoc
652 2019 847 2066 sermo
879 2000 1106 2066 redibit
1135 2000 1295 2064 infra
1324 2020 1385 2063 n.
1422 2000 1571 2063 348.
1608 2020 1665 2063 n.
1702 1996 1794 2063 4⁰.

450 2102 572 2168 Sed
596 2102 767 2167 addit
788 2103 1106 2169 Thesauro
1132 2103 1207 2166 V.
1237 2100 1539 2176 Simom‘a,
1566 2121 1698 2185 cap.
1726 2103 1787 2164 4.
1815 2121 1874 2165 n.
1903 2102 1953 2165 Ι.
1987 2102 2051 2164 10
2075 2103 2492 2169 communiter
2527 2105 2661 2168 DD.
2690 2125 2827 2170 cen-

358 2225 513 2282 sere,
541 2205 842 2270 eiusmodi
874 2206 1323 2270 examinatores
1347 2205 1758 2288 parochorum
1786 2204 2093 2269 incurrere
2117 2207 2821 2272 excommunicationem

357 2311 579 2374 contra
610 2309 980 2374 simoniacos
1025 2328 1209 2392 super
1254 2307 1561 2372 beneficiis
1591 2308 1825 2371 latam:
1855 2304 1924 2370 2⁰
1955 2306 2213 2371 Nullam
2242 2327 2372 2373 esse
2406 2310 2821 2392 provisionem

361 2413 475 2476 aut
498 2412 995 2476 consecutionem
1019 2410 1363 2495 parochiae.
1389 2409 1695 2474 Limitant
1718 2411 1928 2474 tamen
1957 2408 2304 2493 praedictas
2328 2430 2576 2494 poenaS,
2603 2415 2676 2477 ut
2700 2433 2823 2477 non

360 2515 777 2592 incurrantur,
812 2515 930 2580 nisi
962 2515 1225 2580 simonia
1262 2514 1555 2596 utrinque
1592 2514 1843 2578 realiter
1875 2513 1959 2578 sit
1990 2514 2317 2598 completa.

452 2615 513 2681 N
516 2618 696 2683 otant
726 2619 862 2683 DD.
898 2620 966 2681 1⁰
997 2616 1490 2695 examinandum,
1531 2616 1639 2699 qui
1670 2616 1775 2682 det
1805 2617 2130 2701 pecuniam
2164 2618 2270 2682 uni
2302 2612 2825 2699 examinatorum,

358 2719 671 2784 incurrere
694 2739 922 2804 poenas
946 2721 1265 2798 simoniae,
1291 2721 1438 2784 licet
1469 2719 1743 2801 alioquin
1777 2719 2074 2803 suffragia
2106 2720 2435 2784 habiturus
2460 2722 2624 2786 esset
2654 2722 2823 2786 suffi-

357 2822 619 2897 cientia3
639 2842 834 2900 seona,
854 2823 907 2888 si
930 2823 1187 2906 pecunia
1211 2823 1393 2887 detur
1418 2822 1495 2886 ab
1513 2822 1709 2886 altero
1728 2823 1791 2885 et
1808 2820 1963 2885 alias
1986 2823 2116 2904 ipse
2134 2821 2506 2887 sufficientia
2526 2823 2828 2909 suffragia

362 2924 696 2989 habiturus
730 2928 909 2989 esset.

545 3029 616 3090 2⁰
646 3028 860 3110 Neque
898 3048 935 3093 a
965 3029 1184 3112 sponte
1217 3028 1506 3092 dantibus
1538 3028 1726 3111 recipi
1760 3030 1873 3092 aut
1903 3027 2036 3091 dari
2075 3026 2310 3110 aliquid
2343 3048 2544 3112 posse,
2580 3030 2828 3094 etiamsi

354 3149 527 3194 mere
542 3130 883 3195 liberaliter
906 3130 984 3195 ad
1008 3129 1380 3213 captandam
1412 3129 1903 3195 benevolentiam
1936 3128 2398 3195 examinatoris.
2433 3132 2642 3209 Ratio,
2677 3133 2827 3214 quia

355 3231 424 3297 id
456 3232 844 3315 prohibitum
874 3235 969 3297 est
1001 3233 1078 3297 ob
1111 3233 1373 3315 speciem
1406 3233 1724 3298 simoniae.

547 3336 619 3397 3⁰
647 3335 860 3418 Aliqui
892 3338 1185 3401 excusant
1231 3355 1268 3398 a
1299 3335 1511 3418 poenis
1544 3336 1620 3399 ob
1666 3336 1989 3400 levitatem
2035 3338 2353 3416 materiae,
2389 3340 2462 3402 ut
2493 3338 2546 3402 si
2584 3338 2827 3403 modica

358 3438 681 3503 esculenta
712 3439 811 3503 vel
842 3438 1170 3522 poculenta
1194 3438 1333 3520 quis
1365 3438 1888 3502 examinatoribus
1919 3439 2188 3524 largitus
2212 3440 2314 3504 sit.
2344 3438 2462 3504 Sed
2492 3442 2694 3505 verior
2731 3444 2826 3506 est

352 3541 675 3606 contraria
707 3541 1033 3618 sententia,
1068 3541 1145 3605 ob
1175 3539 1489 3605 decretum
1525 3539 1809 3622 inquiens
1854 3565 1888 3599 «
1913 3562 1990 3605 ne
2022 3541 2365 3623 quidquam
2391 3562 2664 3621 prorsus
2689 3569 2722 3600 »
2762 3545 2826 3607 et

357 3641 624 3708 Garoias
648 3642 835 3707 refert
853 3643 917 3707 in
940 3643 1098 3708 hanc
1121 3662 1251 3707 rem
1275 3641 1756 3706 declarationem
1780 3661 1830 3705 S.
1850 3640 2386 3727 Congregationis.
2409 3645 2508 3707 Ita
2525 3644 2826 3709 Thesaur.

361 3746 406 3810 l.
434 3766 489 3811 c.
516 3764 652 3828 cap.
690 3746 752 3808 4.

544 3847 617 3909 4⁰
647 3845 930 3910 Munera
951 3867 1072 3927 pro
1101 3847 1478 3911 admissione
1515 3845 1604 3911 ad
1636 3845 2040 3928 reliqionem:
2080 3848 2153 3912 de
2192 3868 2316 3931 qua
2347 3869 2413 3914 re
2447 3850 2718 3915 dicemus
2764 3851 2828 3915 in

362 3969 528 4033 resp.
568 3950 625 4012 1.
663 3950 780 4013 art.
822 3968 946 4031 seq.

1284 4115 1393 4180 Ex
1422 4115 1607 4181 dietis
1637 4116 1927 4182 resolves.

473 4294 593 4348 Lm.
635 4294 682 4345 1.
722 4289 935 4345 Simonia
971 4297 1046 4344 est
1082 4289 1378 4353 concionari,
1413 4292 1738 4355 catechizare,
1778 4293 1949 4347 Missas
1989 4297 2145 4347 faeere
2184 4309 2275 4361 pro
2341 4293 2516 4361 pretio,
2558 4294 2652 4349 nisi
2691 4311 2836 4350 excu-

368 4386 504 4432 setur
541 4376 735 4432 ratione
774 4376 970 4440 laboris,
1011 4391 1107 4429 non
1143 4374 1395 4430 intrinseci
1432 4374 1499 4447 <is
1539 4376 1665 4429 enim
1704 4391 1845 4430 sacer
1894 4383 1968 4430 est
2006 4384 2054 4430 et
2090 4376 2483 4446 inaestimabilis3
2531 4379 2716 4433 scilicet
2754 4384 2833 4433 vel

367 4462 471 4531 ipsa
510 4462 642 4517 actio
679 4476 813 4515 sacra
854 4462 929 4515 vel
961 4459 1009 4514 in
1049 4475 1104 4514 ea
1128 4459 1392 4515 intrinsece
1417 4460 1657 4527 inclusus)
1683 4463 1770 4514 sed
1814 4460 2093 4525 extrinseci,
2123 4477 2218 4516 non
2258 4465 2432 4517 annexi
2465 4464 2535 4517 rei
2572 4464 2831 4531 spirituali,

373 4555 424 4603 ut
460 4563 552 4615 pro
592 4549 761 4601 labore
796 4545 988 4600 itineris
1027 4548 1105 4600 vel
1140 4552 1314 4600 cantus
1349 4544 1398 4598 in
1426 4546 1569 4599 Missa
1598 4548 1676 4598 vel
1702 4544 1892 4599 ratione
1920 4546 2124 4601 alterius
2163 4547 2456 4601 incommodi
2498 4548 2654 4615 pretio
2689 4547 2842 4601 aesti-
