3497 5147
638 318 748 373 796
938 328 1150 371 mor.
1177 329 1259 370 vr.
1285 327 1447 370 sacr.
1475 327 1580 370 vn.
1606 327 1691 368 nn
1716 325 1953 368 oc‘rAvo
1978 324 2196 369 paam.
2214 324 2543 368 omanem.
2569 325 2709 368 111111.
2738 326 2805 366 11.
2914 307 3105 385 [1074]

642 428 957 506 tumeliae,
1006 446 1203 509 neque
1249 426 1411 491 inter
1456 444 1522 490 se
1559 424 1852 489 differunt
1894 423 2178 508 singulae
2224 422 2657 499 detractiones,
2706 440 2865 504 quae
2911 421 2974 485 in
3010 420 3106 485 di-

642 531 835 595 versis
867 529 1152 595 materiis
1185 529 1532 594 versantur.
1579 553 1613 585 «
1646 525 1974 606 Quoniam,
2014 529 2090 591 ut
2115 526 2324 608 inquit
2352 524 2593 591 Melina
2624 524 2698 588 de
2727 523 3105 589 contumelia

642 634 721 696 tr.
756 633 817 695 4.
854 633 1011 716 disp.
1058 634 1159 696 19.
1196 652 1256 696 n.
1296 632 1381 709 3..
1414 629 1727 695 iniustitia
1774 629 2185 700 contumeliae
2221 646 2343 692 non
2375 626 2664 693 consistit
2697 626 2763 690 in
2799 645 2894 702 eo,
2940 624 3106 707 quod

644 732 950 817 tanquam
996 735 1412 800 instrumento
1460 734 1524 797 et
1554 732 1757 797 medio
1803 732 2032 795 iniuste
2078 730 2300 796 honori
2328 728 2596 814 proximi
2624 727 3102 812 praeiudicatur.

643 834 762 900 Sed
785 838 1075 902 consistit
1104 837 1166 901 in
1200 835 1576 920 praeiudicio
1608 834 1830 900 honori
1861 833 2125 917 proximi
2154 833 2364 898 illato:
2390 851 2602 915 quare,
2625 850 2770 896 cum
2794 830 3106 897 obiectum

641 940 1056 1004 contumeliae
1086 940 1215 1003 late
1247 940 1569 1021 sumptum
1606 938 1691 1002 sit
1721 938 1921 1001 honor
1942 935 2150 1019 quoad
2181 934 2647 1018 praeiudicium,
2681 932 2848 1016 quod
2876 932 3104 997 iniuste

641 1040 739 1104 illi
774 1041 1059 1117 infertur,
1110 1059 1234 1106 non
1282 1059 1428 1105 vero
1463 1040 1703 1103 diversa
1741 1040 1966 1115 media,
2005 1039 2231 1120 quibus
2268 1038 2332 1103 id
2363 1037 2811 1121 praeiudicium
2845 1036 3104 1100 infertur

643 1143 1213 1224 praeiudiciumque
1238 1143 1468 1206 iniuste
1494 1142 1743 1205 illatum
1767 1160 2006 1223 semper
2029 1141 2115 1206 sit
2129 1140 2402 1206 eiusdem
2417 1139 2699 1217 rationis,
2716 1156 3108 1221 quocumque

642 1244 825 1308 modo
860 1244 923 1307 id
975 1243 1423 1326 praeiudicium
1454 1242 1852 1320 inferatur...;
1894 1261 2269 1325 consequens
2301 1246 2398 1308 est
2427 1241 2593 1326 quod
2629 1243 2858 1307 vitium
2887 1243 3107 1306 contu-

644 1345 864 1410 meliae
902 1345 987 1410 sit
1016 1346 1248 1429 species
1298 1344 1514 1410 infima
1560 1370 1621 1408 ».
1657 1345 1902 1410 Pariter
1944 1345 2124 1430 Lugo
2156 1346 2362 1428 quoad
2398 1344 2812 1410 detractiones
2842 1344 2887 1408 1.
2936 1364 2988 1409 c.
3035 1362 3106 1407 ex

643 1450 723 1512 tr.
757 1448 831 1511 de
862 1447 1144 1523 Poenit„
1171 1448 1511 1530 praemissa
1542 1448 2004 1531 comparatione
2034 1448 2445 1513 contumeliae
2467 1467 2611 1512 cum
2640 1447 2831 1527 furto,
2866 1446 3103 1511 subdit:

651 1574 689 1608 «
720 1550 896 1615 Unde
943 1550 1107 1616 idem
1141 1550 1235 1634 (a)
1268 1549 1591 1616 dicendum
1624 1552 1720 1614 est
1757 1550 1830 1614 de
1864 1550 2266 1625 detractione,
2303 1569 2427 1616 non
2456 1551 2687 1615 variari
2717 1550 2951 1634 species
2996 1567 3105 1632 pro

646 1652 1006 1718 diversitate
1039 1653 1358 1730 materiae,
1385 1653 1448 1717 in
1480 1672 1605 1735 qua
1638 1654 1920 1718 aufertur
1955 1653 2157 1729 fama;
2185 1653 2335 1735 quia
2358 1653 2527 1717 fama
2556 1670 2797 1735 semper
2827 1655 2925 1718 est
2953 1653 3107 1718 eius-

645 1755 786 1819 dem
823 1755 1044 1839 speciei
1075 1756 1139 1820 in
1171 1774 1391 1840 genere
1422 1756 1634 1821 moris.
1661 1754 1961 1820 Similiter
1990 1756 2053 1819 in
2085 1755 2312 1820 iudicio
2337 1755 2666 1821 temerario
2702 1772 2832 1829 non
2860 1757 3105 1838 oportet

642 1857 947 1939 explicare
983 1859 1332 1935 materiam,
1366 1859 1429 1922 in
1462 1877 1588 1940 qua
1616 1857 1951 1934 iudicatur,
1983 1857 2091 1921 sed
2127 1857 2361 1923 sufficit
2384 1858 2616 1922 dicere:
2666 1858 2856 1923 toties
2884 1858 2950 1922 in
2981 1877 3109 1923 ma-

645 1960 805 2022 teria
837 1960 1015 2042 gravi
1055 1962 1283 2024 temere
1314 1959 1585 2024 iudicavi
1622 1960 1695 2023 de
1729 1961 2069 2043 aliquibu83
2104 1962 2252 2043 quia
2289 1962 2451 2027 bona
2483 1961 2675 2026 etiam
2705 1961 3105 2038 existimatio,

646 2080 804 2144 quae
837 2082 945 2144 per
992 2062 1293 2127 iudicium
1326 2063 1725 2126 temerarium
1774 2062 2071 2141 aufertur,
2111 2064 2383 2129 eiusdem
2413 2062 2637 2147 speciei
2668 2064 2765 2129 est
2791 2063 2857 2128 in
2888 2081 3108 2148 genere

645 2164 836 2228 moris
871 2190 930 2228 ».
966 2161 1060 2228 Cf.
1099 2166 1164 2228 in
1200 2167 1280 2228 tr.
1315 2162 1389 2227 de
1416 2163 1597 2229 Pecc.
1624 2185 1685 2229 n.
1722 2165 1872 2230 269.
1905 2166 1939 2203 *

741 2262 949 2337 1074.
991 2268 1312 2335 Detractio
1363 2267 1777 2353 distinguitur
1823 2268 1888 2332 in
1933 2266 2234 2334 distectum
2266 2269 2330 2332 et
2364 2270 2753 2347 indirectam,
2787 2287 2977 2350 quam
3024 2268 3111 2332 di·

648 2370 1047 2434 stinctionem
1097 2371 1207 2435 alii
1254 2391 1430 2437 secus
1463 2390 1535 2437 ac
1566 2371 1641 2435 A.
1677 2371 2003 2453 explicant.
2039 2371 2356 2435 Directam
2394 2371 2558 2436 enim
2581 2370 2816 2449 dicunt,
2850 2390 2977 2453 qua
3007 2389 3110 2454 po-

646 2473 827 2537 sitive
874 2473 1145 2537 laeditur
1175 2473 1344 2538 fama
1376 2474 1659 2556 proximi,
1695 2473 1860 2553 quod
1898 2472 1971 2536 fit
2004 2474 2064 2536 4.
2098 2472 2328 2539 modis:
2369 2473 2434 2537 10
2463 2473 2833 2557 imponendo
2881 2473 3103 2539 crimen

648 2575 918 2639 falsum:
956 2577 1026 2638 2⁰
1060 2575 1344 2659 augendo
1393 2577 1458 2640 et
1505 2575 1931 2660 exaggerando
1980 2576 2209 2641 crimen
2257 2595 2500 2641 verum:
2550 2578 2620 2640 3⁰
2655 2572 3110 2642 manifestando

645 2679 878 2741 crimen
928 2677 1287 2742 occultum:
1334 2679 1406 2740 4⁰
1453 2677 1700 2742 sinistre
1747 2696 1955 2742 coram
1991 2678 2129 2743 aliis
2161 2678 2623 2762 interpretando
2657 2696 2811 2762 opus
2856 2679 3108 2746 bonum.

652 2780 1026 2843 indirectam
1073 2779 1305 2856 dicunt,
1341 2797 1465 2861 qua
1512 2780 1801 2864 negative
1845 2780 2116 2845 laeditur
2162 2781 2331 2846 fama
2368 2781 2645 2860 alteriue,
2683 2782 2851 2862 quod
2894 2799 3114 2846 rursus

648 2880 724 2945 fit
770 2881 829 2942 4.
880 2881 1117 2944 modis:
1173 2879 1247 2945 1⁰
1287 2882 1568 2968 negando
1616 2883 1781 2948 recte
1827 2881 1994 2947 facta
2042 2885 2154 2947 aut
2200 2883 2375 2948 dotes
2414 2883 2713 2949 alterius:
2765 2883 2835 2947 2⁰
2878 2883 3112 2949 similia

643 2982 1073 3047 extenuando:
1125 2984 1196 3046 3⁰
1242 2984 1497 3049 tacendo
1530 2985 1691 3050 bona
1741 2985 1999 3049 alterius
2044 2986 2142 3049 vel
2189 3003 2312 3050 non
2358 2984 2687 3051 refellendo
2733 2985 3111 3052 diffamatio-

645 3105 785 3150 nem
834 3105 903 3151 eo
950 3086 1086 3150 loco
1135 3089 1198 3150 et
1244 3088 1539 3170 tempore,
1587 3107 1710 3171 quo
1762 3087 1869 3153 alii
1917 3088 2236 3153 silentium
2257 3087 2747 3171 interpretantur
2770 3107 2882 3173 pro
2912 3089 3108 3154 tacito

646 3188 954 3270 vituperio
982 3211 996 3252 z
1046 3191 1117 3252 4⁰
1155 3189 1447 3255 simulate
1493 3192 1556 3255 et
1586 3190 1809 3275 frigide
1842 3190 2170 3265 laudandO,
2213 3191 2285 3254 ut
2316 3191 2370 3254 si
2399 3191 2540 3272 quis
2565 3191 2819 3255 simulet
2849 3209 2915 3256 se
2952 3191 3108 3258 velle

646 3291 921 3373 aliquem
950 3292 1207 3357 laudare
1239 3295 1303 3358 et
1334 3295 1542 3357 tamen
1582 3293 1910 3374 potissima
1948 3293 2082 3356 eius
2113 3295 2292 3377 gesta
2325 3294 2597 3359 subleste
2627 3293 2903 3359 reticeat.

735 3392 905 3474 Quae
946 3396 1151 3459 omnia
1191 3395 1288 3459 his
1320 3396 1600 3460 versibus
1636 3395 2051 3460 continentur.

1074 3541 1343 3604 imponens,
1381 3550 1580 3601 augens„
1618 3536 1946 3602 manifestans,
1985 3536 2036 3590 in
2074 3539 2199 3591 mala
2239 3544 2467 3591 vertens:

1075 3621 1171 3690 Qui
1208 3629 1353 3686 negat
1389 3629 1472 3675 aut
1510 3621 1697 3684 1111111111,
1735 3621 1909 3676 reticet
1949 3624 2207 3688 laudatque
2246 3623 2468 3677 remisse.

740 3763 946 3837 1075.
987 3768 1023 3806 *
1047 3768 1390 3846 DetractiO,
1428 3771 1500 3832 ut
1532 3767 1623 3832 ait
1653 3767 1750 3844 A„
1787 3769 1882 3832 est
1928 3787 1999 3832 ex
2045 3787 2264 3852 genere
2296 3787 2407 3833 suo
2457 3769 2778 3852 peccatum
2810 3768 3102 3846 mortale3

648 3873 745 3933 est
791 3868 955 3931 enim
1002 3871 1217 3933 contra
1271 3870 1583 3934 iustitiam
1631 3871 1694 3933 et
1738 3870 2084 3946 caritatem,
2133 3870 2362 3934 iniuste
2399 3871 2712 3935 hominem
2773 3871 2934 3936 bono
2984 3870 3107 3954 pri-

646 3990 819 4045 vam,
869 3971 1035 4052 quod
1088 3971 1283 4055 pluris
1342 3972 1416 4036 fit
1453 3991 1641 4054 quam
1695 3972 1858 4036 bona
1904 3972 2211 4037 fortunae.
2265 3971 2434 4037 Nota
2482 3974 2694 4037 autem
2739 3993 2882 4037 cum
2927 3973 3104 4058 Lugo

650 4073 807 4158 disp.
848 4075 948 4137 14.
984 4094 1043 4137 n.
1087 4076 1214 4152 52„
1272 4074 1438 4156 quod
1487 4074 1564 4139 ad
1610 4074 1986 4158 peccandum
2031 4075 2325 4160 graviter,
2361 4094 2482 4139 non
2536 4073 2892 4158 requiritur,
2942 4073 3107 4157 quod

726 4317 789 4366 (a)
822 4314 990 4356 Erunt
1019 4314 1167 4366 forte,
1196 4313 1380 4369 quibus
1409 4325 1510 4355 non
1539 4313 1782 4367 probetur
1799 4313 2110 4367 comparatio
2138 4312 2262 4356 haee
2279 4312 2414 4356 inter
2443 4313 2716 4357 laesionem
2744 4313 2909 4358 famae
2939 4316 2991 4358 et
3010 4312 3110 4356 lae·

645 4380 840 4422 sionem
868 4380 923 4422 in
952 4380 1094 4423 bonis
1122 4379 1376 4424 fortunae.
1398 4378 1528 4421 Nam
1547 4379 1676 4421 bona
1695 4376 1932 4422 fortunae
1953 4383 2074 4422 sunt
2092 4379 2262 4423 omnia
2281 4379 2644 4433 permutabilia
2663 4379 2884 4423 invicem
2902 4395 2912 4429 ς
2945 4391 3108 4422 unum

652 4446 857 4498 proinde
886 4447 1049 4500 specie
1078 4447 1157 4490 ius
1186 4450 1263 4490 est
1289 4459 1409 4500 erga
1436 4445 1607 4488 omnia
1626 4444 1745 4488 illa:
1777 4448 1832 4487 at
1861 4444 1999 4489 fama.
2018 4459 2061 4490 e.
2089 4458 2165 4501 gr.
2200 4446 2299 4490 viri
2328 4446 2481 4499 docti,
2501 4446 2699 4489 strenui
2728 4445 2890 4498 ducis,
2910 4448 3109 4490 nonen

649 4513 1004 4565 permutabilis
1031 4526 1147 4556 oum
1176 4512 1312 4556 fama
1341 4512 1438 4555 viri
1467 4511 1606 4566 probi
1627 4516 1677 4555 et
1707 4510 1973 4554 christiani
2002 4517 2052 4555 et
2072 4513 2164 4555 1100
2186 4517 2276 4565 est,
2308 4515 2450 4567 pute,
2470 4513 2604 4566 quod
2623 4527 2663 4555 s.
2685 4511 2979 4567 Alphouaus
2996 4524 3110 4557 oon-

644 4578 813 4620 tendit
842 4581 880 4621 1.
901 4579 943 4620 ὃ.
965 4591 1016 4622 n.
1050 4580 1119 4621 48.
1155 4579 1288 4632 quod
1328 4595 1347 4615 ι
1367 4577 1570 4632 quando
1602 4578 1717 4632 quis
1744 4578 2043 4621 diffamatur
2063 4579 2114 4620 in
2134 4579 2367 4633 pluribus
2396 4579 2640 4633 materiis,
2670 4578 2826 4633 plura
2854 4577 2963 4622 eius
2992 4579 3110 4622 iux-⁸

644 4643 944 4696 laeduntur,
974 4645 1120 4687 iuxta.
1149 4646 1323 4698 plures
1350 4648 1622 4699 respectus,
1651 4658 1777 4700 quos
1807 4645 1942 4689 fama
1971 4646 2124 4688 habet
2151 4646 2216 4688 ad
2244 4645 2473 4690 diversas
2501 4646 2724 4689 virtutes
2742 4662 2783 4687 ι.
2805 4645 2862 4688 Ε.
