<?xml version="1.0" encoding="UTF-8"?>
<!DOCTYPE html PUBLIC "-//W3C//DTD XHTML 1.0 Transitional//EN"
    "http://www.w3.org/TR/xhtml1/DTD/xhtml1-transitional.dtd">
<html xmlns="http://www.w3.org/1999/xhtml" xml:lang="en" lang="en">
 <head>
  <title>
</title>
<meta http-equiv="Content-Type" content="text/html;charset=utf-8" />
  <meta name='ocr-system' content='tesseract 3.04.00' />
  <meta name='ocr-capabilities' content='ocr_page ocr_carea ocr_par ocr_line ocrx_word'/>
</head>
<body>
  <div class='ocr_page' id='page_1' title='image "./opustheologicum00ballgoog/opustheologicum00ballgoog_0131.png"; bbox 0 0 3497 5147; ppageno 0'>
   <div class='ocr_carea' id='block_1_1' title="bbox 684 320 3137 395">
    <p class='ocr_par' dir='ltr' id='par_1_1' title="bbox 684 320 3137 395">
     <span class='ocr_line' id='line_1_1' title="bbox 684 320 3137 395; baseline 0.002 -22"><span class='ocrx_word' id='word_1_1' title='bbox 684 321 790 374; x_wconf 83' lang='lat'>124</span> <span class='ocrx_word' id='word_1_2' title='bbox 860 332 1073 375; x_wconf 69' lang='grc' dir='ltr'>τιιΑοτ.</span> <span class='ocrx_word' id='word_1_3' title='bbox 1105 335 1157 375; x_wconf 83' lang='lat' dir='ltr'>v.</span> <span class='ocrx_word' id='word_1_4' title='bbox 1187 332 1350 374; x_wconf 59' lang='lat' dir='ltr'>sacr.</span> <span class='ocrx_word' id='word_1_5' title='bbox 1382 334 1472 374; x_wconf 91' lang='lat'>111.</span> <span class='ocrx_word' id='word_1_6' title='bbox 1498 333 1583 374; x_wconf 67' lang='lat' dir='ltr'>mr</span> <span class='ocrx_word' id='word_1_7' title='bbox 1619 333 1941 376; x_wconf 59' lang='lat' dir='ltr'>cnm&#39;rxrls</span> <span class='ocrx_word' id='word_1_8' title='bbox 1979 333 2368 376; x_wconf 69' lang='lat' dir='ltr'>PnAmcnP‘rrs.</span> <span class='ocrx_word' id='word_1_9' title='bbox 2391 336 2589 376; x_wconf 77' lang='lat' dir='ltr'>CAPUT</span> <span class='ocrx_word' id='word_1_10' title='bbox 2626 336 2689 375; x_wconf 84' lang='grc'><strong>11.</strong></span> <span class='ocrx_word' id='word_1_11' title='bbox 2716 334 2861 376; x_wconf 78' lang='lat' dir='ltr'>non.</span> <span class='ocrx_word' id='word_1_12' title='bbox 2889 335 2928 374; x_wconf 89' lang='lat'>1.</span> <span class='ocrx_word' id='word_1_13' title='bbox 2993 320 3137 395; x_wconf 85' lang='grc'><strong>[168]</strong></span> 
     </span>
    </p>
   </div>
   <div class='ocr_carea' id='block_1_2' title="bbox 673 428 3144 4211">
    <p class='ocr_par' dir='ltr' id='par_1_2' title="bbox 675 428 3139 1030">
     <span class='ocr_line' id='line_1_2' title="bbox 681 428 3135 513; baseline 0.001 -19"><span class='ocrx_word' id='word_1_14' title='bbox 681 429 867 508; x_wconf 87' lang='lat' dir='ltr'>facta,</span> <span class='ocrx_word' id='word_1_15' title='bbox 900 450 1028 511; x_wconf 81' lang='lat' dir='ltr'>qua</span> <span class='ocrx_word' id='word_1_16' title='bbox 1059 428 1215 494; x_wconf 77' lang='lat' dir='ltr'>tales</span> <span class='ocrx_word' id='word_1_17' title='bbox 1250 433 1418 504; x_wconf 75' lang='lat' dir='ltr'>sunt,</span> <span class='ocrx_word' id='word_1_18' title='bbox 1451 431 1541 495; x_wconf 90' lang='lat' dir='ltr'>sic</span> <span class='ocrx_word' id='word_1_19' title='bbox 1585 449 1633 494; x_wconf 88' lang='lat' dir='ltr'>s.</span> <span class='ocrx_word' id='word_1_20' title='bbox 1685 430 1957 495; x_wconf 86' lang='lat' dir='ltr'>Thomas</span> <span class='ocrx_word' id='word_1_21' title='bbox 2004 431 2205 495; x_wconf 79' lang='lat' dir='ltr'>reddit</span> <span class='ocrx_word' id='word_1_22' title='bbox 2247 432 2573 505; x_wconf 85' lang='lat' dir='ltr'>rationem,</span> <span class='ocrx_word' id='word_1_23' title='bbox 2619 450 2729 495; x_wconf 87' lang='lat' dir='ltr'>cur</span> <span class='ocrx_word' id='word_1_24' title='bbox 2773 433 2952 513; x_wconf 87' lang='lat' dir='ltr'>pater</span> <span class='ocrx_word' id='word_1_25' title='bbox 2991 450 3135 513; x_wconf 86' lang='lat' dir='ltr'>prae</span> 
     </span>
     <span class='ocr_line' id='line_1_3' title="bbox 675 532 3137 617; baseline 0 -20"><span class='ocrx_word' id='word_1_26' title='bbox 675 536 877 597; x_wconf 88' lang='lat' dir='ltr'>matre</span> <span class='ocrx_word' id='word_1_27' title='bbox 907 533 992 596; x_wconf 89' lang='lat' dir='ltr'>sit</span> <span class='ocrx_word' id='word_1_28' title='bbox 1022 532 1370 617; x_wconf 80' lang='lat' dir='ltr'>diligendus</span> <span class='ocrx_word' id='word_1_29' title='bbox 1404 535 1463 597; x_wconf 84' lang='lat'>2.</span> <span class='ocrx_word' id='word_1_30' title='bbox 1499 536 1559 597; x_wconf 88' lang='grc'>2.</span> <span class='ocrx_word' id='word_1_31' title='bbox 1594 553 1652 614; x_wconf 89' lang='lat' dir='ltr'>q.</span> <span class='ocrx_word' id='word_1_32' title='bbox 1688 534 1793 597; x_wconf 88' lang='grc'>26.</span> <span class='ocrx_word' id='word_1_33' title='bbox 1829 536 1946 597; x_wconf 91' lang='lat' dir='ltr'>art.</span> <span class='ocrx_word' id='word_1_34' title='bbox 1986 535 2117 598; x_wconf 80' lang='lat'>10.:</span> <span class='ocrx_word' id='word_1_35' title='bbox 2165 558 2200 592; x_wconf 82' lang='lat'><strong>«</strong></span> <span class='ocrx_word' id='word_1_36' title='bbox 2231 535 2349 598; x_wconf 88' lang='lat' dir='ltr'>Per</span> <span class='ocrx_word' id='word_1_37' title='bbox 2379 553 2444 598; x_wconf 91' lang='lat' dir='ltr'>se</span> <span class='ocrx_word' id='word_1_38' title='bbox 2473 533 2780 616; x_wconf 83' lang='lat' dir='ltr'>loquendo</span> <span class='ocrx_word' id='word_1_39' title='bbox 2828 536 3006 616; x_wconf 88' lang='lat' dir='ltr'>pater</span> <span class='ocrx_word' id='word_1_40' title='bbox 3042 536 3137 598; x_wconf 87' lang='lat' dir='ltr'>est</span> 
     </span>
     <span class='ocr_line' id='line_1_4' title="bbox 682 634 3135 720; baseline 0 -20"><span class='ocrx_word' id='word_1_41' title='bbox 682 635 885 717; x_wconf 89' lang='lat' dir='ltr'>magis</span> <span class='ocrx_word' id='word_1_42' title='bbox 932 634 1281 719; x_wconf 83' lang='lat' dir='ltr'>diligendus</span> <span class='ocrx_word' id='word_1_43' title='bbox 1328 655 1516 718; x_wconf 90' lang='lat' dir='ltr'>quam</span> <span class='ocrx_word' id='word_1_44' title='bbox 1561 638 1783 700; x_wconf 85' lang='lat' dir='ltr'>mater.</span> <span class='ocrx_word' id='word_1_45' title='bbox 1817 636 2128 700; x_wconf 84' lang='lat' dir='ltr'>Amantur</span> <span class='ocrx_word' id='word_1_46' title='bbox 2172 638 2348 719; x_wconf 89' lang='lat' dir='ltr'>pater</span> <span class='ocrx_word' id='word_1_47' title='bbox 2377 638 2441 700; x_wconf 89' lang='lat' dir='ltr'>et</span> <span class='ocrx_word' id='word_1_48' title='bbox 2470 636 2672 700; x_wconf 88' lang='lat' dir='ltr'>mater</span> <span class='ocrx_word' id='word_1_49' title='bbox 2716 637 2790 699; x_wconf 89' lang='lat' dir='ltr'>ut</span> <span class='ocrx_word' id='word_1_50' title='bbox 2836 636 3135 720; x_wconf 84' lang='lat' dir='ltr'>principia</span> 
     </span>
     <span class='ocr_line' id='line_1_5' title="bbox 677 738 3139 822; baseline 0.001 -20"><span class='ocrx_word' id='word_1_51' title='bbox 677 738 984 820; x_wconf 84' lang='lat' dir='ltr'>quaedam</span> <span class='ocrx_word' id='word_1_52' title='bbox 1009 739 1321 802; x_wconf 87' lang='lat' dir='ltr'>naturalis</span> <span class='ocrx_word' id='word_1_53' title='bbox 1347 739 1623 822; x_wconf 86' lang='lat' dir='ltr'>originis.</span> <span class='ocrx_word' id='word_1_54' title='bbox 1651 739 1840 803; x_wconf 88' lang='lat' dir='ltr'>Pater</span> <span class='ocrx_word' id='word_1_55' title='bbox 1864 741 2077 804; x_wconf 90' lang='lat' dir='ltr'>autem</span> <span class='ocrx_word' id='word_1_56' title='bbox 2099 739 2287 803; x_wconf 89' lang='lat' dir='ltr'>habet</span> <span class='ocrx_word' id='word_1_57' title='bbox 2309 739 2801 804; x_wconf 80' lang='lat' dir='ltr'>excellentiorem</span> <span class='ocrx_word' id='word_1_58' title='bbox 2829 739 3139 804; x_wconf 87' lang='lat' dir='ltr'>rationem</span> 
     </span>
     <span class='ocr_line' id='line_1_6' title="bbox 677 840 3134 924; baseline 0.001 -21"><span class='ocrx_word' id='word_1_59' title='bbox 677 840 962 924; x_wconf 86' lang='lat' dir='ltr'>principii</span> <span class='ocrx_word' id='word_1_60' title='bbox 992 860 1183 922; x_wconf 88' lang='lat' dir='ltr'>quam</span> <span class='ocrx_word' id='word_1_61' title='bbox 1214 843 1447 905; x_wconf 89' lang='lat' dir='ltr'>mater:</span> <span class='ocrx_word' id='word_1_62' title='bbox 1480 841 1628 922; x_wconf 86' lang='lat' dir='ltr'>quja</span> <span class='ocrx_word' id='word_1_63' title='bbox 1665 844 1842 924; x_wconf 87' lang='lat' dir='ltr'>pater</span> <span class='ocrx_word' id='word_1_64' title='bbox 1888 845 1982 905; x_wconf 91' lang='lat' dir='ltr'>est</span> <span class='ocrx_word' id='word_1_65' title='bbox 2028 842 2398 924; x_wconf 88' lang='lat' dir='ltr'>principium</span> <span class='ocrx_word' id='word_1_66' title='bbox 2435 860 2542 923; x_wconf 88' lang='lat' dir='ltr'>per</span> <span class='ocrx_word' id='word_1_67' title='bbox 2577 840 2833 906; x_wconf 89' lang='lat' dir='ltr'>modum</span> <span class='ocrx_word' id='word_1_68' title='bbox 2873 840 3134 924; x_wconf 78' lang='lat' dir='ltr'>agentiS,</span> 
     </span>
     <span class='ocr_line' id='line_1_7' title="bbox 681 945 2770 1030; baseline -0 -21"><span class='ocrx_word' id='word_1_69' title='bbox 681 946 883 1009; x_wconf 89' lang='lat' dir='ltr'>mater</span> <span class='ocrx_word' id='word_1_70' title='bbox 916 947 1128 1009; x_wconf 90' lang='lat' dir='ltr'>autem</span> <span class='ocrx_word' id='word_1_71' title='bbox 1158 946 1361 1030; x_wconf 86' lang='lat' dir='ltr'>magis</span> <span class='ocrx_word' id='word_1_72' title='bbox 1393 965 1500 1028; x_wconf 90' lang='lat' dir='ltr'>per</span> <span class='ocrx_word' id='word_1_73' title='bbox 1534 945 1790 1010; x_wconf 91' lang='lat' dir='ltr'>modum</span> <span class='ocrx_word' id='word_1_74' title='bbox 1827 946 2123 1029; x_wconf 87' lang='lat' dir='ltr'>patientis</span> <span class='ocrx_word' id='word_1_75' title='bbox 2160 947 2224 1009; x_wconf 88' lang='lat' dir='ltr'>et</span> <span class='ocrx_word' id='word_1_76' title='bbox 2254 946 2551 1010; x_wconf 88' lang='lat' dir='ltr'>materiae</span> <span class='ocrx_word' id='word_1_77' title='bbox 2582 970 2618 1004; x_wconf 86' lang='lat'>›</span> <span class='ocrx_word' id='word_1_78' title='bbox 2656 945 2770 1029; x_wconf 85' lang='lat' dir='ltr'>(a).</span> 
     </span>
    </p>

    <p class='ocr_par' dir='ltr' id='par_1_3' title="bbox 679 1047 3140 1643">
     <span class='ocr_line' id='line_1_8' title="bbox 768 1047 3140 1130; baseline -0.001 -18"><span class='ocrx_word' id='word_1_79' title='bbox 768 1048 884 1112; x_wconf 87' lang='lat' dir='ltr'>Est</span> <span class='ocrx_word' id='word_1_80' title='bbox 930 1049 1142 1113; x_wconf 89' lang='lat' dir='ltr'>tamen</span> <span class='ocrx_word' id='word_1_81' title='bbox 1192 1048 1316 1112; x_wconf 91' lang='lat' dir='ltr'>alia</span> <span class='ocrx_word' id='word_1_82' title='bbox 1362 1048 1545 1125; x_wconf 88' lang='lat' dir='ltr'>ratio,</span> <span class='ocrx_word' id='word_1_83' title='bbox 1593 1049 1795 1113; x_wconf 87' lang='lat' dir='ltr'>maior</span> <span class='ocrx_word' id='word_1_84' title='bbox 1841 1049 1971 1112; x_wconf 83' lang='lat' dir='ltr'>scil.</span> <span class='ocrx_word' id='word_1_85' title='bbox 2022 1067 2198 1113; x_wconf 91' lang='lat' dir='ltr'>amor</span> <span class='ocrx_word' id='word_1_86' title='bbox 2240 1048 2481 1124; x_wconf 85' lang='lat' dir='ltr'>matris,</span> <span class='ocrx_word' id='word_1_87' title='bbox 2521 1067 2710 1129; x_wconf 88' lang='lat' dir='ltr'>quam</span> <span class='ocrx_word' id='word_1_88' title='bbox 2749 1047 2945 1130; x_wconf 87' lang='lat' dir='ltr'>patris</span> <span class='ocrx_word' id='word_1_89' title='bbox 2993 1064 3140 1130; x_wconf 86' lang='lat' dir='ltr'>erga</span> 
     </span>
     <span class='ocr_line' id='line_1_9' title="bbox 679 1149 3137 1234; baseline -0 -20"><span class='ocrx_word' id='word_1_90' title='bbox 679 1152 912 1215; x_wconf 91' lang='lat' dir='ltr'>filium:</span> <span class='ocrx_word' id='word_1_91' title='bbox 949 1151 1053 1215; x_wconf 91' lang='lat' dir='ltr'>sed</span> <span class='ocrx_word' id='word_1_92' title='bbox 1085 1153 1237 1215; x_wconf 92' lang='lat' dir='ltr'>tunc</span> <span class='ocrx_word' id='word_1_93' title='bbox 1275 1170 1394 1215; x_wconf 90' lang='lat' dir='ltr'>non</span> <span class='ocrx_word' id='word_1_94' title='bbox 1444 1150 1913 1215; x_wconf 80' lang='lat' dir='ltr'>considerantur</span> <span class='ocrx_word' id='word_1_95' title='bbox 1944 1150 2387 1232; x_wconf 81' lang='lat' dir='ltr'>reduplicative</span> <span class='ocrx_word' id='word_1_96' title='bbox 2433 1169 2557 1232; x_wconf 88' lang='lat' dir='ltr'>qua</span> <span class='ocrx_word' id='word_1_97' title='bbox 2603 1151 2760 1214; x_wconf 88' lang='lat' dir='ltr'>tales</span> <span class='ocrx_word' id='word_1_98' title='bbox 2807 1149 3137 1234; x_wconf 78' lang='lat' dir='ltr'>genitores,</span> 
     </span>
     <span class='ocr_line' id='line_1_10' title="bbox 681 1252 3140 1335; baseline -0.002 -18"><span class='ocrx_word' id='word_1_99' title='bbox 681 1255 782 1318; x_wconf 90' lang='lat' dir='ltr'>Ita</span> <span class='ocrx_word' id='word_1_100' title='bbox 814 1274 862 1319; x_wconf 91' lang='lat' dir='ltr'>s.</span> <span class='ocrx_word' id='word_1_101' title='bbox 898 1253 1119 1318; x_wconf 89' lang='lat' dir='ltr'>Thom.</span> <span class='ocrx_word' id='word_1_102' title='bbox 1153 1253 1301 1316; x_wconf 88' lang='lat' dir='ltr'>ibid.</span> <span class='ocrx_word' id='word_1_103' title='bbox 1339 1253 1414 1317; x_wconf 89' lang='lat' dir='ltr'>ad</span> <span class='ocrx_word' id='word_1_104' title='bbox 1449 1255 1540 1315; x_wconf 83' lang='lat'>2.:</span> <span class='ocrx_word' id='word_1_105' title='bbox 1582 1278 1617 1312; x_wconf 94' lang='lat'>«</span> <span class='ocrx_word' id='word_1_106' title='bbox 1649 1253 1993 1317; x_wconf 79' lang='lat' dir='ltr'>Dicendum</span> <span class='ocrx_word' id='word_1_107' title='bbox 2040 1252 2204 1333; x_wconf 90' lang='lat' dir='ltr'>quod</span> <span class='ocrx_word' id='word_1_108' title='bbox 2234 1253 2351 1316; x_wconf 92' lang='lat' dir='ltr'>hoc</span> <span class='ocrx_word' id='word_1_109' title='bbox 2383 1253 2651 1335; x_wconf 77' lang='lat' dir='ltr'>pertinet</span> <span class='ocrx_word' id='word_1_110' title='bbox 2686 1252 2765 1316; x_wconf 91' lang='lat' dir='ltr'>ad</span> <span class='ocrx_word' id='word_1_111' title='bbox 2803 1252 2995 1316; x_wconf 87' lang='lat' dir='ltr'>aliam</span> <span class='ocrx_word' id='word_1_112' title='bbox 3039 1269 3140 1314; x_wconf 91' lang='lat' dir='ltr'>ra-</span> 
     </span>
     <span class='ocr_line' id='line_1_11' title="bbox 681 1354 3139 1438; baseline -0.001 -20"><span class='ocrx_word' id='word_1_113' title='bbox 681 1356 915 1420; x_wconf 89' lang='lat' dir='ltr'>tionem</span> <span class='ocrx_word' id='word_1_114' title='bbox 946 1354 1312 1420; x_wconf 78' lang='lat' dir='ltr'>dilectionis,</span> <span class='ocrx_word' id='word_1_115' title='bbox 1340 1355 1482 1419; x_wconf 85' lang='lat' dir='ltr'>Alia</span> <span class='ocrx_word' id='word_1_116' title='bbox 1507 1355 1670 1419; x_wconf 92' lang='lat' dir='ltr'>enim</span> <span class='ocrx_word' id='word_1_117' title='bbox 1693 1356 1789 1419; x_wconf 88' lang='lat' dir='ltr'>est</span> <span class='ocrx_word' id='word_1_118' title='bbox 1812 1355 2041 1437; x_wconf 85' lang='lat' dir='ltr'>species</span> <span class='ocrx_word' id='word_1_119' title='bbox 2067 1354 2397 1430; x_wconf 85' lang='lat' dir='ltr'>amicitiae,</span> <span class='ocrx_word' id='word_1_120' title='bbox 2423 1374 2548 1435; x_wconf 87' lang='lat' dir='ltr'>qua</span> <span class='ocrx_word' id='word_1_121' title='bbox 2579 1354 2900 1438; x_wconf 85' lang='lat' dir='ltr'>diligimus</span> <span class='ocrx_word' id='word_1_122' title='bbox 2933 1372 3139 1418; x_wconf 85' lang='lat' dir='ltr'>aman-</span> 
     </span>
     <span class='ocr_line' id='line_1_12' title="bbox 681 1456 3134 1541; baseline -0 -20"><span class='ocrx_word' id='word_1_123' title='bbox 681 1460 810 1522; x_wconf 85' lang='lat' dir='ltr'>tem</span> <span class='ocrx_word' id='word_1_124' title='bbox 847 1459 910 1522; x_wconf 90' lang='lat' dir='ltr'>et</span> <span class='ocrx_word' id='word_1_125' title='bbox 941 1477 1065 1539; x_wconf 88' lang='lat' dir='ltr'>qua</span> <span class='ocrx_word' id='word_1_126' title='bbox 1105 1457 1424 1540; x_wconf 83' lang='lat' dir='ltr'>diligimus</span> <span class='ocrx_word' id='word_1_127' title='bbox 1455 1456 1872 1541; x_wconf 85' lang='lat' dir='ltr'>generantem.</span> <span class='ocrx_word' id='word_1_128' title='bbox 1906 1456 2084 1520; x_wconf 90' lang='lat' dir='ltr'>Nunc</span> <span class='ocrx_word' id='word_1_129' title='bbox 2116 1459 2329 1521; x_wconf 89' lang='lat' dir='ltr'>autem</span> <span class='ocrx_word' id='word_1_130' title='bbox 2359 1458 2674 1540; x_wconf 90' lang='lat' dir='ltr'>loquimur</span> <span class='ocrx_word' id='word_1_131' title='bbox 2719 1458 2793 1521; x_wconf 91' lang='lat' dir='ltr'>de</span> <span class='ocrx_word' id='word_1_132' title='bbox 2841 1456 3134 1532; x_wconf 81' lang='lat' dir='ltr'>amicitia,</span> 
     </span>
     <span class='ocr_line' id='line_1_13' title="bbox 681 1559 2897 1643; baseline -0 -19"><span class='ocrx_word' id='word_1_133' title='bbox 681 1579 840 1643; x_wconf 85' lang='lat' dir='ltr'>quae</span> <span class='ocrx_word' id='word_1_134' title='bbox 877 1560 1135 1625; x_wconf 89' lang='lat' dir='ltr'>debetur</span> <span class='ocrx_word' id='word_1_135' title='bbox 1165 1561 1332 1642; x_wconf 88' lang='lat' dir='ltr'>patri</span> <span class='ocrx_word' id='word_1_136' title='bbox 1363 1560 1426 1624; x_wconf 89' lang='lat' dir='ltr'>et</span> <span class='ocrx_word' id='word_1_137' title='bbox 1456 1560 1646 1623; x_wconf 89' lang='lat' dir='ltr'>matri</span> <span class='ocrx_word' id='word_1_138' title='bbox 1677 1559 2013 1623; x_wconf 83' lang='lat' dir='ltr'>secundum</span> <span class='ocrx_word' id='word_1_139' title='bbox 2046 1560 2460 1642; x_wconf 82' lang='lat' dir='ltr'>generationis</span> <span class='ocrx_word' id='word_1_140' title='bbox 2497 1560 2801 1625; x_wconf 89' lang='lat' dir='ltr'>rationem</span> <span class='ocrx_word' id='word_1_141' title='bbox 2834 1584 2897 1623; x_wconf 82' lang='lat'>›.</span> 
     </span>
    </p>

    <p class='ocr_par' dir='ltr' id='par_1_4' title="bbox 673 1661 3144 2649">
     <span class='ocr_line' id='line_1_14' title="bbox 770 1661 3144 1745; baseline 0 -19"><span class='ocrx_word' id='word_1_142' title='bbox 770 1661 1050 1744; x_wconf 85' lang='lat' dir='ltr'>Denique</span> <span class='ocrx_word' id='word_1_143' title='bbox 1082 1661 1290 1743; x_wconf 91' lang='lat' dir='ltr'>quoad</span> <span class='ocrx_word' id='word_1_144' title='bbox 1315 1662 1842 1744; x_wconf 82' lang='lat' dir='ltr'>comparationem</span> <span class='ocrx_word' id='word_1_145' title='bbox 1873 1662 2035 1726; x_wconf 82' lang='lat' dir='ltr'>inter</span> <span class='ocrx_word' id='word_1_146' title='bbox 2058 1681 2311 1726; x_wconf 84' lang='lat' dir='ltr'>uxorem</span> <span class='ocrx_word' id='word_1_147' title='bbox 2343 1682 2417 1727; x_wconf 89' lang='lat' dir='ltr'>ac</span> <span class='ocrx_word' id='word_1_148' title='bbox 2446 1665 2750 1745; x_wconf 79' lang='lat' dir='ltr'>parenteS,</span> <span class='ocrx_word' id='word_1_149' title='bbox 2784 1662 2875 1726; x_wconf 90' lang='lat' dir='ltr'>ita</span> <span class='ocrx_word' id='word_1_150' title='bbox 2900 1680 2949 1726; x_wconf 79' lang='lat' dir='ltr'>s,</span> <span class='ocrx_word' id='word_1_151' title='bbox 2986 1662 3144 1727; x_wconf 89' lang='lat' dir='ltr'>Tho-</span> 
     </span>
     <span class='ocr_line' id='line_1_15' title="bbox 676 1763 3138 1847; baseline -0 -18"><span class='ocrx_word' id='word_1_152' title='bbox 676 1785 811 1846; x_wconf 82' lang='lat' dir='ltr'>mas</span> <span class='ocrx_word' id='word_1_153' title='bbox 838 1767 897 1828; x_wconf 87' lang='grc'>2.</span> <span class='ocrx_word' id='word_1_154' title='bbox 920 1766 980 1827; x_wconf 89' lang='grc'>2.</span> <span class='ocrx_word' id='word_1_155' title='bbox 1007 1785 1065 1846; x_wconf 88' lang='lat' dir='ltr'>q.</span> <span class='ocrx_word' id='word_1_156' title='bbox 1085 1764 1189 1827; x_wconf 88' lang='grc'>26.</span> <span class='ocrx_word' id='word_1_157' title='bbox 1220 1766 1338 1828; x_wconf 87' lang='lat' dir='ltr'>art.</span> <span class='ocrx_word' id='word_1_158' title='bbox 1371 1765 1505 1828; x_wconf 84' lang='lat'>17.:</span> <span class='ocrx_word' id='word_1_159' title='bbox 1532 1788 1568 1822; x_wconf 82' lang='lat'><strong>«</strong></span> <span class='ocrx_word' id='word_1_160' title='bbox 1586 1763 1830 1828; x_wconf 86' lang='lat' dir='ltr'>Gradus</span> <span class='ocrx_word' id='word_1_161' title='bbox 1855 1764 2200 1829; x_wconf 89' lang='lat' dir='ltr'>dilectionis</span> <span class='ocrx_word' id='word_1_162' title='bbox 2227 1765 2464 1830; x_wconf 79' lang='lat' dir='ltr'>attendi</span> <span class='ocrx_word' id='word_1_163' title='bbox 2486 1766 2695 1847; x_wconf 87' lang='lat' dir='ltr'>potest</span> <span class='ocrx_word' id='word_1_164' title='bbox 2718 1766 2782 1828; x_wconf 90' lang='lat' dir='ltr'>et</span> <span class='ocrx_word' id='word_1_165' title='bbox 2802 1763 3138 1830; x_wconf 87' lang='lat' dir='ltr'>secundum</span> 
     </span>
     <span class='ocr_line' id='line_1_16' title="bbox 681 1865 3143 1951; baseline -0.001 -19"><span class='ocrx_word' id='word_1_166' title='bbox 681 1867 988 1932; x_wconf 89' lang='lat' dir='ltr'>rationem</span> <span class='ocrx_word' id='word_1_167' title='bbox 1033 1867 1182 1931; x_wconf 91' lang='lat' dir='ltr'>boni</span> <span class='ocrx_word' id='word_1_168' title='bbox 1228 1869 1290 1930; x_wconf 91' lang='lat' dir='ltr'>et</span> <span class='ocrx_word' id='word_1_169' title='bbox 1337 1866 1675 1930; x_wconf 90' lang='lat' dir='ltr'>secundum</span> <span class='ocrx_word' id='word_1_170' title='bbox 1712 1867 2207 1931; x_wconf 88' lang='lat' dir='ltr'>coniunctionem</span> <span class='ocrx_word' id='word_1_171' title='bbox 2256 1866 2334 1930; x_wconf 92' lang='lat' dir='ltr'>ad</span> <span class='ocrx_word' id='word_1_172' title='bbox 2380 1866 2759 1951; x_wconf 88' lang='lat' dir='ltr'>diligentem.</span> <span class='ocrx_word' id='word_1_173' title='bbox 2793 1865 3143 1931; x_wconf 83' lang='lat' dir='ltr'>Secundum</span> 
     </span>
     <span class='ocr_line' id='line_1_17' title="bbox 679 1967 3137 2052; baseline -0 -19"><span class='ocrx_word' id='word_1_174' title='bbox 679 1988 825 2052; x_wconf 88' lang='lat' dir='ltr'>ergo</span> <span class='ocrx_word' id='word_1_175' title='bbox 856 1968 1165 2032; x_wconf 89' lang='lat' dir='ltr'>rationem</span> <span class='ocrx_word' id='word_1_176' title='bbox 1195 1967 1360 2044; x_wconf 89' lang='lat' dir='ltr'>boni,</span> <span class='ocrx_word' id='word_1_177' title='bbox 1394 1967 1561 2049; x_wconf 91' lang='lat' dir='ltr'>quod</span> <span class='ocrx_word' id='word_1_178' title='bbox 1593 1970 1687 2031; x_wconf 88' lang='lat' dir='ltr'>est</span> <span class='ocrx_word' id='word_1_179' title='bbox 1721 1968 2030 2031; x_wconf 83' lang='lat' dir='ltr'>obiectum</span> <span class='ocrx_word' id='word_1_180' title='bbox 2054 1968 2419 2044; x_wconf 87' lang='lat' dir='ltr'>dilectionis,</span> <span class='ocrx_word' id='word_1_181' title='bbox 2445 1968 2649 2052; x_wconf 90' lang='lat' dir='ltr'>magis</span> <span class='ocrx_word' id='word_1_182' title='bbox 2673 1969 2822 2032; x_wconf 88' lang='lat' dir='ltr'>sunt</span> <span class='ocrx_word' id='word_1_183' title='bbox 2844 1968 3137 2052; x_wconf 84' lang='lat' dir='ltr'>diligendi</span> 
     </span>
     <span class='ocr_line' id='line_1_18' title="bbox 680 2069 3139 2154; baseline -0 -19"><span class='ocrx_word' id='word_1_184' title='bbox 680 2070 984 2154; x_wconf 84' lang='lat' dir='ltr'>parentes,</span> <span class='ocrx_word' id='word_1_185' title='bbox 1019 2088 1211 2151; x_wconf 91' lang='lat' dir='ltr'>quam</span> <span class='ocrx_word' id='word_1_186' title='bbox 1241 2089 1423 2146; x_wconf 78' lang='lat' dir='ltr'>uxor3</span> <span class='ocrx_word' id='word_1_187' title='bbox 1458 2069 1606 2151; x_wconf 89' lang='lat' dir='ltr'>quia</span> <span class='ocrx_word' id='word_1_188' title='bbox 1637 2070 1987 2154; x_wconf 81' lang='lat' dir='ltr'>diliguntur</span> <span class='ocrx_word' id='word_1_189' title='bbox 2010 2070 2125 2134; x_wconf 90' lang='lat' dir='ltr'>sub</span> <span class='ocrx_word' id='word_1_190' title='bbox 2161 2071 2405 2136; x_wconf 89' lang='lat' dir='ltr'>ratione</span> <span class='ocrx_word' id='word_1_191' title='bbox 2451 2071 2733 2153; x_wconf 87' lang='lat' dir='ltr'>principii</span> <span class='ocrx_word' id='word_1_192' title='bbox 2770 2071 2833 2134; x_wconf 91' lang='lat' dir='ltr'>et</span> <span class='ocrx_word' id='word_1_193' title='bbox 2878 2071 3139 2135; x_wconf 87' lang='lat' dir='ltr'>eminen-</span> 
     </span>
     <span class='ocr_line' id='line_1_19' title="bbox 681 2170 3141 2257; baseline 0 -20"><span class='ocrx_word' id='word_1_194' title='bbox 681 2173 861 2237; x_wconf 90' lang='lat' dir='ltr'>tioris</span> <span class='ocrx_word' id='word_1_195' title='bbox 907 2171 1231 2236; x_wconf 87' lang='lat' dir='ltr'>cuiusdam</span> <span class='ocrx_word' id='word_1_196' title='bbox 1279 2172 1453 2236; x_wconf 89' lang='lat' dir='ltr'>boni:</span> <span class='ocrx_word' id='word_1_197' title='bbox 1488 2170 1823 2236; x_wconf 87' lang='lat' dir='ltr'>secundum</span> <span class='ocrx_word' id='word_1_198' title='bbox 1873 2174 2082 2237; x_wconf 87' lang='lat' dir='ltr'>autem</span> <span class='ocrx_word' id='word_1_199' title='bbox 2120 2172 2428 2236; x_wconf 89' lang='lat' dir='ltr'>rationem</span> <span class='ocrx_word' id='word_1_200' title='bbox 2459 2172 2909 2238; x_wconf 88' lang='lat' dir='ltr'>coniunctionis</span> <span class='ocrx_word' id='word_1_201' title='bbox 2939 2174 3141 2257; x_wconf 86' lang='lat' dir='ltr'>magis</span> 
     </span>
     <span class='ocr_line' id='line_1_20' title="bbox 684 2274 3141 2359; baseline 0.001 -21"><span class='ocrx_word' id='word_1_202' title='bbox 684 2274 996 2358; x_wconf 89' lang='lat' dir='ltr'>diligenda</span> <span class='ocrx_word' id='word_1_203' title='bbox 1046 2276 1140 2338; x_wconf 89' lang='lat' dir='ltr'>est</span> <span class='ocrx_word' id='word_1_204' title='bbox 1189 2293 1369 2350; x_wconf 82' lang='lat' dir='ltr'>uxor3</span> <span class='ocrx_word' id='word_1_205' title='bbox 1405 2275 1553 2356; x_wconf 89' lang='lat' dir='ltr'>quia</span> <span class='ocrx_word' id='word_1_206' title='bbox 1583 2293 1738 2338; x_wconf 86' lang='lat' dir='ltr'>uxor</span> <span class='ocrx_word' id='word_1_207' title='bbox 1770 2275 2170 2359; x_wconf 83' lang='lat' dir='ltr'>coniungitur</span> <span class='ocrx_word' id='word_1_208' title='bbox 2200 2275 2355 2352; x_wconf 87' lang='lat' dir='ltr'>viro,</span> <span class='ocrx_word' id='word_1_209' title='bbox 2389 2275 2464 2339; x_wconf 92' lang='lat' dir='ltr'>ut</span> <span class='ocrx_word' id='word_1_210' title='bbox 2493 2294 2619 2339; x_wconf 87' lang='lat' dir='ltr'>una</span> <span class='ocrx_word' id='word_1_211' title='bbox 2648 2293 2792 2339; x_wconf 84' lang='lat' dir='ltr'>caro</span> <span class='ocrx_word' id='word_1_212' title='bbox 2824 2276 3141 2351; x_wconf 84' lang='lat' dir='ltr'>exsistens,</span> 
     </span>
     <span class='ocr_line' id='line_1_21' title="bbox 685 2376 3137 2457; baseline 0 -17"><span class='ocrx_word' id='word_1_213' title='bbox 685 2376 1023 2442; x_wconf 89' lang='lat' dir='ltr'>secundum</span> <span class='ocrx_word' id='word_1_214' title='bbox 1054 2376 1210 2441; x_wconf 89' lang='lat' dir='ltr'>illud</span> <span class='ocrx_word' id='word_1_215' title='bbox 1242 2376 1474 2441; x_wconf 89' lang='lat' dir='ltr'>Matth.</span> <span class='ocrx_word' id='word_1_216' title='bbox 1509 2376 1680 2439; x_wconf 88' lang='lat' dir='ltr'>XIX.</span> <span class='ocrx_word' id='word_1_217' title='bbox 1715 2376 1938 2457; x_wconf 77' lang='lat' dir='ltr'>Itaque</span> <span class='ocrx_word' id='word_1_218' title='bbox 1976 2378 2103 2439; x_wconf 69' lang='lat' dir='ltr'>iam</span> <span class='ocrx_word' id='word_1_219' title='bbox 2139 2397 2265 2440; x_wconf 79' lang='lat' dir='ltr'>non</span> <span class='ocrx_word' id='word_1_220' title='bbox 2288 2382 2439 2440; x_wconf 75' lang='lat' dir='ltr'>sunt</span> <span class='ocrx_word' id='word_1_221' title='bbox 2480 2377 2620 2454; x_wconf 77' lang='lat' dir='ltr'>duc,</span> <span class='ocrx_word' id='word_1_222' title='bbox 2669 2378 2781 2440; x_wconf 80' lang='lat' dir='ltr'>sed</span> <span class='ocrx_word' id='word_1_223' title='bbox 2813 2397 2946 2440; x_wconf 77' lang='lat' dir='ltr'>una</span> <span class='ocrx_word' id='word_1_224' title='bbox 2975 2397 3137 2442; x_wconf 79' lang='lat' dir='ltr'>caro,</span> 
     </span>
     <span class='ocr_line' id='line_1_22' title="bbox 680 2479 3142 2562; baseline 0 -17"><span class='ocrx_word' id='word_1_225' title='bbox 680 2480 763 2545; x_wconf 89' lang='lat' dir='ltr'>Et</span> <span class='ocrx_word' id='word_1_226' title='bbox 808 2480 944 2546; x_wconf 90' lang='lat' dir='ltr'>ideo</span> <span class='ocrx_word' id='word_1_227' title='bbox 990 2480 1303 2544; x_wconf 65' lang='lat' dir='ltr'>intensius</span> <span class='ocrx_word' id='word_1_228' title='bbox 1333 2479 1626 2562; x_wconf 72' lang='lat' dir='ltr'>diliyitur</span> <span class='ocrx_word' id='word_1_229' title='bbox 1656 2500 1837 2554; x_wconf 66' lang='lat' dir='ltr'>uxor,</span> <span class='ocrx_word' id='word_1_230' title='bbox 1878 2480 1983 2544; x_wconf 87' lang='lat' dir='ltr'>sed</span> <span class='ocrx_word' id='word_1_231' title='bbox 2027 2484 2230 2543; x_wconf 81' lang='lat' dir='ltr'>maior</span> <span class='ocrx_word' id='word_1_232' title='bbox 2265 2481 2611 2543; x_wconf 65' lang='lat' dir='ltr'>reverentia</span> <span class='ocrx_word' id='word_1_233' title='bbox 2648 2485 2743 2544; x_wconf 79' lang='lat' dir='ltr'>est</span> <span class='ocrx_word' id='word_1_234' title='bbox 2766 2481 3142 2559; x_wconf 75' lang='lat' dir='ltr'>parentibus</span> 
     </span>
     <span class='ocr_line' id='line_1_23' title="bbox 673 2583 1112 2649; baseline -0.005 0"><span class='ocrx_word' id='word_1_235' title='bbox 673 2583 1021 2649; x_wconf 70' lang='lat' dir='ltr'>exhibenda</span> <span class='ocrx_word' id='word_1_236' title='bbox 1051 2610 1112 2647; x_wconf 84' lang='lat'>».</span> 
     </span>
    </p>

    <p class='ocr_par' dir='ltr' id='par_1_5' title="bbox 676 2682 3141 3594">
     <span class='ocr_line' id='line_1_24' title="bbox 768 2682 3140 2769; baseline -0.003 -12"><span class='ocrx_word' id='word_1_237' title='bbox 768 2682 921 2757; x_wconf 75' lang='grc'>168.</span> <span class='ocrx_word' id='word_1_238' title='bbox 950 2686 1220 2761; x_wconf 84' lang='lat' dir='ltr'>Bannez,</span> <span class='ocrx_word' id='word_1_239' title='bbox 1248 2704 1433 2767; x_wconf 90' lang='lat' dir='ltr'>quem</span> <span class='ocrx_word' id='word_1_240' title='bbox 1465 2684 1702 2750; x_wconf 83' lang='lat' dir='ltr'>Auctor</span> <span class='ocrx_word' id='word_1_241' title='bbox 1727 2685 1980 2769; x_wconf 83' lang='lat' dir='ltr'>allegat,</span> <span class='ocrx_word' id='word_1_242' title='bbox 2007 2685 2129 2749; x_wconf 89' lang='lat' dir='ltr'>duo</span> <span class='ocrx_word' id='word_1_243' title='bbox 2161 2684 2351 2748; x_wconf 86' lang='lat' dir='ltr'>habet</span> <span class='ocrx_word' id='word_1_244' title='bbox 2381 2703 2539 2766; x_wconf 87' lang='lat' dir='ltr'>quae</span> <span class='ocrx_word' id='word_1_245' title='bbox 2568 2686 2863 2749; x_wconf 79' lang='lat' dir='ltr'>notentur</span> <span class='ocrx_word' id='word_1_246' title='bbox 2895 2687 2959 2749; x_wconf 87' lang='lat' dir='ltr'>et</span> <span class='ocrx_word' id='word_1_247' title='bbox 2982 2705 3140 2767; x_wconf 82' lang='lat' dir='ltr'>quae</span> 
     </span>
     <span class='ocr_line' id='line_1_25' title="bbox 682 2791 3135 2876; baseline -0.002 -19"><span class='ocrx_word' id='word_1_248' title='bbox 682 2793 845 2876; x_wconf 88' lang='lat' dir='ltr'>apud</span> <span class='ocrx_word' id='word_1_249' title='bbox 894 2795 1213 2858; x_wconf 85' lang='lat' dir='ltr'>auctorem</span> <span class='ocrx_word' id='word_1_250' title='bbox 1266 2792 1433 2857; x_wconf 87' lang='lat' dir='ltr'>clara</span> <span class='ocrx_word' id='word_1_251' title='bbox 1494 2812 1618 2858; x_wconf 90' lang='lat' dir='ltr'>non</span> <span class='ocrx_word' id='word_1_252' title='bbox 1663 2794 1829 2857; x_wconf 87' lang='lat' dir='ltr'>sunt.</span> <span class='ocrx_word' id='word_1_253' title='bbox 1893 2818 1925 2849; x_wconf 93' lang='lat'>«</span> <span class='ocrx_word' id='word_1_254' title='bbox 1973 2792 2238 2867; x_wconf 88' lang='lat' dir='ltr'>Bannez‚</span> <span class='ocrx_word' id='word_1_255' title='bbox 2288 2792 2494 2873; x_wconf 89' lang='lat' dir='ltr'>inquit</span> <span class='ocrx_word' id='word_1_256' title='bbox 2550 2791 2871 2875; x_wconf 84' lang='lat' dir='ltr'>Laymann</span> <span class='ocrx_word' id='word_1_257' title='bbox 2916 2792 3027 2856; x_wconf 90' lang='lat' dir='ltr'>lib.</span> <span class='ocrx_word' id='word_1_258' title='bbox 3078 2794 3135 2855; x_wconf 88' lang='grc'>2.</span> 
     </span>
     <span class='ocr_line' id='line_1_26' title="bbox 682 2895 3137 2980; baseline 0 -19"><span class='ocrx_word' id='word_1_259' title='bbox 682 2897 866 2961; x_wconf 88' lang='lat' dir='ltr'>tract.</span> <span class='ocrx_word' id='word_1_260' title='bbox 917 2896 979 2960; x_wconf 84' lang='lat'>3.</span> <span class='ocrx_word' id='word_1_261' title='bbox 1014 2916 1147 2980; x_wconf 89' lang='lat' dir='ltr'>cap.</span> <span class='ocrx_word' id='word_1_262' title='bbox 1199 2898 1260 2959; x_wconf 88' lang='lat'>3.</span> <span class='ocrx_word' id='word_1_263' title='bbox 1295 2916 1353 2961; x_wconf 91' lang='lat' dir='ltr'>n.</span> <span class='ocrx_word' id='word_1_264' title='bbox 1397 2896 1457 2959; x_wconf 89' lang='grc'>6.</span> <span class='ocrx_word' id='word_1_265' title='bbox 1507 2898 1695 2962; x_wconf 91' lang='lat' dir='ltr'>corol.</span> <span class='ocrx_word' id='word_1_266' title='bbox 1747 2897 1829 2973; x_wconf 87' lang='grc'>6.,</span> <span class='ocrx_word' id='word_1_267' title='bbox 1869 2895 2066 2969; x_wconf 85' lang='lat' dir='ltr'>docet,</span> <span class='ocrx_word' id='word_1_268' title='bbox 2100 2896 2328 2979; x_wconf 81' lang='lat' dir='ltr'>insigni</span> <span class='ocrx_word' id='word_1_269' title='bbox 2377 2895 2575 2960; x_wconf 84' lang='lat' dir='ltr'>amico</span> <span class='ocrx_word' id='word_1_270' title='bbox 2622 2896 2733 2959; x_wconf 87' lang='lat' dir='ltr'>aut</span> <span class='ocrx_word' id='word_1_271' title='bbox 2762 2895 3137 2961; x_wconf 85' lang='lat' dir='ltr'>benefactori</span> 
     </span>
     <span class='ocr_line' id='line_1_27' title="bbox 681 2997 3138 3082; baseline 0 -19"><span class='ocrx_word' id='word_1_272' title='bbox 681 2998 890 3082; x_wconf 90' lang='lat' dir='ltr'>potius</span> <span class='ocrx_word' id='word_1_273' title='bbox 929 3018 1001 3063; x_wconf 80' lang='lat' dir='ltr'>ex</span> <span class='ocrx_word' id='word_1_274' title='bbox 1036 2999 1319 3062; x_wconf 89' lang='lat' dir='ltr'>caritatis</span> <span class='ocrx_word' id='word_1_275' title='bbox 1372 3000 1509 3082; x_wconf 88' lang='lat' dir='ltr'>lege</span> <span class='ocrx_word' id='word_1_276' title='bbox 1563 2997 2046 3062; x_wconf 83' lang='lat' dir='ltr'>subveniendum</span> <span class='ocrx_word' id='word_1_277' title='bbox 2094 3016 2243 3073; x_wconf 84' lang='lat' dir='ltr'>esse,</span> <span class='ocrx_word' id='word_1_278' title='bbox 2277 3016 2465 3077; x_wconf 89' lang='lat' dir='ltr'>quam</span> <span class='ocrx_word' id='word_1_279' title='bbox 2510 2997 2971 3080; x_wconf 87' lang='lat' dir='ltr'>consanguineo</span> <span class='ocrx_word' id='word_1_280' title='bbox 3017 3017 3138 3063; x_wconf 90' lang='lat' dir='ltr'>non</span> 
     </span>
     <span class='ocr_line' id='line_1_28' title="bbox 679 3098 3141 3184; baseline 0.001 -19"><span class='ocrx_word' id='word_1_281' title='bbox 679 3101 858 3166; x_wconf 86' lang='lat' dir='ltr'>valde</span> <span class='ocrx_word' id='word_1_282' title='bbox 905 3102 1249 3184; x_wconf 86' lang='lat' dir='ltr'>propinquo</span> <span class='ocrx_word' id='word_1_283' title='bbox 1297 3101 1394 3164; x_wconf 80' lang='lat' dir='ltr'>vel</span> <span class='ocrx_word' id='word_1_284' title='bbox 1432 3101 1506 3164; x_wconf 91' lang='lat' dir='ltr'>de</span> <span class='ocrx_word' id='word_1_285' title='bbox 1552 3101 1729 3166; x_wconf 89' lang='lat' dir='ltr'>nobis</span> <span class='ocrx_word' id='word_1_286' title='bbox 1778 3118 1901 3164; x_wconf 90' lang='lat' dir='ltr'>non</span> <span class='ocrx_word' id='word_1_287' title='bbox 1934 3102 2083 3164; x_wconf 90' lang='lat' dir='ltr'>bene</span> <span class='ocrx_word' id='word_1_288' title='bbox 2119 3100 2365 3165; x_wconf 89' lang='lat' dir='ltr'>merito.</span> <span class='ocrx_word' id='word_1_289' title='bbox 2393 3098 2812 3183; x_wconf 87' lang='lat' dir='ltr'>Similiterque</span> <span class='ocrx_word' id='word_1_290' title='bbox 2841 3101 3141 3167; x_wconf 81' lang='lat' dir='ltr'>fra-tribus</span> 
     </span>
     <span class='ocr_line' id='line_1_29' title="bbox 683 3201 3137 3287; baseline 0.001 -20"><span class='ocrx_word' id='word_1_291' title='bbox 683 3202 1115 3286; x_wconf 86' lang='lat' dir='ltr'>spiritualibus</span> <span class='ocrx_word' id='word_1_292' title='bbox 1146 3201 1348 3285; x_wconf 85' lang='lat' dir='ltr'>magis</span> <span class='ocrx_word' id='word_1_293' title='bbox 1374 3202 1564 3266; x_wconf 88' lang='lat' dir='ltr'>etiam</span> <span class='ocrx_word' id='word_1_294' title='bbox 1587 3203 1651 3266; x_wconf 89' lang='lat' dir='ltr'>in</span> <span class='ocrx_word' id='word_1_295' title='bbox 1677 3203 2124 3287; x_wconf 86' lang='lat' dir='ltr'>temporalibus</span> <span class='ocrx_word' id='word_1_296' title='bbox 2156 3203 2332 3268; x_wconf 92' lang='lat' dir='ltr'>bonis</span> <span class='ocrx_word' id='word_1_297' title='bbox 2358 3203 2842 3269; x_wconf 81' lang='lat' dir='ltr'>subveniendum</span> <span class='ocrx_word' id='word_1_298' title='bbox 2874 3205 3137 3283; x_wconf 84' lang='lat' dir='ltr'>videtur,</span> 
     </span>
     <span class='ocr_line' id='line_1_30' title="bbox 683 3304 3136 3391; baseline 0.002 -22"><span class='ocrx_word' id='word_1_299' title='bbox 683 3323 872 3386; x_wconf 89' lang='lat' dir='ltr'>quam</span> <span class='ocrx_word' id='word_1_300' title='bbox 913 3304 1194 3388; x_wconf 88' lang='lat' dir='ltr'>cognatis</span> <span class='ocrx_word' id='word_1_301' title='bbox 1231 3323 1355 3368; x_wconf 91' lang='lat' dir='ltr'>non</span> <span class='ocrx_word' id='word_1_302' title='bbox 1385 3304 1564 3368; x_wconf 82' lang='lat' dir='ltr'>valde</span> <span class='ocrx_word' id='word_1_303' title='bbox 1611 3306 2000 3388; x_wconf 86' lang='lat' dir='ltr'>propinquis:</span> <span class='ocrx_word' id='word_1_304' title='bbox 2043 3306 2540 3387; x_wconf 87' lang='lat' dir='ltr'>quandoquidem</span> <span class='ocrx_word' id='word_1_305' title='bbox 2571 3307 2733 3371; x_wconf 90' lang='lat' dir='ltr'>bona</span> <span class='ocrx_word' id='word_1_306' title='bbox 2764 3308 3136 3391; x_wconf 80' lang='lat' dir='ltr'>spiritualia,</span> 
     </span>
     <span class='ocr_line' id='line_1_31' title="bbox 681 3405 3139 3492; baseline 0.002 -22"><span class='ocrx_word' id='word_1_307' title='bbox 681 3408 744 3470; x_wconf 87' lang='lat' dir='ltr'>in</span> <span class='ocrx_word' id='word_1_308' title='bbox 795 3406 1020 3489; x_wconf 88' lang='lat' dir='ltr'>quibus</span> <span class='ocrx_word' id='word_1_309' title='bbox 1055 3405 1397 3489; x_wconf 88' lang='lat' dir='ltr'>spiritualis</span> <span class='ocrx_word' id='word_1_310' title='bbox 1429 3407 1694 3473; x_wconf 87' lang='lat' dir='ltr'>societas</span> <span class='ocrx_word' id='word_1_311' title='bbox 1724 3408 2042 3483; x_wconf 81' lang='lat' dir='ltr'>fundatur,</span> <span class='ocrx_word' id='word_1_312' title='bbox 2086 3410 2294 3491; x_wconf 90' lang='lat' dir='ltr'>aliquo</span> <span class='ocrx_word' id='word_1_313' title='bbox 2325 3408 2509 3474; x_wconf 88' lang='lat' dir='ltr'>modo</span> <span class='ocrx_word' id='word_1_314' title='bbox 2549 3409 2889 3492; x_wconf 87' lang='lat' dir='ltr'>dependent</span> <span class='ocrx_word' id='word_1_315' title='bbox 2919 3431 2957 3475; x_wconf 82' lang='lat' dir='ltr'>a</span> <span class='ocrx_word' id='word_1_316' title='bbox 2987 3414 3139 3476; x_wconf 84' lang='lat' dir='ltr'>tem-</span> 
     </span>
     <span class='ocr_line' id='line_1_32' title="bbox 676 3496 2703 3594; baseline 0.001 -19"><span class='ocrx_word' id='word_1_317' title='bbox 676 3509 994 3594; x_wconf 87' lang='lat' dir='ltr'>poralibus</span> <span class='ocrx_word' id='word_1_318' title='bbox 1025 3510 1326 3591; x_wconf 88' lang='lat' dir='ltr'>tanquam</span> <span class='ocrx_word' id='word_1_319' title='bbox 1350 3511 1875 3577; x_wconf 84' lang='lat' dir='ltr'>subservientibus</span> <span class='ocrx_word' id='word_1_320' title='bbox 1907 3537 1967 3576; x_wconf 86' lang='grc'>».</span> <span class='ocrx_word' id='word_1_321' title='bbox 2696 3496 2703 3504; x_wconf 62' lang='grc'>’</span> 
     </span>
    </p>

    <p class='ocr_par' dir='ltr' id='par_1_6' title="bbox 680 3613 3138 4211">
     <span class='ocr_line' id='line_1_33' title="bbox 767 3613 3136 3695; baseline 0.002 -17"><span class='ocrx_word' id='word_1_322' title='bbox 767 3613 945 3694; x_wconf 88' lang='lat' dir='ltr'>Quod</span> <span class='ocrx_word' id='word_1_323' title='bbox 977 3632 1122 3679; x_wconf 85' lang='lat' dir='ltr'>vero</span> <span class='ocrx_word' id='word_1_324' title='bbox 1154 3614 1420 3679; x_wconf 87' lang='lat' dir='ltr'>habetur</span> <span class='ocrx_word' id='word_1_325' title='bbox 1441 3613 1507 3678; x_wconf 90' lang='lat' dir='ltr'>in</span> <span class='ocrx_word' id='word_1_326' title='bbox 1541 3617 1599 3679; x_wconf 88' lang='grc'>2.</span> <span class='ocrx_word' id='word_1_327' title='bbox 1635 3615 2057 3691; x_wconf 86' lang='lat' dir='ltr'>Resolutione,</span> <span class='ocrx_word' id='word_1_328' title='bbox 2093 3615 2209 3680; x_wconf 92' lang='lat' dir='ltr'>hoc</span> <span class='ocrx_word' id='word_1_329' title='bbox 2232 3614 2343 3692; x_wconf 83' lang='lat' dir='ltr'>est,</span> <span class='ocrx_word' id='word_1_330' title='bbox 2378 3613 2542 3695; x_wconf 89' lang='lat' dir='ltr'>quod</span> <span class='ocrx_word' id='word_1_331' title='bbox 2582 3638 2618 3673; x_wconf 80' lang='lat'>«</span> <span class='ocrx_word' id='word_1_332' title='bbox 2641 3615 2907 3691; x_wconf 72' lang='lat' dir='ltr'>BanneZ,</span> <span class='ocrx_word' id='word_1_333' title='bbox 2942 3620 3017 3682; x_wconf 91' lang='lat' dir='ltr'>ut</span> <span class='ocrx_word' id='word_1_334' title='bbox 3048 3617 3136 3682; x_wconf 86' lang='lat' dir='ltr'>ait</span> 
     </span>
     <span class='ocr_line' id='line_1_34' title="bbox 680 3716 3136 3801; baseline 0.002 -22"><span class='ocrx_word' id='word_1_335' title='bbox 680 3716 1004 3801; x_wconf 80' lang='lat' dir='ltr'>Laymann</span> <span class='ocrx_word' id='word_1_336' title='bbox 1058 3717 1100 3780; x_wconf 91' lang='lat' dir='ltr'>l.</span> <span class='ocrx_word' id='word_1_337' title='bbox 1159 3736 1209 3780; x_wconf 91' lang='lat' dir='ltr'>c.</span> <span class='ocrx_word' id='word_1_338' title='bbox 1259 3736 1381 3782; x_wconf 91' lang='lat' dir='ltr'>cor.</span> <span class='ocrx_word' id='word_1_339' title='bbox 1436 3719 1517 3791; x_wconf 87' lang='grc'>7.,</span> <span class='ocrx_word' id='word_1_340' title='bbox 1557 3737 1679 3783; x_wconf 84' lang='grc'><strong>11011</strong></span> <span class='ocrx_word' id='word_1_341' title='bbox 1726 3717 2219 3801; x_wconf 88' lang='lat' dir='ltr'>improbabiliter</span> <span class='ocrx_word' id='word_1_342' title='bbox 2277 3716 2473 3791; x_wconf 86' lang='lat' dir='ltr'>docet,</span> <span class='ocrx_word' id='word_1_343' title='bbox 2532 3719 2815 3799; x_wconf 88' lang='lat' dir='ltr'>parentes</span> <span class='ocrx_word' id='word_1_344' title='bbox 2861 3719 3136 3783; x_wconf 87' lang='lat' dir='ltr'>carnales</span> 
     </span>
     <span class='ocr_line' id='line_1_35' title="bbox 680 3818 3137 3903; baseline 0 -19"><span class='ocrx_word' id='word_1_345' title='bbox 680 3820 873 3884; x_wconf 86' lang='lat' dir='ltr'>etiam</span> <span class='ocrx_word' id='word_1_346' title='bbox 931 3819 995 3882; x_wconf 92' lang='lat' dir='ltr'>in</span> <span class='ocrx_word' id='word_1_347' title='bbox 1051 3818 1480 3901; x_wconf 86' lang='lat' dir='ltr'>spiritualibus</span> <span class='ocrx_word' id='word_1_348' title='bbox 1536 3821 1718 3884; x_wconf 87' lang='lat' dir='ltr'>rebus</span> <span class='ocrx_word' id='word_1_349' title='bbox 1774 3818 2199 3903; x_wconf 87' lang='lat' dir='ltr'>praeferendos</span> <span class='ocrx_word' id='word_1_350' title='bbox 2245 3837 2401 3894; x_wconf 80' lang='lat' dir='ltr'>esse3</span> <span class='ocrx_word' id='word_1_351' title='bbox 2451 3819 2678 3901; x_wconf 90' lang='lat' dir='ltr'>partim</span> <span class='ocrx_word' id='word_1_352' title='bbox 2725 3820 2875 3901; x_wconf 86' lang='lat' dir='ltr'>quia</span> <span class='ocrx_word' id='word_1_353' title='bbox 2919 3839 3137 3885; x_wconf 90' lang='lat' dir='ltr'>eorum</span> 
     </span>
     <span class='ocr_line' id='line_1_36' title="bbox 683 3920 3134 4004; baseline 0 -18"><span class='ocrx_word' id='word_1_354' title='bbox 683 3923 1004 3987; x_wconf 90' lang='lat' dir='ltr'>nobiscum</span> <span class='ocrx_word' id='word_1_355' title='bbox 1043 3920 1394 3985; x_wconf 89' lang='lat' dir='ltr'>coniunctio</span> <span class='ocrx_word' id='word_1_356' title='bbox 1427 3922 1614 3984; x_wconf 87' lang='lat' dir='ltr'>etiam</span> <span class='ocrx_word' id='word_1_357' title='bbox 1642 3921 1705 3983; x_wconf 91' lang='lat' dir='ltr'>in</span> <span class='ocrx_word' id='word_1_358' title='bbox 1743 3922 1840 3985; x_wconf 89' lang='lat' dir='ltr'>his</span> <span class='ocrx_word' id='word_1_359' title='bbox 1879 3920 2137 3984; x_wconf 83' lang='lat' dir='ltr'>fundata</span> <span class='ocrx_word' id='word_1_360' title='bbox 2169 3920 2281 3996; x_wconf 89' lang='lat' dir='ltr'>est,</span> <span class='ocrx_word' id='word_1_361' title='bbox 2330 3921 2557 4002; x_wconf 89' lang='lat' dir='ltr'>partim</span> <span class='ocrx_word' id='word_1_362' title='bbox 2606 3921 2753 4004; x_wconf 89' lang='lat' dir='ltr'>quia</span> <span class='ocrx_word' id='word_1_363' title='bbox 2784 3921 3134 3987; x_wconf 89' lang='lat' dir='ltr'>coniunctio</span> 
     </span>
     <span class='ocr_line' id='line_1_37' title="bbox 680 4021 3138 4107; baseline 0.001 -20"><span class='ocrx_word' id='word_1_364' title='bbox 680 4025 965 4099; x_wconf 77' lang='lat' dir='ltr'>carnaIiS‚</span> <span class='ocrx_word' id='word_1_365' title='bbox 1001 4022 1267 4086; x_wconf 87' lang='lat' dir='ltr'>aliarum</span> <span class='ocrx_word' id='word_1_366' title='bbox 1299 4022 1803 4086; x_wconf 87' lang='lat' dir='ltr'>coniunctionum</span> <span class='ocrx_word' id='word_1_367' title='bbox 1835 4021 2306 4086; x_wconf 81' lang='lat' dir='ltr'>fundamentum</span> <span class='ocrx_word' id='word_1_368' title='bbox 2338 4041 2409 4085; x_wconf 92' lang='lat' dir='ltr'>ac</span> <span class='ocrx_word' id='word_1_369' title='bbox 2439 4022 2624 4098; x_wconf 84' lang='lat' dir='ltr'>basis,</span> <span class='ocrx_word' id='word_1_370' title='bbox 2658 4025 2879 4107; x_wconf 82' lang='lat' dir='ltr'>suapte</span> <span class='ocrx_word' id='word_1_371' title='bbox 2910 4028 3138 4090; x_wconf 86' lang='lat' dir='ltr'>natura</span> 
     </span>
     <span class='ocr_line' id='line_1_38' title="bbox 681 4122 3136 4211; baseline 0.002 -22"><span class='ocrx_word' id='word_1_372' title='bbox 681 4127 849 4208; x_wconf 90' lang='lat' dir='ltr'>prior</span> <span class='ocrx_word' id='word_1_373' title='bbox 881 4146 952 4190; x_wconf 88' lang='lat' dir='ltr'>ac</span> <span class='ocrx_word' id='word_1_374' title='bbox 984 4122 1270 4190; x_wconf 79' lang='lat' dir='ltr'>stabilior</span> <span class='ocrx_word' id='word_1_375' title='bbox 1303 4125 1416 4195; x_wconf 88' lang='lat' dir='ltr'>est,</span> <span class='ocrx_word' id='word_1_376' title='bbox 1451 4123 1615 4187; x_wconf 91' lang='lat' dir='ltr'>sicut</span> <span class='ocrx_word' id='word_1_377' title='bbox 1643 4126 1857 4188; x_wconf 90' lang='lat' dir='ltr'>monet</span> <span class='ocrx_word' id='word_1_378' title='bbox 1886 4126 2140 4189; x_wconf 87' lang='lat' dir='ltr'>sanctus</span> <span class='ocrx_word' id='word_1_379' title='bbox 2171 4125 2441 4189; x_wconf 84' lang='lat' dir='ltr'>Thomas</span> <span class='ocrx_word' id='word_1_380' title='bbox 2465 4145 2524 4206; x_wconf 89' lang='lat' dir='ltr'>q.</span> <span class='ocrx_word' id='word_1_381' title='bbox 2568 4125 2671 4190; x_wconf 90' lang='grc'>26.</span> <span class='ocrx_word' id='word_1_382' title='bbox 2710 4146 2765 4191; x_wconf 90' lang='grc'>3.</span> <span class='ocrx_word' id='word_1_383' title='bbox 2801 4127 2893 4191; x_wconf 82' lang='lat'>8.:</span> <span class='ocrx_word' id='word_1_384' title='bbox 2927 4128 3136 4211; x_wconf 85' lang='lat' dir='ltr'>gratia</span> 
     </span>
    </p>
   </div>
   <div class='ocr_carea' id='block_1_3' title="bbox 674 4255 1032 4265">
    <p class='ocr_par' dir='ltr' id='par_1_7' title="bbox 674 4255 1032 4265">
     <span class='ocr_line' id='line_1_39' title="bbox 674 4255 1032 4265; baseline 0 882"><span class='ocrx_word' id='word_1_385' title='bbox 674 4255 1032 4265; x_wconf 95' lang='lat' dir='ltr'> </span> 
     </span>
    </p>
   </div>
   <div class='ocr_carea' id='block_1_4' title="bbox 678 4360 3133 4622">
    <p class='ocr_par' dir='ltr' id='par_1_8' title="bbox 678 4360 3133 4622">
     <span class='ocr_line' id='line_1_40' title="bbox 759 4360 3132 4417; baseline 0.003 -13"><span class='ocrx_word' id='word_1_386' title='bbox 759 4365 824 4413; x_wconf 80' lang='lat' dir='ltr'>(a)</span> <span class='ocrx_word' id='word_1_387' title='bbox 851 4362 988 4411; x_wconf 68' lang='lat' dir='ltr'>Qum</span> <span class='ocrx_word' id='word_1_388' title='bbox 1017 4360 1352 4404; x_wconf 77' lang='lat' dir='ltr'>consideratio</span> <span class='ocrx_word' id='word_1_389' title='bbox 1369 4361 1553 4415; x_wconf 80' lang='lat' dir='ltr'>pendet</span> <span class='ocrx_word' id='word_1_390' title='bbox 1582 4362 1737 4405; x_wconf 80' lang='lat' dir='ltr'>etiam</span> <span class='ocrx_word' id='word_1_391' title='bbox 1757 4374 1819 4405; x_wconf 80' lang='lat' dir='ltr'>ex</span> <span class='ocrx_word' id='word_1_392' title='bbox 1838 4362 2058 4417; x_wconf 71' lang='lat' dir='ltr'>quadam</span> <span class='ocrx_word' id='word_1_393' title='bbox 2086 4364 2413 4416; x_wconf 71' lang='lat' dir='ltr'>systematioa</span> <span class='ocrx_word' id='word_1_394' title='bbox 2430 4366 2629 4407; x_wconf 77' lang='lat' dir='ltr'>ratione</span> <span class='ocrx_word' id='word_1_395' title='bbox 2654 4375 2737 4406; x_wconf 74' lang='lat' dir='ltr'>res</span> <span class='ocrx_word' id='word_1_396' title='bbox 2765 4365 3132 4410; x_wconf 74' lang='lat' dir='ltr'>considerandi.</span> 
     </span>
     <span class='ocr_line' id='line_1_41' title="bbox 679 4430 3133 4490; baseline 0.002 -15"><span class='ocrx_word' id='word_1_397' title='bbox 679 4433 935 4481; x_wconf 77' lang='lat' dir='ltr'>Ceterum,</span> <span class='ocrx_word' id='word_1_398' title='bbox 955 4431 1014 4482; x_wconf 88' lang='lat' dir='ltr'>si,</span> <span class='ocrx_word' id='word_1_399' title='bbox 1034 4430 1166 4485; x_wconf 81' lang='lat' dir='ltr'>quod</span> <span class='ocrx_word' id='word_1_400' title='bbox 1188 4438 1403 4486; x_wconf 84' lang='lat' dir='ltr'>uterque</span> <span class='ocrx_word' id='word_1_401' title='bbox 1423 4444 1606 4485; x_wconf 75' lang='lat' dir='ltr'>parens</span> <span class='ocrx_word' id='word_1_402' title='bbox 1625 4431 1837 4486; x_wconf 82' lang='lat' dir='ltr'>confert,</span> <span class='ocrx_word' id='word_1_403' title='bbox 1855 4436 2126 4486; x_wconf 79' lang='lat' dir='ltr'>spectetur,</span> <span class='ocrx_word' id='word_1_404' title='bbox 2147 4436 2348 4478; x_wconf 75' lang='lat' dir='ltr'>constat</span> <span class='ocrx_word' id='word_1_405' title='bbox 2364 4435 2479 4489; x_wconf 77' lang='lat' dir='ltr'>plns</span> <span class='ocrx_word' id='word_1_406' title='bbox 2496 4434 2724 4478; x_wconf 70' lang='lat' dir='ltr'>conferre</span> <span class='ocrx_word' id='word_1_407' title='bbox 2742 4438 2961 4479; x_wconf 70' lang='lat' dir='ltr'>matrem</span> <span class='ocrx_word' id='word_1_408' title='bbox 2977 4446 3133 4490; x_wconf 72' lang='lat' dir='ltr'>quun</span> 
     </span>
     <span class='ocr_line' id='line_1_42' title="bbox 683 4497 3133 4556; baseline 0.002 -15"><span class='ocrx_word' id='word_1_409' title='bbox 683 4503 881 4553; x_wconf 71' lang='lat' dir='ltr'>patrem</span> <span class='ocrx_word' id='word_1_410' title='bbox 900 4502 953 4541; x_wconf 83' lang='lat' dir='ltr'>et</span> <span class='ocrx_word' id='word_1_411' title='bbox 973 4497 1114 4540; x_wconf 84' lang='lat' dir='ltr'>illius</span> <span class='ocrx_word' id='word_1_412' title='bbox 1135 4499 1353 4543; x_wconf 70' lang='lat' dir='ltr'>maxime</span> <span class='ocrx_word' id='word_1_413' title='bbox 1372 4499 1612 4553; x_wconf 77' lang='lat' dir='ltr'>impensis</span> <span class='ocrx_word' id='word_1_414' title='bbox 1629 4499 1821 4543; x_wconf 81' lang='lat' dir='ltr'>foetum</span> <span class='ocrx_word' id='word_1_415' title='bbox 1841 4500 2109 4553; x_wconf 78' lang='lat' dir='ltr'>efformari,</span> <span class='ocrx_word' id='word_1_416' title='bbox 2132 4504 2206 4554; x_wconf 83' lang='lat' dir='ltr'>ut,</span> <span class='ocrx_word' id='word_1_417' title='bbox 2225 4501 2431 4545; x_wconf 76' lang='lat' dir='ltr'>absente</span> <span class='ocrx_word' id='word_1_418' title='bbox 2459 4501 2613 4544; x_wconf 78' lang='lat' dir='ltr'>etiam</span> <span class='ocrx_word' id='word_1_419' title='bbox 2642 4503 2841 4545; x_wconf 77' lang='lat' dir='ltr'>actione</span> <span class='ocrx_word' id='word_1_420' title='bbox 2872 4503 2986 4556; x_wconf 77' lang='lat' dir='ltr'>viri,</span> <span class='ocrx_word' id='word_1_421' title='bbox 3010 4512 3133 4545; x_wconf 69' lang='lat' dir='ltr'>ver·</span> 
     </span>
     <span class='ocr_line' id='line_1_43' title="bbox 678 4565 1903 4622; baseline 0 -12"><span class='ocrx_word' id='word_1_422' title='bbox 678 4565 880 4610; x_wconf 67' lang='lat' dir='ltr'>auctrix</span> <span class='ocrx_word' id='word_1_423' title='bbox 908 4565 1065 4619; x_wconf 72' lang='lat' dir='ltr'>prolis</span> <span class='ocrx_word' id='word_1_424' title='bbox 1092 4566 1199 4620; x_wconf 79' lang='lat' dir='ltr'>ipsa</span> <span class='ocrx_word' id='word_1_425' title='bbox 1227 4567 1328 4609; x_wconf 82' lang='lat' dir='ltr'>dici</span> <span class='ocrx_word' id='word_1_426' title='bbox 1354 4567 1511 4622; x_wconf 75' lang='lat' dir='ltr'>possit</span> <span class='ocrx_word' id='word_1_427' title='bbox 1537 4570 1590 4611; x_wconf 80' lang='lat' dir='ltr'>et</span> <span class='ocrx_word' id='word_1_428' title='bbox 1617 4566 1813 4612; x_wconf 76' lang='lat' dir='ltr'>debeat.</span> <span class='ocrx_word' id='word_1_429' title='bbox 1844 4567 1903 4611; x_wconf 89' lang='lat' dir='ltr'>E.</span> 
     </span>
    </p>
   </div>
  </div>
 </body>
</html>
