3497 5147
337 356 484 433 [456]
1021 373 1275 418 3111611111
1313 375 1479 417 nnus
1516 375 1717 417 1>1vm1
1755 376 1832 416 m·
1871 376 2115 417 nnMAm
2690 363 2800 418 343

340 489 453 534 seu
486 469 561 533 de
591 469 703 536 illo
751 472 1148 555 postmodum
1187 472 1266 536 ad
1307 473 1697 537 voluntatem
1742 472 2166 538 intercessoris
2211 472 2401 537 fuerit
2436 475 2808 558 dispositum

341 571 921 655 quandocumque...
950 600 1011 638 ».
1045 575 1299 653 Tamen,
1333 595 1476 640 cum
1522 576 1673 640 haec
1710 578 2025 660 ponantur
2069 577 2234 641 inter
2271 578 2654 643 coniecturas
2703 597 2808 642 seu

339 675 737 759 probationes
759 675 1190 757 confidentiae,
1212 678 1567 742 nullatenus
1594 697 1737 744 vero
1763 681 2198 743 recenseantur
2227 679 2390 744 inter
2412 679 2639 744 crimen
2675 699 2813 744 con-

340 777 649 856 fidentiae,
684 797 899 844 sensus
924 779 1170 845 videtur
1201 800 1351 859 esse,
1385 781 1535 845 11366
1571 782 1821 846 1311111111
1846 801 1976 846 6336
2000 781 2247 859 111(11613,
2277 782 2442 864 quod
2476 782 2810 847 concedens

339 879 707 945 beneficium
737 881 1153 947 conditionem
1200 883 1578 967 apposuerit,
1612 885 1686 948 ut
1722 884 2112 949 intercessori
2149 884 2524 948 concedatur
2575 883 2810 966 aliquid

340 1002 413 1047 ex
443 982 722 1047 beneficii
751 982 1074 1048 fructibus.
1110 984 1182 1048 In
1215 1004 1336 1067 quo
1369 1005 1516 1050 33116
1554 986 1704 1051 haec
1751 986 2016 1051 simonia
2054 988 2404 1051 haberetur.
2444 986 2661 1069 Neque
2711 986 2811 1049 1116

342 1103 524 1149 633113
570 1084 1032 1150 confundendus
1078 1105 1219 1151 cum
1268 1106 1359 1164 eo,
1394 1088 1466 1151 de
1499 1107 1621 1170 quo
1661 1088 1981 1153 Navarrus
2015 1089 2202 1153 Man.
2244 1109 2375 1173 cap.
2420 1090 2526 1153 23.
2560 1110 2620 1153 11.
2661 1090 2807 1152 110.

349 1213 385 1244 «
417 1186 591 1251 Adde
622 1206 779 1252 nove
810 1188 1153 1263 undecim0‚
1188 1191 1348 1272 quod
1384 1190 1689 1256 mediator
1719 1191 2124 1257 confidentiae
2162 1192 2396 1256 vetitae
2435 1211 2470 1256 a
2510 1191 2809 1276 praefatis

342 1291 473 1354 Piis
504 1290 641 1374 ipso
674 1290 839 1357 sacto
872 1292 968 1356 est
990 1293 1555 1358 excommunicatus
1579 1320 1641 1355 ».
1666 1294 1831 1359 Nam
1863 1295 2107 1359 subdit:
2149 1320 2184 1353 «
2209 1293 2370 1375 Quia
2395 1313 2501 1378 per
2528 1293 2809 1377 praefata

344 1392 545 1456 omnis
577 1393 966 1471 confidentia,
1001 1394 1074 1459 de
1112 1415 1236 1477 qua
1266 1395 1386 1478 ipsi
1419 1398 1636 1479 agunt,
1672 1397 1769 1461 est
1800 1396 2065 1462 simonia
2098 1396 2471 1461 beneficialis
2505 1399 2568 1460 et
2608 1395 2810 1461 omnis

342 1494 652 1559 mediator
674 1495 973 1560 simoniae
995 1496 1060 1560 in
1086 1497 1377 1562 beneficio
1403 1498 1498 1562 vel
1534 1498 1742 1563 ordine
1769 1500 1864 1562 est
1888 1499 2456 1563 excommunicatus
2482 1497 2616 1580 ipso
2644 1497 2811 1561 facto

342 1617 451 1680 per
481 1597 732 1661 Extrav.
768 1599 828 1660 2.
864 1597 937 1661 de
970 1596 1255 1662 Simonia.
1290 1625 1351 1662 ».
1390 1600 1499 1664 Est
1536 1619 1682 1685 ergo
1721 1602 2045 1684 peccatum
2093 1600 2393 1664 simoniae
2439 1599 2810 1671 communie,

342 1719 469 1765 non
502 1701 715 1764 autem
745 1700 1213 1765 confidentialiS.
1242 1701 1418 1767 Unde
1442 1703 1664 1766 merito
1697 1701 1925 1766 Suarez
1951 1702 2024 1764 de
2052 1701 2286 1765 Simon.
2320 1720 2452 1783 cap.
2481 1701 2586 1764 43.
2614 1720 2673 1763 n.
2708 1699 2810 1762 16.

345 1801 637 1879 advertit,
662 1802 822 1866 hanc
843 1804 1539 1869 excommunicationem
1566 1825 1601 1868 a
1625 1804 1966 1868 mediatore
1991 1822 2114 1867 non
2137 1803 2386 1880 incurri,
2413 1803 2534 1867 nisi
2559 1804 2813 1885 pactum

349 1904 755 1969 simoniacum
786 1905 870 1969 sit
898 1906 1194 1986 utrinque
1226 1905 1564 1986 impletum.
1600 1907 1682 1969 Et
1711 1906 1915 1989 reipsa
1939 1907 2038 1969 hic
2062 1907 2157 1970 est
2188 1924 2388 1982 casus,
2424 1904 2497 1969 de
2523 1922 2646 1986 quo
2680 1903 2815 1967 heic

346 2006 542 2090 paulo
590 2007 730 2070 ante
759 2007 997 2071 dictum
1027 2007 1141 2072 est.

446 2111 529 2175 Et
573 2111 784 2176 eodem
829 2113 966 2176 loco
1014 2112 1297 2176 habenda
1345 2113 1493 2177 sunt
1542 2113 1686 2190 alia,
1737 2133 1896 2196 quae
1943 2113 2105 2177 idem
2153 2113 2470 2179 Thesauro
2529 2112 2676 2177 ibid.
2728 2111 2816 2175 316

345 2214 556 2280 addit:
605 2239 640 2274 ‹
672 2216 834 2279 Item
880 2216 931 2279 si
968 2216 1341 2292 convenerit,
1375 2216 1450 2279 ut
1494 2216 1814 2300 resignans
1861 2216 1991 2300 ipse
2038 2215 2230 2279 faciat
2277 2234 2570 2298 expensas
2615 2213 2816 2298 provi-

344 2317 537 2381 sionis
562 2316 874 2394 beneficii;
901 2337 972 2382 ex
995 2318 1112 2382 hoc
1136 2317 1298 2382 enim
1329 2318 1748 2401 praesumitur
1772 2316 2207 2383 confidentia...
2230 2339 2244 2380 :
2272 2318 2422 2382 item
2456 2318 2508 2382 si
2547 2316 2661 2382 resi
2669 2335 2818 2402 gna-

344 2419 676 2504 gnatarius
701 2439 772 2483 ex
796 2421 977 2503 pacto
1002 2420 1230 2485 faceret
1252 2439 1546 2504 expensas
1569 2439 1679 2504 pro
1703 2419 1932 2484 litteris
1957 2419 2267 2504 pensionis
2290 2419 2728 2504 resignantis...
2749 2443 2783 2476 »
2799 2467 2813 2482 .

345 2521 469 2602 Qui
498 2521 803 2588 secundus
834 2541 1018 2588 633113
1049 2542 1191 2587 611111
1224 2542 1433 2590 veram
1458 2523 1789 2588 simoniam
1814 2523 2152 2597 contineat,
2180 2522 2326 2605 quia
2353 2541 2423 2587 ex
2441 2525 2623 2607 pacto
2659 2540 2815 2587 onus

342 2626 761 2710 resignatario
786 2626 1147 2709 imponitur,
1176 2628 1300 2691 iam
1330 2626 1585 2705 indicat,
1610 2627 1775 2691 male
1799 2627 2189 2691 Thesaurum
2219 2625 2354 2690 heic
2387 2626 2815 2710 permiscuisse

345 2748 441 2806 ea,
476 2748 635 2811 quae
666 2748 833 2794 mere
863 2731 1012 2794 sunt
1043 2729 1576 2813 praesumptiones
1608 2731 1671 2793 et
1707 2731 2116 2807 coniecturae,
2157 2749 2300 2793 eum
2334 2749 2478 2795 vero
2519 2730 2818 2794 simoniae

344 2832 780 2898 confidentalis
810 2832 1086 2897 crimine.

440 2930 617 3007 456.
653 2937 746 3001 De
777 2934 1051 3000 Simonia
1088 2935 1248 2999 iuris
1271 2933 1474 2998 divini
1504 2940 1565 2999 et
1592 2935 1757 2999 iuris
1779 2934 2057 2999 humani.
2093 2936 2271 3015 Quod
2304 2936 2532 3000 dicitur
2556 2934 2820 2999 simonia
2894 2960 2900 2965 ·

347 3039 658 3123 quaedam
683 3039 818 3102 iure
842 3037 1053 3102 divino
1076 3038 1425 3116 interdicta,
1452 3038 1515 3102 id
1539 3038 2014 3123 intelligendum
2031 3038 2104 3103 de
2122 3040 2254 3104 iure
2279 3038 2490 3102 divino
2513 3034 2819 3109 natarali,

342 3160 473 3208 non
521 3144 736 3205 autem
773 3141 847 3205 de
892 3140 1104 3204 divino
1128 3141 1434 3220 positiv0,·
1472 3161 1618 3205 nam
1664 3140 1829 3223 quod
1877 3160 1948 3205 ex
1994 3140 2337 3226 Evangelio
2377 3140 2576 3223 promi
2615 3139 2822 3222 potest

341 3244 611 3326 (Matth.
645 3244 724 3307 X.
762 3245 873 3327 8.),
907 3244 1114 3326 qratia
1147 3244 1492 3323 accepistis,
1524 3244 1731 3325 qratia
1767 3242 1930 3316 date,
1965 3243 2062 3307 est
2092 3243 2488 3326 praeceptum
2517 3260 2636 3305 non
2665 3240 2825 3323 posi·

344 3347 559 3412 tivum
590 3347 862 3421 tantum,
902 3346 1002 3411 sed
1038 3366 1109 3411 ex
1140 3347 1368 3410 natura
1404 3346 1491 3409 rei
1530 3348 1594 3410 et
1625 3343 1925 3410 materiae
1969 3345 2420 3409 necessarium:
2467 3343 2541 3407 cf.
2594 3343 2819 3407 Suarez

346 3450 426 3515 de
470 3449 707 3515 Simon.
741 3469 873 3532 cap.
910 3453 970 3513 2.
1004 3470 1063 3514 n.
1102 3450 1205 3514 15.
1240 3447 1619 3531 Schmalzgr.
1653 3469 1711 3512 n.
1750 3450 1887 3511 20.:
1929 3472 1963 3506 «
1995 3446 2259 3511 Nomine
2299 3447 2452 3510 iuris
2501 3446 2693 3509 divini
2731 3446 2820 3508 in-

344 3552 668 3637 telligitur
695 3553 794 3617 ius
825 3553 1136 3618 mentibus
1168 3549 1398 3616 nostris
1432 3570 1467 3615 a
1502 3552 1631 3614 Deo
1663 3550 1924 3613 insitum
1961 3569 2070 3614 seu
2109 3548 2394 3613 naturale
2420 3573 2480 3611 ».
2519 3548 2817 3611 Rationes

349 3656 568 3719 autem
601 3655 749 3718 sunt
779 3674 850 3718 ex
881 3673 929 3718 3.
964 3654 1224 3730 Τ1161113,
1252 3652 1415 3735 quod
1445 3651 1512 3716 1⁰
1544 3650 1817 3716 venditio
1849 3651 1934 3716 sit
1965 3653 2180 3715 contra
2206 3650 2577 3733 dignitatem
2602 3648 2691 3712 rei
2723 3667 2817 3712 sa-

347 3776 494 3821 crae
540 3756 606 3820 et
644 3758 712 3819 2ο
743 3757 960 3820 contra
996 3755 1200 3833 finem,
1234 3756 1487 3838 propter
1516 3774 1698 3837 quem
1738 3754 1906 3817 Deus
1953 3753 2123 3817 dedit
2169 3771 2291 3829 eas,
2326 3753 2388 3816 in
2427 3770 2815 3816 communem

352 3877 574 3941 nempe
621 3857 964 3922 utilitatem
1011 3858 1074 3921 et
1106 3858 1176 3921 3⁰
1207 3856 1371 3940 quod
1419 3856 1723 3921 vendatur
1768 3856 1851 3933 id,
1892 3856 2069 3920 cuius
2108 3855 2370 3938 quisque
2415 3874 2538 3920 non
2577 3856 2670 3918 est
2717 3854 2823 3917 do-

347 3964 565 4029 minus
597 3964 713 4028 etc.
747 3961 888 4026 Vid.
924 3962 1100 4028 Suar.
1132 3963 1175 4026 l.
1212 3982 1263 4026 c.

444 4066 628 4146 Quod
658 4065 841 4130 detur
871 4065 1137 4129 simonia
1159 4064 1313 4129 iuris
1338 4084 1503 4129 mere
1527 4066 1805 4143 humani,
1841 4066 1937 4130 est
1968 4063 2248 4128 doctrina
2281 4062 2626 4128 communis
2660 4062 2824 4125 inter

348 4171 707 4254 theologos,
742 4186 886 4246 uno,
920 4169 994 4232 ut
1025 4168 1231 4250 inquit
1262 4167 1488 4232 Suarez
1513 4187 1645 4251 cap.
1683 4170 1743 4231 2.
1780 4189 1840 4232 n.
1881 4168 1959 4247 7.,
2003 4169 2115 4231 aut
2148 4166 2271 4231 alio
2298 4166 2568 4248 except0.
2609 4163 2824 4228 Ratio·

350 4294 498 4340 nem
529 4272 740 4338 innuit
770 4272 959 4335 etiam
985 4289 1033 4335 s.
1072 4270 1258 4353 Alph.
1291 4270 1400 4334 lib.
1435 4272 1495 4333 3.
1530 4293 1587 4335 n.
1617 4272 1761 4347 69.;
1789 4271 1937 4353 quia
1962 4270 2234 4334 Ecclesia
2267 4270 2474 4351 potest
2506 4267 2826 4350 quidpiam

356 4376 708 4462 praecipere
740 4376 851 4439 3111
896 4372 1215 4457 prohibere
1260 4372 1324 4435 in
1372 4372 1583 4437 ordine
1621 4374 1697 4437 ad
1735 4373 2097 4455 quampiam
2130 4372 2427 4435 virtutem
2467 4370 2530 4433 et
2575 4369 2663 4432 316
2700 4369 2827 4432 effi-

355 4500 512 4558 cere,
547 4479 622 4544 ut
650 4478 738 4543 sit
767 4476 1030 4541 materia
1068 4476 1237 4539 illius
1276 4475 1530 4539 virtutis
1564 4477 1677 4538 aut
1708 4476 1876 4552 vitii3
1913 4476 1999 4539 sic
2036 4494 2095 4538 v.
2131 4493 2224 4557 gr.
2261 4474 2466 4555 potest
2498 4471 2820 4545 ieiunium,

357 4581 523 4665 quod
562 4601 669 4666 per
701 4598 767 4644 se
812 4577 1081 4662 pertinet
1113 4576 1192 4641 ad
1238 4576 1700 4653 abstinentiam,
1735 4578 2018 4641 ordinare
2058 4575 2133 4639 ad
2167 4575 2282 4638 Dei
2312 4573 2608 4638 honorem
2643 4573 2706 4634 et
2738 4570 2826 4632 316
