3497 5147
346 372 526 441 [1120]
604 384 758 433 Qum
786 387 1186 435 Rmumxrun
1212 388 1297 428 An
1328 386 1621 429 mmmmm
1646 384 2161 428 monueram-mum
2188 386 2358 427 com..
2385 388 2553 429 vase.
2698 375 2807 433 837

345 483 725 548 sufficienter
756 484 1105 549 nutriverit.
1142 485 1297 559 Imo,
1327 483 1498 549 addit
1528 502 1577 546 s.
1612 481 1967 565 Alphonsus
1999 502 2057 546 n.
2088 483 2311 546 1020.:
2345 508 2380 541 «
2405 484 2596 549 etiam
2626 504 2794 563 casu,

342 604 467 667 quo
515 604 638 650 non
686 586 978 650 habuerit
1024 586 1197 650 illam
1244 585 1669 659 intentionem,
1720 584 1773 648 si
1820 584 1958 666 quis
2007 586 2214 649 tamen
2264 586 2340 649 ob
2386 584 2802 670 interruptum

348 686 679 770 prandium
726 706 850 752 non
898 689 1108 771 posset
1156 687 1419 752 tolerare
1466 685 1764 749 ieiunium
1813 685 1942 749 sine
1987 687 2165 770 gravi
2200 687 2610 765 incommodo,
2649 690 2802 772 puto

339 808 517 872 posse
541 790 771 867 redire3
795 789 942 871 quia
960 790 1232 854 Ecclesia
1254 807 1573 870 nunquam
1597 787 1863 863 intendit
1879 787 2154 872 obligare
2179 787 2255 852 ad
2272 788 2433 853 diem
2466 790 2806 875 transigen-

340 891 490 956 dum
521 892 652 957 sine
682 891 1016 957 sufficienti
1053 891 1379 957 refectione
1410 915 1472 954 ».

427 994 492 1059 Si
539 1014 683 1061 vero
732 995 907 1059 nulla
945 995 1029 1059 sit
1060 1013 1267 1073 (331133,
1305 993 1558 1076 quidam
1596 993 1785 1057 horae
1823 991 2231 1075 quadrantem
2261 994 2359 1057 vel
2392 995 2801 1076 quadrantem

339 1119 483 1164 cum
545 1098 820 1177 dimidie,
870 1098 1124 1181 quidam
1179 1098 1375 1162 etiam
1439 1096 1811 1161 semihoram
1873 1098 2102 1179 putant
2162 1115 2281 1161 non
2335 1097 2799 1182 interrumpere,

340 1200 587 1265 etiamsi
635 1201 971 1265 decreveris
1020 1219 1139 1264 non
1178 1199 1445 1281 amplius
1477 1197 1820 1262 comedere:
1855 1198 1960 1261 sed
2007 1198 2156 1261 haec
2193 1199 2593 1284 intelligenda
2630 1202 2798 1279 sunt,

340 1302 393 1367 si
424 1302 718 1385 spectatis
752 1302 1060 1367 adiunctis
1085 1302 1182 1366 vel
1219 1302 1487 1367 aliorum
1523 1300 1925 1364 convivarum
1950 1300 2046 1363 vel
2070 1300 2190 1365 loci
2215 1303 2352 1380 etc„
2380 1302 2589 1385 aliquo
2615 1303 2798 1369 modo

337 1405 666 1489 prandium
696 1405 1003 1489 perduret.
1044 1403 1111 1470 Si
1141 1424 1287 1470 vero
1327 1403 1466 1486 quis
1500 1422 1535 1466 a
1568 1421 1778 1467 mensa
1818 1403 2083 1467 surrexit
2113 1423 2252 1468 cum
2281 1404 2485 1470 animo
2519 1426 2641 1472 non
2674 1426 2800 1472 am-

335 1507 498 1590 plius
529 1507 903 1586 comedendi,
939 1508 1163 1572 merito
1212 1506 1527 1589 probabile
1578 1505 1691 1581 est,
1733 1523 1912 1587 posse
1942 1506 2334 1583 manducare,
2368 1509 2421 1571 si
2453 1509 2652 1573 adhuc
2686 1510 2797 1575 alii

335 1612 630 1677 convivae
662 1611 1058 1689 manducent,
1093 1611 1193 1676 vel
1224 1611 1277 1675 si
1310 1609 1660 1693 apponatur
1691 1608 1861 1672 aliud
1897 1607 2219 1688 ferculum,
2255 1610 2418 1691 quod
2450 1614 2588 1694 quis
2619 1614 2797 1698 igno-

335 1715 518 1778 rabat
548 1733 677 1779 esse
713 1712 1179 1797 apponendum3
1213 1712 1360 1795 quia
1391 1710 1712 1775 moraliter
1748 1710 2076 1792 prandium
2107 1711 2329 1776 durare
2359 1716 2659 1779 censetur.

424 1816 630 1880 Multo
669 1835 812 1880 vero
861 1816 1084 1899 magis,
1118 1816 1171 1879 si
1204 1815 1343 1897 quis
1390 1812 1467 1877 ad
1507 1811 1697 1876 alium
1729 1812 1938 1877 locum
1968 1812 2258 1890 divertat,
2291 1816 2365 1879 ut
2402 1813 2639 1899 reliqua
2671 1819 2796 1884 alia

338 1917 601 2001 accipiat
632 1938 690 1982 v,
725 1938 819 2003 gr.
855 1918 933 1982 ad
969 1918 1279 1983 officinam
1312 1915 1541 1979 dictam
1583 1912 1777 1993 Cast),
2685 1942 2693 1949 -

428 2021 766 2085 Prandium
797 2020 1081 2104 protrahi
1119 2038 1295 2103 posse
1342 2037 1465 2082 non
1511 2017 1880 2082 contradicit
1924 2037 2032 2101 per
2068 2037 2131 2083 se
2163 2020 2379 2085 unicae
2411 2022 2792 2087 comestioni.

336 2122 599 2201 Quidam
648 2123 723 2186 ad
773 2123 929 2187 duas
977 2123 1164 2186 horas
1228 2120 1599 2204 permittunt
1653 2121 1716 2182 et
1774 2120 2090 2202 probabile
2147 2121 2297 2186 dicit
2342 2142 2390 2186 s.
2438 2123 2793 2206 Alphonsus

336 2245 395 2288 n.
428 2225 617 2289 1020.
643 2224 855 2301 Addit,
886 2225 1062 2289 Elbel
1093 2224 1157 2288 et
1180 2223 1389 2288 Gobat
1411 2221 1735 2286 concedere
1760 2222 1983 2286 saltem
2009 2223 2355 2299 Germania,
2379 2225 2555 2290 iuxta
2579 2244 2792 2290 eorum

333 2347 570 2392 morem
602 2329 727 2392 tres
777 2329 889 2392 aut
935 2329 1205 2409 quatuor
1249 2326 1469 2402 horas;
1519 2344 1675 2406 quae
1718 2324 2097 2390 consuetudo
2133 2345 2210 2388 an
2242 2327 2503 2409 probata
2535 2328 2638 2404 sit,
2672 2347 2794 2394 me·

332 2430 454 2494 rito
502 2429 751 2495 dubitat
801 2428 1005 2506 010111,
1054 2429 1174 2493 11131
1220 2430 1364 2512 post
1416 2428 1570 2491 duas
1616 2427 1859 2492 circiter
1906 2427 2090 2492 horas
2137 2428 2340 2493 solum
2401 2432 2793 2513 apponantur

333 2532 590 2599 bellaria
636 2532 877 2616 cibique
927 2532 1209 2608 leviores,
1245 2531 1511 2596 maxime
1558 2530 1610 2595 si
1657 2548 1905 2614 vespere
1954 2530 2285 2596 omittatur
2329 2531 2788 2600 refectiuncula.

338 2660 374 2694 «
407 2636 560 2711 Hoc,
594 2636 800 2717 inquit
836 2654 885 2699 3.
921 2635 1296 2718 AlphonsuS,
1331 2653 1440 2697 nec
1472 2633 1742 2716 approbo
1776 2652 1884 2697 nec
1915 2634 2171 2716 reprobo
2204 2659 2266 2697 ».

426 2732 614 2806 112⁰.
651 2736 827 2816 Quod
860 2736 1089 2801 dicitur
1119 2737 1302 2801 licere
1342 2755 1584 2801 sumere
1611 2735 1846 2817 aliquid
1881 2737 2054 2800 toties
2078 2738 2334 2817 quoties,
2366 2757 2441 2801 ne
2473 2740 2656 2821 potus
2679 2757 2790 2803 no-

335 2841 490 2918 ceat,
517 2838 989 2924 intelligendum
1022 2839 1136 2911 est,
1172 2858 1247 2903 ne
1284 2838 1398 2903 fiat
1444 2838 1811 2920 frequenter,
1846 2841 1991 2920 quia
2024 2842 2173 2904 tunc
2208 2839 2382 2904 fieret
2415 2841 2477 2905 in
2509 2841 2788 2907 fraudem

329 2940 563 3006 ieiunii.
598 2941 739 3005 Vid.
779 2940 989 3026 Ligor.
1021 2961 1081 3005 n.
1122 2942 1312 3004 1018.

416 3044 771 3108 Electuaria
810 3043 1029 3129 (vulgo
1068 3045 1384 3127 conserve)
1417 3043 1632 3109 confici
1679 3044 1879 3107 solent
1925 3061 1995 3106 ex
2043 3045 2352 3122 saccharo,
2388 3045 2586 3123 cedro,
2626 3047 2788 3111 iuni-

327 3167 472 3230 pero
506 3150 651 3213 ete.:
684 3149 849 3212 inter
884 3148 1036 3212 haec
1088 3166 1210 3212 non
1259 3147 1408 3212 sunt
1448 3145 1623 3226 Caffe
1654 3152 1713 3210 et
1748 3145 1896 3225 The,
1931 3165 2089 3228 quae
2137 3146 2212 3209 ad
2257 3148 2509 3212 libitum
2541 3150 2790 3233 permit-

334 3252 572 3316 tuntur.
611 3251 821 3336 Ligor.
855 3272 915 3315 n.
958 3251 1148 3314 1019.
1185 3250 1257 3314 de
1289 3249 1677 3315 Electuariis.

417 3353 478 3416 S.
526 3355 747 3418 Thom.
784 3356 845 3416 2.
881 3355 942 3416 2.
976 3371 1034 3432 q.
1078 3352 1224 3414 147.
1275 3353 1392 3414 art.
1429 3352 1489 3415 6.
1541 3351 1617 3415 3(1
1665 3352 1756 3414 3.;
1816 3377 1850 3409 «
1885 3350 2236 3415 Electuaria
2284 3351 2529 3415 etiamsi
2575 3352 2785 3434 aliquo

328 3454 513 3517 modo
560 3455 863 3525 nutriant,
896 3470 1018 3515 non
1052 3451 1475 3533 principaliter
1522 3455 1927 3516 assumuntur
1959 3453 2034 3515 ad
2064 3442 2535 3530 nutrimentum,
2572 3452 2676 3517 sed
2709 3455 2786 3518 ad

330 3553 740 3638 digestionem
786 3555 1094 3619 ciborum:
1130 3553 1290 3616 unde
1337 3572 1457 3617 non
1508 3554 1761 3618 solvunt
1805 3554 2125 3628 ieiunium,
2167 3553 2328 3617 sicut
2366 3573 2475 3618 nec
2522 3555 2786 3619 aliarum

336 3656 779 3722 medicinarum
828 3655 1205 3739 assumpti03
1255 3656 1375 3720 nisi
1423 3655 1579 3720 forte
1628 3656 1852 3737 aliquis
1899 3657 1960 3719 in
2009 3655 2287 3720 fraudem
2343 3656 2676 3722 electuaria
2721 3659 2786 3722 in

326 3779 557 3843 magna
604 3760 955 3841 quantitate
1003 3760 1283 3824 assumat
1325 3778 1433 3841 per
1478 3758 1734 3822 modum
1779 3757 1899 3821 cibi
1931 3783 1992 3821 ».

418 3861 855 3944 Disputarunt,
908 3881 987 3925 an
1046 3862 1180 3925 sola
1234 3860 1662 3925 delectationis
1717 3879 1905 3924 (331133
1965 3861 2116 3923 11330
2174 3861 2429 3925 licerent
2483 3861 2545 3924 in
2594 3882 2786 3947 parva

326 3965 699 4048 quantitate.
720 3963 780 4028 S.
800 3964 1173 4046 Alphonsus,
1191 3984 1251 4027 n.
1276 3964 1467 4028 1019.
1494 3963 1556 4026 id
1580 3963 1788 4048 negat,
1815 3963 1964 4045 quin
1989 3965 2196 4027 tamen
2223 3962 2509 4042 affirmet,
2536 3966 2783 4048 culpam

328 4087 458 4132 esse
504 4085 778 4152 gravem.
815 4064 1036 4131 Subdit
1072 4085 1251 4130 vero:
1308 4090 1343 4124 «
1378 4066 1473 4130 Ad
1513 4065 1926 4129 excusandum
1972 4064 2205 4130 suffieit
2242 4066 2553 4149 quaelibet
2597 4067 2786 4132 ratio·

325 4170 551 4236 nabilis
599 4190 805 4248 causa,
839 4169 986 4234 licet
1024 4188 1145 4233 non
1184 4171 1315 4233 tam
1354 4169 1584 4254 gravis,
1618 4170 1772 4253 puta
1812 4168 1888 4232 ad
1926 4168 2332 4253 digestionem
2372 4169 2671 4248 ciborum,
2707 4169 2784 4234 ad

324 4274 799 4340 confortandum
847 4272 1260 4350 stomachum,
1301 4273 1378 4336 ad
1409 4271 1753 4336 tollendum
1784 4271 2082 4336 foetorem
2122 4271 2265 4348 0113,
2302 4272 2376 4334 3(1
2425 4291 2785 4337 conservan-

325 4378 467 4443 dam
508 4398 719 4444 vocem
753 4380 816 4444 et
852 4376 1082 4442 similia
1113 4399 1174 4438 ».

415 4481 515 4546 Sic
547 4481 969 4565 probabiliter,
1005 4478 1210 4562 pergit
1241 4497 1288 4542 s.
1323 4477 1643 4560 Alphons.,
1671 4477 2061 4553 excusantur,
2096 4477 2198 4558 qui
2236 4475 2469 4558 aliquid
2501 4478 2776 4555 sumunt,

324 4604 399 4649 ne
439 4586 597 4651 vires
645 4584 951 4662 deficiant,
992 4582 1236 4666 quando
1276 4580 1603 4665 prandium
1636 4578 1874 4642 differre
1905 4580 2127 4643 debent
2163 4580 2331 4643 ultra
2369 4578 2584 4644 horam
2620 4598 2780 4644 com-
