3497 5147
387 330 532 406 [742]
1145 350 1345 392 omma
1385 352 1496 392 nm
1532 353 1719 394 mero
1756 355 2091 395 Paomnrra
2743 339 2850 394 553

384 443 492 508 lib.
530 447 589 508 2.
626 445 728 510 tit.
763 447 823 510 9.
861 467 918 510 n.
957 447 1061 510 24.
1088 449 1238 512 tunc
1268 449 1561 513 illicitum
1600 470 1730 515 esse
1760 452 2202 526 iuramentum,
2237 448 2402 531 quod
2434 447 2684 511 additur
2714 467 2851 513 con-

386 549 618 613 tractui
644 549 740 614 vel
773 549 942 613 actui
974 550 1083 632 qui
1112 570 1183 614 ea
1221 551 1317 616 die
1351 553 1628 630 vetatur:
1670 557 1885 619 contra
1915 555 2161 618 licitum
2199 570 2328 616 esse
2361 549 2606 633 quando
2639 550 2848 615 licitus

383 653 477 715 est
515 653 713 730 actuS,
751 653 854 717 cui
886 653 1267 738 adiungitur,
1304 676 1361 719 v.
1388 676 1483 741 gr.
1517 656 1579 720 in
1613 657 1901 722 Doctoris
1932 654 2431 741 inauguratione.
2459 652 2623 717 Nam
2655 672 2849 718 acces-

380 753 613 819 sorium
663 756 946 837 sequitur
991 757 1344 839 principale.

1301 918 1579 983 Actuum
1624 920 1926 983 irritatio,

468 1059 646 1133 740.
680 1064 752 1127 In
778 1084 911 1148 cap.
954 1063 1339 1146 Conquestus
1373 1068 1454 1144 5.,
1487 1066 1563 1130 de
1593 1064 1809 1131 Feriis
1854 1068 1943 1132 sic
1975 1065 2314 1151 Gregorius
2347 1064 2494 1129 IX.:
2537 1090 2570 1122 «
2604 1062 2841 1143 Quibus

375 1164 776 1230 sollemnibus
800 1166 968 1232 feriis
992 1167 1137 1250 (nisi
1169 1170 1502 1234 necessitas
1532 1170 1758 1254 urgeat
1780 1169 1877 1234 vel
1909 1169 2107 1253 pietas
2139 1167 2425 1249 suadeat)
2457 1184 2653 1247 usque
2689 1164 2839 1231 adeo

375 1268 663 1331 convenit
710 1268 787 1332 ab
834 1270 1192 1335 huiusmodi
1240 1272 1566 1349 abstinere,
1606 1274 1700 1348 ut,
1733 1271 2258 1337 consentientibus
2296 1269 2488 1333 etiam
2535 1267 2836 1351 partibus,

371 1388 481 1434 nec
528 1389 850 1453 processus
905 1373 1157 1438 habitus
1213 1375 1423 1439 teneat
1470 1393 1580 1439 nec
1634 1375 1961 1452 sententia,
2013 1393 2201 1456 quam
2262 1371 2571 1456 contingit
2623 1369 2837 1434 diebus

371 1470 727 1537 huiusmodi
765 1475 1151 1559 promulgari
1183 1500 1243 1540 ».

456 1573 621 1639 Nota
671 1575 1131 1658 exceptionem:
1179 1577 1301 1642 nisi
1332 1579 1667 1643 necessitas
1711 1586 1939 1661 uryeat
1968 1582 2078 1644 aut
2101 1581 2310 1659 pietas
2354 1578 2631 1641 sualica-t.
2667 1576 2836 1640 Alte-

367 1677 540 1742 rutro
575 1677 739 1742 enim
772 1679 1151 1762 postulante,
1188 1684 1251 1745 et
1287 1681 1455 1746 licite
1494 1683 1557 1745 et
1589 1681 1790 1746 valide
1820 1701 1917 1746 res
1955 1684 2304 1767 peragetur.

1169 1837 1341 1918 Quae
1378 1841 1714 1902 necessitas
1751 1842 2015 1902 excuset.

452 1969 607 2043 741.
644 1972 883 2040 Causae
929 1975 1317 2040 necessitatis
1365 1976 1806 2039 enumerantur
1857 1977 1924 2039 1ο
1959 1975 2015 2040 si
2059 1995 2154 2040 res
2202 1977 2301 2040 vel
2349 1975 2511 2040 actio
2548 1977 2826 2056 tempore

362 2076 447 2140 sit
477 2077 781 2160 peritura:
818 2080 889 2141 2⁰
912 2076 1159 2160 quando
1193 2077 1436 2143 debitor
1466 2079 1790 2160 suspectus
1823 2080 1917 2142 est
1949 2077 2026 2142 de
2052 2079 2224 2162 fuga,
2253 2077 2698 2160 dilapidatione
2728 2075 2826 2139 vel

359 2178 834 2244 deterioratione
866 2180 973 2256 rei,
1008 2199 1194 2263 super
1226 2199 1349 2263 qua
1381 2182 1476 2244 est
1513 2179 1996 2245 conveniendus:
2033 2182 2104 2242 3⁰
2135 2181 2186 2244 si
2223 2182 2430 2263 partes
2475 2180 2819 2263 litiganteS,

357 2281 430 2345 ut
461 2281 824 2364 plerumque
870 2301 1169 2365 pauperes
1202 2286 1265 2347 et
1297 2283 1601 2346 rusticani
1636 2282 1936 2359 homineS,
1972 2283 2111 2346 aliis
2149 2281 2364 2346 diebus
2396 2283 2526 2345 sine
2556 2281 2820 2345 notabili

352 2384 743 2451 incommodo
791 2404 1144 2470 comparere
1192 2389 1302 2452 aut
1346 2388 1411 2451 in
1447 2386 1748 2451 iudicium
1781 2387 1990 2452 vocari
2025 2388 2366 2469 nequeant:
2401 2386 2472 2449 40
2503 2387 2556 2450 si
2603 2388 2819 2449 contra

352 2487 625 2552 latrones
673 2488 758 2552 sit
804 2489 1252 2572 procedendum
1300 2492 1363 2554 et
1408 2489 1752 2572 periculum
1799 2490 1883 2554 sit
1926 2490 1992 2554 in
2039 2507 2214 2554 mora
2261 2507 2332 2553 ex
2369 2488 2411 2552 l.
2447 2487 2819 2551 Provincia-

353 2612 494 2654 rum
531 2592 631 2656 10.
668 2590 735 2657 C.
778 2591 853 2656 dc
888 2592 1121 2671 Feriis,
1162 2594 1269 2658 ubi
1314 2594 1477 2658 ratio
1525 2593 1824 2671 redditur,
1873 2614 1951 2658 ne
1996 2592 2437 2658 sceleratorum
2481 2589 2818 2669 differamr

336 2692 618 2774 proditio
655 2692 1097 2758 consiliorum:
1131 2696 1201 2759 50
1227 2696 1281 2758 si
1312 2695 1770 2776 delinquentem
1800 2699 2052 2779 propter
2084 2695 2480 2761 atrocitatem
2519 2695 2810 2771 criminiS,

349 2796 426 2859 ad
473 2797 820 2879 exemplum
868 2799 930 2861 et
977 2799 1275 2863 terrorem
1324 2797 1610 2874 aliorum,
1644 2799 1707 2862 in
1754 2818 1983 2883 magno
2031 2799 2246 2882 populi
2278 2817 2578 2864 concursu
2625 2798 2811 2881 plecti

345 2898 588 2982 publice
642 2900 987 2976 interesset,
1036 2920 1095 2963 v.
1144 2921 1205 2984 g.
1257 2901 1472 2964 contra
1533 2900 1945 2965 haereticum:
1997 2902 2066 2964 6⁰
2113 2921 2254 2965 cum
2315 2902 2660 2985 periculum
2715 2905 2809 2966 est

345 3000 555 3064 damni
592 3001 825 3083 publici
856 3003 969 3067 aut
1014 3001 1263 3084 privati,
1312 3002 1655 3085 spiritualis
1704 3005 1815 3068 aut
1862 3004 2225 3087 corporalis:
2267 3005 2414 3085 quia
2453 3004 2808 3068 huiusmodi

344 3102 643 3168 damnum
677 3103 941 3187 imponit
986 3104 1417 3169 necessitatem
1465 3107 1792 3171 moralem:
1842 3107 2174 3171 necessitas
2223 3109 2435 3171 autem
2465 3125 2586 3170 non
2618 3106 2806 3169 habet

341 3206 561 3292 legem.
596 3204 974 3292 Schmalzgr.
1008 3207 1115 3271 lib.
1152 3208 1210 3270 2.
1246 3208 1345 3272 tit.
1383 3209 1442 3272 9.
1476 3230 1536 3272 n.
1573 3210 1675 3273 52.

1242 3358 1343 3424 De
1377 3361 1641 3440 pietatis
1686 3381 1896 3425 causa.

430 3495 607 3569 742.
642 3498 908 3562 Ratione
932 3496 1186 3580 pietatis
1209 3498 1273 3560 et
1308 3496 1763 3561 misericordiae
1798 3498 1973 3564 festis
2005 3499 2219 3563 diebus
2244 3498 2512 3580 expediri
2541 3505 2803 3580 possunt

343 3604 646 3668 l⁰causae
672 3602 1128 3675 alimentorum,
1156 3601 1631 3673 carceratorum,
1659 3600 2060 3683 pupillorum,
2083 3600 2432 3677 viduarum,
2457 3618 2798 3683 pauperum

337 3706 401 3769 et
436 3704 886 3769 miserabilium
910 3721 1346 3787 personarum3
1374 3702 1521 3783 quia
1551 3702 1616 3764 in
1650 3703 1935 3784 operibus
1959 3702 2412 3767 misericordiae
2442 3702 2680 3767 dierum
2714 3702 2800 3766 di-

336 3807 588 3872 stinctio
635 3824 759 3871 non
808 3807 902 3870 est
947 3804 1247 3883 habenda,
1282 3807 1355 3870 ut
1386 3804 1574 3868 habet
1620 3804 1830 3888 glossa
1880 3805 1955 3869 ad
1994 3805 2054 3868 h.
2089 3823 2303 3869 vocem
2338 3806 2456 3870 hoc
2485 3824 2618 3889 cap.
2653 3806 2795 3871 cit.:

338 3910 407 3971 2ο
438 3907 684 3990 quando
725 3908 1021 3989 alioquin,
1056 3908 1108 3971 si
1155 3926 1378 3972 causae
1411 3908 1685 3992 cognitio
1720 3907 2087 3983 differretur,
2120 3908 2223 3990 pia
2255 3926 2444 3974 causa
2480 3911 2799 3993 pateretur

333 4011 827 4087 incommodum:
855 4011 1001 4092 quia
1035 4030 1279 4076 summa
1311 4012 1473 4076 ratio
1507 4014 1622 4089 est,
1649 4031 1808 4094 quae
1839 4030 1950 4095 pro
1976 4012 2298 4096 Religione
2329 4013 2531 4078 favet:
2561 4015 2630 4093 3⁰
2651 4033 2793 4077 cum

333 4113 448 4179 hoc
480 4113 675 4199 exigit
705 4113 905 4196 pietas
931 4114 993 4176 et
1019 4113 1409 4178 observantia
1436 4134 1583 4199 erga
1616 4115 1920 4199 patriam:
1957 4116 2027 4178 4⁰
2059 4115 2108 4179 si
2144 4134 2330 4180 causa
2363 4117 2447 4181 sit
2477 4116 2796 4179 matrimo-

337 4218 520 4282 nialis
546 4218 610 4281 et
633 4216 977 4300 periculum
1003 4214 1165 4279 adsit
1187 4216 1689 4293 incontinentiae,
1717 4218 1838 4283 nisi
1869 4218 2083 4283 diebus
2114 4218 2352 4283 feriatis
2383 4218 2690 4283 iudicetur
2721 4218 2793 4283 de

331 4320 539 4385 valore
564 4317 952 4383 matrimonii
984 4318 1047 4380 et
1077 4316 1501 4399 impedimenti
1524 4320 1714 4385 illius.
1744 4322 1813 4384 5⁰
1838 4320 2129 4401 Quolibet
2159 4321 2256 4386 die
2277 4321 2499 4386 feriato
2526 4322 2791 4405 expediri

328 4424 588 4504 possunt
622 4440 780 4503 quae
812 4418 1121 4503 pertinent
1154 4417 1232 4482 ad
1262 4438 1475 4500 pacem
1522 4424 1583 4485 et
1616 4422 2043 4500 concordiam:
2078 4423 2238 4488 unde
2271 4424 2484 4489 eodem
2518 4426 2791 4510 tempore

329 4524 518 4589 etiam
550 4523 1002 4588 transactiones
1038 4524 1100 4584 et
1132 4521 1314 4604 pacta
1345 4519 1478 4586 fieri
1510 4526 1790 4606 possunt.
1818 4524 2119 4591 Schmalz.
2146 4526 2188 4591 l.
2225 4546 2274 4590 c.
2310 4547 2367 4591 n.
2407 4528 2510 4592 53.
2548 4525 2638 4592 Cf.
2669 4529 2792 4593 Du-

328 4625 500 4691 bium
531 4643 810 4708 sequens.
