3497 5147
280 338 407 408 [5061
885 350 1155 391 summa.
1200 351 1282 390 AN
1317 351 1590 392 anmnr
1626 351 2107 395 unsri-rumxnuu
2623 340 2731 394 889

442 450 508 512 1⁰
540 448 638 513 Ad
677 448 1142 513 restitutionem
1173 448 1419 511 tenetur
1465 447 1588 525 ille,
1629 450 1737 530 qui
1770 450 2041 532 pretium
2071 450 2295 533 accipit
2327 469 2436 533 pro
2467 471 2532 514 re
2562 470 2727 517 mere

290 551 590 635 spirituali
624 569 905 633 quaeque
933 550 1176 614 nullum
1208 549 1387 614 affert
1414 550 1810 615 commodum
1846 552 2205 634 temporale.
2255 550 2634 618 Communis.

358 655 563 730 Ratio,
604 653 755 735 quia
802 652 961 716 tales
1007 669 1104 716 res
1151 670 1272 717 non
1319 654 1468 716 sunt
1512 653 1710 735 pretio
1760 655 2176 718 aestimabiles
2209 656 2322 719 aut
2357 655 2725 732 vendibilem

291 757 449 840 atqui
495 757 605 839 qui
651 754 865 820 vendit
899 773 1011 838 pro
1045 754 1244 838 pretio
1276 774 1427 831 rem,
1460 756 1637 820 cuius
1667 749 1911 820 nullum
1946 758 2041 820 est
2070 757 2359 839 pretium,
2395 760 2609 823 contra
2640 759 2732 823 iu-

281 860 508 925 stitiam
542 860 756 942 peccat
780 859 968 939 atque
997 856 1152 922 adeo
1186 857 1455 940 pretium
1472 877 1582 940 pro
1617 876 1687 922 ea
1713 860 2031 942 acceptum
2057 857 2273 924 illicite
2296 860 2541 925 retinet.
2563 851 2727 946 Ergo

283 961 569 1026 Schmalz.
602 961 645 1024 l.
672 979 723 1024 c.
763 980 823 1024 n.
859 960 1009 1024 293.

448 1064 517 1127 2⁰
555 1063 719 1128 Item
766 1062 845 1126 ad
875 1063 1339 1129 restitutionem
1362 1064 1609 1128 tenetur
1639 1065 1750 1146 qui
1784 1066 2053 1148 pretium
2085 1064 2322 1149 accepit
2352 1084 2461 1148 pro
2508 1086 2573 1130 re
2610 1068 2731 1151 spi-

285 1167 488 1231 rituali
535 1167 728 1231 etiam
767 1166 904 1240 tali,
959 1184 1120 1246 quae
1166 1165 1560 1231 commodum
1606 1168 1948 1248 temporale
1995 1167 2190 1244 affert,
2232 1167 2285 1230 si
2317 1186 2388 1231 ea
2436 1188 2506 1232 ex
2551 1169 2732 1234 iusti-

284 1272 382 1346 tia,
414 1291 474 1333 v.
507 1291 602 1355 gr.
645 1288 715 1334 ex
750 1269 952 1335 officio
986 1268 1326 1352 parochiali
1363 1288 1397 1333 a
1436 1271 1702 1352 parocho
1752 1270 2108 1346 debebatur,
2158 1291 2215 1334 v.
2264 1291 2356 1356 gr.
2399 1272 2727 1337 instructio

279 1374 605 1439 catechesis
641 1373 739 1437 vel
770 1371 1121 1456 explanatio
1155 1371 1460 1456 evangelii
1504 1373 1618 1436 ete.

362 1477 547 1541 Ratio
588 1475 703 1550 est,
740 1475 888 1557 quia
926 1476 1141 1558 peccat
1178 1476 1393 1539 contra
1424 1474 1756 1553 iustitiam,
1790 1476 1899 1557 qui
1930 1475 2199 1558 pretium
2235 1476 2455 1558 recipit
2497 1494 2607 1558 pro
2639 1495 2723 1554 re,

278 1599 456 1662 quam
493 1577 743 1644 aliunde
767 1597 840 1642 ex
869 1577 1115 1642 iustitia
1148 1577 1347 1641 debet.
1382 1574 1709 1641 Commun.
1744 1576 1908 1660 apud
1941 1575 2243 1642 Schmalz.
2277 1578 2318 1641 1.
2359 1597 2410 1640 c.
2450 1597 2510 1640 n.
2547 1578 2695 1641 294.

445 1683 515 1746 3⁰
550 1680 783 1746 Eadem
812 1680 887 1744 de
917 1699 1106 1744 causa
1137 1679 1470 1744 tenendum
1506 1681 1603 1743 est
1633 1681 1851 1744 contra
1883 1681 2184 1758 Lessium,
2219 1681 2412 1744 teneri
2447 1680 2524 1744 ad
2555 1681 2731 1745 resti-

274 1785 577 1850 tutionem
606 1782 791 1867 pretii
830 1781 1061 1866 accepti
1094 1781 1487 1865 Episcopum,
1536 1782 1631 1846 vel
1667 1783 1864 1846 alium
1908 1783 2215 1847 Ecclesiae
2246 1782 2624 1860 Praelatum‚
2674 1783 2730 1848 si

276 1887 500 1951 vendat
527 1884 818 1951 beneficia
853 1885 951 1949 vel
991 1884 1196 1950 officia
1227 1884 1657 1960 ecclesiastica,
1707 1903 1972 1966 quorum
2004 1885 2256 1949 collatio
2291 1884 2367 1948 ad
2397 1885 2604 1967 ipsum
2635 1904 2730 1949 ra*

274 1989 442 2053 tione
471 1988 738 2053 muneris
776 1986 876 2052 sui
900 1987 1159 2070 spectat.

295 2149 318 2162 ,
359 2091 550 2156 Ratio
584 2091 693 2169 est,
733 2091 883 2174 quia
914 2109 1040 2155 non
1074 2090 1279 2154 solum
1312 2107 1435 2153 non
1467 2091 1561 2153 est
1593 2089 2028 2154 beneficiorum
2066 2089 2352 2155 dominus
2383 2090 2488 2154 sed
2521 2110 2727 2156 merus

276 2195 663 2278 dispensator
708 2213 745 2258 a
790 2194 921 2258 Deo
968 2193 1368 2268 constitutus,
1428 2211 1641 2256 verum
1688 2192 1870 2257 debet
1928 2193 2179 2276 insuper
2230 2214 2302 2258 ex
2347 2194 2550 2258 officio
2613 2212 2727 2259 suo

277 2297 627 2381 dispensare
673 2297 901 2382 gratim
938 2296 1212 2377 adeoque
1256 2297 1471 2378 peccat
1515 2295 1729 2360 contra
1761 2295 2092 2371 iustitiam,
2126 2295 2179 2361 si
2225 2315 2335 2379 pro
2383 2296 2499 2360 tali
2546 2295 2732 2360 colla-

280 2401 442 2472 tione
466 2400 746 2485 pretium
770 2399 1052 2482 accipiat.
1086 2396 1264 2462 Suar.
1291 2396 1510 2482 Laym.
1544 2397 1713 2462 Pirh.
1750 2397 1914 2480 apud
1939 2395 2315 2482 Schmalzgr.
2342 2398 2383 2462 l.
2411 2418 2462 2462 c.
2487 2418 2547 2463 n.
2576 2399 2726 2463 295.

357 2499 528 2575 506.
581 2500 742 2566 Cum
778 2500 1116 2587 Gregorius
1155 2500 1263 2564 IX.
1314 2519 1446 2584 cap.
1496 2499 1836 2564 Pactioncs
1881 2500 1984 2563 fin.
2036 2499 2110 2564 de
2157 2499 2381 2564 Paetis
2427 2502 2725 2566 sanxerit:

282 2631 318 2665 ‹
350 2607 681 2672 Pactiones
718 2604 921 2669 factae
968 2623 1004 2668 a
1049 2604 1288 2670 vobis...
1339 2622 1452 2687 pro
1492 2603 1864 2686 quibusdam
1898 2603 2329 2687 spiritualibus
2362 2604 2728 2682 obtinendiS,

262 2730 402 2777 cum
443 2710 507 2775 in
558 2707 923 2773 huiusmodi
969 2708 1169 2772 omnis
1205 2707 1409 2791 pactio
1460 2707 1780 2788 omnisque
1826 2707 2149 2771 conventio
2196 2706 2416 2770 debeat
2479 2707 2728 2773 omnino

264 2832 518 2891 cessare,
562 2812 802 2877 nullius
835 2811 1083 2894 penitus
1120 2812 1267 2875 sunt
1310 2809 1611 2875 momenti
1642 2834 1677 2868 »
1705 2831 1718 2873 ε
1747 2809 1940 2873 videri
1987 2811 2212 2892 potest,
2246 2809 2590 2891 quamlibet
2626 2828 2729 2892 pa-

270 2915 538 2981 ctionem
596 2913 1001 2979 simoniacam
1028 2912 1275 2977 irritam
1307 2931 1456 2987 esse,
1508 2914 1695 2993 atque
1726 2911 1878 2976 adeo
1918 2913 2185 2994 pretium
2231 2912 2726 2977 restituendum:

256 3016 422 3098 quod
452 3018 630 3082 esset
664 3017 882 3081 contra
912 3015 1079 3080 dicta
1111 3034 1247 3097 sup.
1286 3035 1345 3078 n.
1374 3016 1523 3079 504.

344 3117 686 3204 Responde
717 3137 860 3183 cum
892 3117 1270 3202 Schmalzgr.
1304 3117 1346 3180 l.
1385 3137 1437 3180 c.
1469 3137 1530 3180 n.
1568 3118 1741 3193 296„
1773 3116 2240 3199 dispositionem
2269 3117 2446 3181 illam
2482 3115 2731 3181 restrin-

258 3222 527 3307 gendam
576 3240 715 3286 esse
764 3220 839 3285 ad
886 3220 1216 3285 materiam
1264 3220 1699 3284 beneficialem.
1733 3217 1800 3283 Si
1839 3237 1981 3284 vero
2020 3216 2372 3297 contendas,
2413 3218 2733 3283 extenden-

266 3325 411 3391 dam
444 3326 529 3391 ad
571 3326 781 3389 cetera
813 3323 1187 3407 spiritualia,
1218 3341 1340 3387 non
1366 3340 1576 3400 renuo,
1596 3322 1703 3386 sed
1724 3341 1868 3386 cum
1890 3322 2287 3387 distinctione
2317 3321 2480 3386 dico:
2515 3322 2734 3386 huius-

264 3430 431 3495 modi
482 3428 812 3515 pactiones
852 3426 1063 3493 irritas
1096 3444 1245 3503 esse,
1281 3428 1615 3507 antequam
1661 3424 2087 3507 compleantur
2134 3423 2468 3488 traditione
2513 3424 2736 3488 mercis

257 3533 322 3595 et
365 3532 601 3616 pretii;
653 3549 777 3595 non
824 3528 987 3593 enim
1033 3529 1125 3592 ita
1157 3527 1515 3611 obligantur
1544 3526 1921 3609 paciscentes
1954 3525 2031 3588 ad
2063 3522 2442 3606 implendum
2481 3527 2735 3607 pactum

259 3652 295 3699 a
337 3654 404 3701 se
450 3635 720 3706 initum,
759 3651 903 3697 cum
947 3631 1252 3715 complere
1296 3629 1455 3694 illud
1501 3629 1631 3693 sine
1678 3628 1928 3710 peccato
1974 3646 2096 3691 non
2134 3626 2393 3709 possint.
2429 3624 2494 3689 Si
2525 3627 2736 3707 tamen

260 3756 368 3820 pro
417 3758 486 3803 re
545 3734 885 3819 temporali
916 3734 1005 3800 rei
1041 3733 1386 3818 spiritualis
1433 3730 1690 3796 traditio
1737 3731 1803 3794 et
1847 3729 1980 3792 eius
2027 3728 2370 3811 acceptatio
2416 3728 2584 3793 facta
2630 3728 2735 3807 sit,

256 3839 445 3906 istam
496 3838 848 3907 subsistere
893 3840 959 3903 et
1006 3838 1323 3920 acceptam
1366 3854 1496 3899 rem
1557 3831 1948 3915 spiritualem
1994 3831 2247 3896 retineri
2311 3831 2480 3897 licite
2536 3850 2735 3915 posse.

257 3943 354 4023 Ita
400 3945 582 4009 enim
620 3960 717 4006 res
754 3960 818 4005 se
850 3940 983 4005 heic
1011 3940 1220 4017 habet,
1254 3939 1416 4003 sicut
1448 3937 1511 4000 in
1542 3937 1747 4019 pacto,
1780 3952 1903 4016 quo
1937 3934 2076 4016 quis
2123 3934 2417 3998 sicarium
2449 3934 2739 4000 conducit

251 4047 538 4129 pecunia,
596 4047 715 4109 aut
759 4062 945 4108 usum
996 4041 1271 4125 corporis
1309 4040 1427 4105 sibi
1464 4039 1617 4104 emit
1647 4058 1684 4102 a
1715 4038 2057 4115 meretrice,
2097 4037 2201 4102 ubi
2227 4037 2404 4103 adest
2436 4037 2738 4121 obligatio

251 4167 370 4214 non
408 4147 729 4233 implendi
776 4147 1031 4229 pactum
1083 4163 1192 4227 per
1235 4142 1483 4207 caedem
1527 4141 1626 4207 vel
1671 4140 2177 4207 fornicationem:
2235 4140 2289 4204 si
2334 4142 2545 4203 tamen
2589 4138 2742 4199 haec

257 4250 423 4317 facta
474 4252 639 4327 sint,
675 4247 955 4332 exsurgit
997 4246 1062 4310 in
1110 4246 1306 4310 altero
1354 4245 1697 4328 paciscente
1730 4244 2031 4327 obligatio
2081 4242 2158 4305 ad
2195 4240 2558 4306 solvendum
2605 4256 2743 4321 pre-

257 4353 415 4418 tium
450 4355 520 4418 et
554 4352 903 4435 postquam
934 4348 1050 4412 hoc
1081 4348 1177 4413 est
1209 4347 1506 4423 solutum,
1534 4345 1877 4410 dominium
1903 4337 2036 4410 eius
2068 4343 2146 4407 ab
2172 4342 2506 4425 accipiente
2540 4339 2743 4422 acqui-

260 4456 436 4534 ritur,
464 4456 680 4521 donec
716 4472 823 4535 per
854 4450 1227 4516 sententiam
1256 4449 1477 4515 iudicis
1502 4448 1842 4512 auferatur.
