3497 5147
299 370 441 443 [404]
825 382 1063 425 LooAnn
1100 384 1531 426 330313331311.
1574 385 1875 428 Ponam-10
1912 385 2246 427 nccnnsmn
2651 373 2760 426 299

300 481 599 564 quasdam
634 500 765 545 esse
804 482 1075 545 actiones
1098 501 1205 563 per
1236 501 1300 545 se
1332 482 1530 545 malas
1556 485 1619 546 et
1655 502 1814 564 quae
1845 501 2071 547 novam
2103 483 2413 565 accipiunt
2443 483 2753 547 malitiam

300 589 351 653 si
395 588 553 652 fiant
600 588 663 651 in
712 588 847 652 loco
893 607 1087 662 sacr0,
1122 591 1341 671 utpote
1371 591 1752 654 reverentiae
1798 591 1933 655 loco
1981 590 2074 653 illi
2121 590 2361 654 debitae
2417 591 2756 654 contraria:

300 715 513 760 rursus
543 695 847 776 quasdam
882 713 1010 759 3333
1043 697 1314 760 actiones
1352 715 1472 760 non
1505 697 1567 759 in
1600 716 1664 760 se
1696 697 1917 762 malas:
1952 697 2055 761 sed
2088 716 2246 779 quae
2284 697 2591 760 malitiam
2624 716 2761 761 con-

300 799 558 862 trahunt
590 798 795 862 solum
829 798 909 861 ob
937 797 1400 862 irreverentiam
1433 798 1725 862 adversus
1766 818 1938 864 sacra
1973 800 2128 863 loca.
2163 799 2356 863 Porro
2391 799 2569 880 siqua
2596 799 2758 863 30113

302 900 480 963 nimis
513 899 774 982 profana
814 901 910 963 est
955 902 1019 963 et
1049 901 1254 964 minus
1292 900 1506 964 decens
1553 902 1909 966 sactitatem
1957 902 2076 966 loci
2116 901 2292 977 sacri,
2329 900 2602 984 profecto
2635 920 2762 965 ma-

303 1003 456 1066 xime
490 1002 636 1064 talis
670 1001 959 1065 dicendus
998 1005 1092 1064 est
1125 1005 1300 1066 actus
1331 1004 1698 1087 coniugalis.

385 1100 567 1174 4⁰3.
604 1104 747 1168 Alia
778 1106 942 1168 ratio
976 1105 1287 1169 Dicastilli
1320 1107 1469 1169 11330
1500 1108 1613 1183 331,
1650 1105 1813 1187 quod
1853 1125 2047 1187 neque
2083 1105 2207 1170 iuri
2244 1105 2657 1170 ecclesiastico
2695 1105 2758 1169 id

302 1227 639 1293 repugnare
671 1208 974 1272 videatur.
1010 1207 1540 1286 Quemadmodum
1572 1210 1754 1283 enim,
1796 1209 2018 1290 inquit,
2054 1209 2265 1273 eodem
2304 1208 2437 1272 iure
2484 1208 2761 1273 ecclesia-

302 1313 451 1377 stico
484 1311 851 1394 prohibetur
872 1311 1087 1375 effusio
1120 1312 1438 1395 sanguinis
1470 1313 1532 1374 in
1567 1313 1820 1376 ecclesia
1852 1316 1915 1376 31
1945 1315 2153 1376 tamen
2186 1312 2248 1376 id
2281 1312 2655 1396 intelligitur
2687 1313 2759 1376 de
2854 1314 2874 1332 ⁹

304 1415 561 1479 illic-ita:
600 1413 871 1495 idipsum
920 1414 1186 1497 intelligi
1233 1417 1440 1496 potest
1477 1417 1539 1478 et
1586 1415 1659 1478 de
1697 1416 1990 1479 effusione
2025 1416 2293 1479 seminis.

384 1517 721 1580 Mittamus
753 1536 932 1588 nunc,
968 1535 1155 1597 quam
1193 1517 1526 1600 incongrue
1559 1518 1821 1594 dicatur,
1860 1518 1937 1581 ab
1969 1518 2241 1580 Ecclesia
2273 1517 2582 1598 prohiberi
2615 1517 2760 1580 effu·

301 1620 531 1683 sionem
551 1618 872 1702 sanguinis
890 1621 1003 1681 310.
1027 1619 1160 1681 1313
1180 1619 1342 1682 33131
1364 1619 1518 1682 31133
1536 1621 1911 1688 notavimus,
1933 1620 2360 1682 Ecclesiastica
2379 1619 2621 1682 decreta
2639 1637 2759 1682 non

300 1722 637 1804 prohibere,
674 1721 777 1785 sed
823 1721 1350 1785 indecentissimas
1382 1721 1517 1785 loco
1551 1739 1724 1785 sacro
1758 1740 2097 1803 supponere
2139 1720 2440 1784 eiusmodi
2488 1721 2760 1784 actiones

303 1843 494 1905 eaque
541 1824 612 1887 de
657 1842 843 1887 causa
891 1823 1006 1886 hoc
1052 1842 1246 1886 unum
1293 1822 1648 1892 decrevisse,
1697 1842 1773 1884 113
1803 1822 2014 1885 1103131
2046 1841 2220 1885 sacra
2268 1821 2563 1905 mysteria
2611 1822 2761 1885 cele-

303 1927 501 2000 brare,
550 1926 603 1988 31
646 1926 889 2007 quando
936 1926 1012 1988 iis
1063 1925 1304 1989 actibus
1337 1925 1589 1988 30013313
1637 1925 2064 1989 033131313313
2112 1924 2354 1987 fuisset.

388 2028 508 2092 Sed
546 2029 659 2092 hoc
689 2029 1143 2111 praetermisso,
1180 2032 1617 2112 argumentum
1654 2029 1918 2091 allatum
1955 2028 2300 2109 retorqueri
2333 2026 2514 2090 debet
2551 2028 2613 2090 in
2654 2046 2759 2091 au-

295 2133 551 2195 ctorem.
581 2135 898 2209 Quaenam
929 2131 1091 2193 33131
1125 2130 1443 2213 sanguinis
1479 2131 1693 2194 effusio
1719 2130 1893 2194 licita
1924 2131 2038 2204 est,
2066 2130 2185 2193 nisi
2222 2148 2381 2211 quae
2413 2131 2756 2193 necessaria

293 2234 394 2310 sit,
430 2234 515 2296 ad
554 2234 652 2297 3111
675 2233 804 2296 3011.
838 2232 1298 2297 defensionem?
1334 2233 1529 2314 Atqui
1566 2232 1771 2315 quoad
1802 2233 2052 2296 seminis
2085 2233 2442 2297 effusionem
2474 2233 2604 2314 ipse
2634 2250 2758 2295 non

292 2338 546 2420 quidem
579 2337 1004 2404 necessariam,
1043 2338 1114 2399 ut
1152 2336 1260 2399 alii
1291 2335 1526 2412 Theol.,
1568 2338 1941 2420 propugnat,
1976 2336 2081 2399 sed
2113 2336 2484 2417 quamlibet,
2519 2336 2572 2398 si
2609 2354 2758 2418 ergo

291 2441 458 2504 valet
494 2439 903 2522 comparatio,
945 2438 1137 2502 allata
1162 2438 1324 2502 ratio
1357 2440 1571 2502 contra
1603 2438 1809 2520 ipsum
1833 2439 2039 2501 faciet.

381 2543 497 2607 8311
550 2541 801 2606 aliunde
848 2544 942 2605 est
973 2540 1239 2605 absurda
1285 2561 1356 2605 33
1404 2541 1886 2625 argumentatio,
1921 2540 2068 2623 quia
2116 2540 2343 2605 falsum
2389 2541 2485 2604 331
2530 2558 2757 2623 suppo-

286 2646 504 2722 situm,
541 2645 712 2728 quod
746 2644 1016 2709 Ecclesia
1047 2644 1377 2708 interdicat
1422 2644 1500 2725 (si
1535 2647 1744 2709 tamen
1778 2645 2043 2709 habetur
2077 2645 2322 2727 proprie
2354 2643 2520 2708 dicta
2565 2644 2758 2707 inter-

283 2747 509 2831 dictio)
549 2747 760 2811 solum
792 2747 1076 2810 illicitam
1109 2746 1429 2830 sanguinis
1463 2747 1840 2811 effusionem.
1881 2746 2044 2810 Nam
2074 2746 2138 2810 in
2186 2739 2304 2810 1130
2348 2764 2515 2821 casn,
2558 2764 2756 2827 neque

282 2851 635 2915 irreverens
673 2852 835 2913 esset
864 2868 971 2912 nec
996 2848 1403 2931 pollutionem
1429 2849 1716 2913 ecclesiae
1745 2849 2062 2913 induceret
2085 2849 2306 2913 occisio
2339 2848 2756 2914 malefactoris

280 2972 388 3036 per
409 2951 651 3018 iudicis
675 2951 1046 3014 sententiam
1062 2951 1124 3013 in
1150 2950 1401 3015 30013313
1428 2951 1610 3015 facta.
1631 2950 1809 3030 Quod
1835 2953 2041 3014 tamen
2065 2970 2246 3015 nemo
2271 2955 2433 3016 certe
2456 2951 2753 3016 admittit.

364 3057 609 3138 Itaque
625 3052 1095 3136 probabilitates
1113 3052 1267 3116 istas
1285 3052 1701 3135 explodamus,
1721 3072 1881 3134 quae
1897 3053 2058 3128 fictis
2077 3053 2556 3118 auctoritatibus
2573 3053 2759 3116 fictis-

268 3180 386 3243 que
426 3156 797 3223 rationibus
833 3149 1030 3239 gratis
1071 3156 1479 3220 adstruuntur
1508 3175 1736 3240 magno
1770 3175 1912 3220 cum
1949 3157 2240 3221 scientiae
2287 3157 2654 3220 discrimine.
2692 3156 2757 3219 Si

268 3264 431 3327 enim
482 3263 624 3326 huc
662 3278 1017 3323 revocemus
1064 3277 1153 3331 ea,
1190 3278 1347 3340 quae
1387 3258 1542 3322 alias
1589 3258 2047 3341 disputavimus
2096 3259 2168 3322 de
2200 3258 2515 3339 requisitis
2561 3277 2760 3321 neces-

264 3367 448 3430 sariis
484 3366 573 3429 ad
613 3361 1118 3446 probabilitatem
1153 3361 1338 3425 alicui
1379 3361 1649 3443 opinioni
1689 3361 2157 3434 conciliandam,
2197 3361 2378 3441 plane
2412 3361 2753 3441 apparebit,

268 3468 424 3531 nihil
458 3483 697 3532 eorum
730 3465 864 3528 heic
895 3464 1124 3527 haberi.
1160 3462 1275 3529 Sed
1307 3466 1371 3527 et
1402 3463 1555 3526 illud
1590 3460 2079 3526 emolumentum
2102 3461 2245 3524 hinc
2277 3461 2754 3542 percipiendum,

262 3571 432 3652 quod
461 3567 653 3634 aliud
679 3566 765 3630 sit
794 3565 1110 3648 disputare
1142 3567 1333 3630 etiam
1359 3584 1564 3629 severe
1589 3565 1661 3628 de
1694 3565 2084 3646 opinionibus
2113 3563 2555 3645 probabilibuS,
2584 3564 2754 3626 aliud

262 3689 327 3737 se
360 3674 734 3737 immunem
773 3669 851 3731 ab
881 3668 1287 3732 incommodis
1333 3686 1595 3731 servare.
1630 3668 1783 3730 Ecce
1816 3686 1863 3729 3.
1899 3666 2103 3747 Alph.,
2144 3665 2252 3746 qui
2302 3665 2456 3728 alias
2488 3664 2754 3737 videtur,

260 3775 551 3839 voluisse
580 3770 905 3853 exagitare
938 3770 1449 3851 probabilismum
1480 3771 1543 3833 et
1566 3768 2015 3833 Tamburinum
2040 3768 2333 3851 carpebat
2356 3767 2429 3832 de
2452 3768 2756 3832 facilitate

260 3875 546 3942 habendi
588 3874 672 3937 ut
703 3872 1047 3954 probabiles
1080 3872 1383 3953 quasdam
1410 3872 1743 3953 opiniones,
1775 3871 1904 3953 ipse
1937 3871 1997 3934 in
2032 3870 2243 3935 eodem
2277 3889 2424 3935 casu
2449 3871 2752 3936 versatur.

347 3972 553 4048 404.
600 3973 947 4038 Veniamus
986 3974 1061 4037 ad
1093 3974 1423 4038 secundam
1458 3975 1848 4045 sententiam,
1888 3993 2047 4056 quae
2083 3976 2332 4051 statuit,
2359 3976 2755 4061 sacrilegium

258 4084 481 4149 haberi
537 4100 622 4146 ac
660 4078 856 4161 pollui
887 4079 1224 4152 ecclesiam,
1261 4080 1309 4142 si
1345 4078 1558 4143 effusio
1592 4080 1912 4163 sanguinis
1946 4082 2057 4143 aut
2088 4080 2338 4144 33311313
2370 4080 2455 4143 311
2486 4081 2754 4162 publica,

256 4204 379 4251 non
422 4202 591 4250 vero
631 4181 691 4246 si
723 4180 807 4244 sit
840 4182 1099 4246 occulta.

347 4291 410 4355 8.
449 4287 839 4369 Alphonsus
871 4303 928 4347 n.
965 4285 1113 4347 458.
1148 4283 1392 4347 subdit:
1440 4309 1474 4341 «
1502 4285 1601 4347 Ita
1633 4284 1858 4348 Glossa
1889 4286 1949 4347 in
1983 4303 2117 4367 cap.
2157 4286 2317 4349 unic.
2353 4283 2427 4347 de
2469 4283 2754 4348 Consecr.

256 4392 317 4455 in
351 4393 447 4468 6⁰,
486 4392 663 4453 item
700 4384 959 4449 Pontius
991 4387 1245 4467 (vocans
1277 4390 1715 4469 communem),
1752 4387 2028 4462 Toletus,
2063 4385 2400 4463 Navarrus,
2435 4388 2616 4463 Azor,
2652 4388 2753 4464 Sa,

256 4494 581 4576 vasquez,
621 4486 926 4563 Coninch,
964 4489 1309 4573 Rodriguez
1343 4492 1457 4553 310.
1497 4491 1670 4568 apud
1701 4488 2223 4552 salmanticenses
2251 4514 2312 4552 ».

344 4596 431 4661 Et
470 4587 897 4659 verissimum
928 4593 1039 4665 est,
1075 4591 1223 4654 haec
1254 4590 1465 4654 haberi
1499 4590 1663 4673 apud
1696 4588 2211 4654 Salmanticenses
2257 4593 2336 4654 tr.
2374 4593 2433 4655 9.
2470 4610 2602 4672 cap.
2648 4591 2751 4653 15.
