3497 5147
724 328 833 382 498
886 339 1095 381 'rme-r.
1124 339 1204 381 vr.
1232 336 1394 378 sacr.
1419 337 1483 377 11.
1512 336 1595 375 nn
1622 334 1902 376 sncmmo
1927 333 2142 375 PRAnC.
2171 334 2498 378 pacamur.
2525 336 2658 376 0111).
2688 337 2752 376 11.
2779 337 2920 377 nun.
2950 338 3007 377 v.
3045 324 3204 395 {6541

725 438 1123 520 sacrilegium
1169 435 1510 512 admisisse,
1550 433 1699 515 quia
1747 433 2075 518 sacrilegia
2121 451 2241 497 non
2291 436 2440 498 sunt
2486 433 2762 498 eiusdem
2810 434 3055 516 speciei.
3106 435 3200 500 Cf.

729 560 777 604 s.
812 540 996 622 Alph.
1024 539 1065 602 1.
1102 540 1163 602 3.
1197 558 1259 601 11.
1295 537 1400 600 34.
1428 538 1463 575 *

710 692 719 704 .
820 636 997 710 654.
1031 641 1186 704 Ηο10
1232 638 1486 703 tandem
1531 638 1803 702 breviter
1833 640 1927 702 est
1974 638 2344 721 expedienda
2392 640 2699 721 quaestio,
2741 658 2955 722 quam,
2991 640 3066 704 de
3115 641 3210 704 iu-

731 745 1012 809 ramento
1062 743 1335 826 agentes,
1371 737 1707 816 innuimus,
1743 742 1888 804 utra
1935 739 2170 805 scilicet
2193 741 2395 806 maior
2426 743 2514 805 sit
2536 742 2863 826 obligatio,
2897 742 3210 806 iuramen-

733 847 863 910 tine
910 863 987 909 an
1034 845 1215 909 voti?
1261 843 1416 928 Agit
1462 862 1596 906 eam
1644 861 1694 905 s.
1729 842 2003 906 Thomas
2041 862 2100 925 q.
2151 843 2256 907 89.
2301 861 2357 906 a.
2410 844 2471 907 8.
2521 844 2586 908 et
2630 845 2875 927 proprie
2920 845 3211 926 loquitur

734 950 807 1013 de
839 949 1191 1014 iuramento
1254 947 1676 1031 promissoriO.
1726 947 1808 1010 Et
1854 946 2124 1028 quidem,
2174 948 2247 1010 ut
2294 948 2385 1011 ait
2432 948 2678 1012 Lessius
2726 950 2833 1013 lib.
2887 951 2949 1012 2.
2992 969 3044 1013 0.
3093 951 3207 1012 42.

720 1051 793 1114 .d.
825 1053 949 1128 11.,
983 1052 1037 1114 si
1086 1049 1321 1131 aliquid
1368 1048 1716 1113 iuramento
1753 1048 2086 1130 promittas
2126 1050 2277 1125 De0,
2313 1052 2552 1114 certum
2578 1052 2674 1114 est
2719 1052 2784 1114 te
2813 1052 3020 1135 magis
3055 1051 3211 1117 obli-

734 1155 892 1238 gari,
932 1172 1122 1236 quam
1169 1153 1220 1216 si
1268 1152 1474 1216 solum
1518 1170 1745 1215 voveas
1779 1152 1944 1226 Deo:
1993 1152 2320 1216 intercedit
2365 1153 2531 1217 enim
2576 1155 2727 1218 tunc
2773 1153 2998 1237 duplex
3047 1155 3213 1219 obli-

734 1257 932 1340 gatio,
970 1256 1307 1320 iuramenti
1352 1256 1417 1319 et
1460 1255 1612 1319 voti.
1648 1253 1715 1317 Si
1763 1255 1974 1318 autem
2020 1254 2348 1337 promissio
2394 1256 2748 1321 iuramento
2793 1258 3044 1323 firmata
3092 1258 3214 1323 fiat

735 1358 942 1422 solum
988 1358 1243 1436 homini,
1280 1357 1601 1439 quaeritur
1639 1375 1717 1420 an
1766 1357 1913 1420 talis
1945 1357 2280 1421 iuramenti
2313 1358 2617 1443 obligatio
2657 1360 2741 1422 sit
2786 1379 2977 1425 necne
3004 1361 3215 1424 maior

735 1461 1115 1544 obligatione
1164 1461 1315 1537 voti,
1356 1478 1480 1542 quo
1530 1459 1731 1522 simile
1778 1460 2109 1541 promittas
2157 1461 2307 1524 Deo.
2342 1459 2636 1526 Affirmat
2683 1482 2732 1525 S.
2775 1462 3050 1527 Thomas
3073 1483 3216 1527 ma-

728 1563 925 1628 iorem
973 1582 1103 1627 esse
1152 1563 1599 1646 obligationem
1660 1562 1814 1636 voti,
1856 1580 2045 1642 quam
2093 1562 2446 1626 iuramenti.
2496 1561 2656 1642 Quia
2720 1564 3026 1649 obligatio
3075 1568 3214 1630 voti

732 1665 1028 1728 causatur
1060 1684 1131 1728 ex
1168 1664 1489 1742 fidelitate,
1526 1683 1648 1744 qua
1681 1663 1978 1727 standum
2012 1665 2107 1728 est
2140 1665 2488 1747 promissis:
2526 1667 2830 1750 obligatio
2863 1668 3212 1732 iuramenti

730 1773 1030 1836 causatur
1066 1791 1137 1835 ex
1184 1770 1547 1847 reverentia,
1597 1789 1720 1851 qua
1767 1773 2053 1834 tenemur
2111 1771 2424 1837 verificare
2474 1772 2536 1835 id
2582 1773 2748 1854 quod
2796 1775 3048 1839 nomine
3093 1776 3216 1838 Dei

734 1877 1153 1958 promisimus„
1189 1877 1324 1938 Iam
1370 1893 1514 1939 vero
1563 1875 1764 1938 maior
1799 1876 1897 1938 est
1929 1874 2232 1958 obligatio
2280 1894 2351 1940 ex
2398 1875 2698 1941 fidelitate
2746 1897 2940 1959 quam
2987 1898 3061 1943 ex
3108 1899 3210 1942 re-

736 1977 1030 2054 verentia,
1058 1996 1167 2041 seu
1199 1977 1401 2040 maius
1439 1979 1762 2059 peccatum
1810 1979 1906 2040 est
1945 1995 2125 2061 agere
2172 1978 2388 2041 contra
2419 1977 2806 2056 fidelitatem,
2844 2000 3035 2062 quam
3070 2000 3211 2045 con-

736 2081 836 2142 tra
881 2080 1081 2143 solam
1113 2080 1541 2144 reverentiam.
1591 2078 1750 2158 Quia
1801 2079 2000 2143 omnis
2047 2078 2380 2144 infidelit-as
2428 2099 2576 2166 erga
2621 2082 2824 2146 Deum
2873 2083 3212 2148 irreveren-

734 2182 893 2245 tiam
925 2183 1229 2259 continet:
1266 2181 1512 2246 videtur
1550 2182 1713 2245 enim
1762 2180 2096 2245 infidelita-s
2144 2182 2403 2246 subiecti
2437 2183 2515 2246 ad
2547 2184 2872 2249 dominum
2910 2205 3044 2251 esse
3075 2207 3214 2251 ma—

734 2285 895 2350 xime
940 2285 1367 2350 irreverentia:
1402 2304 1523 2349 non
1572 2288 1783 2348 autem
1830 2303 1863 2349 e
1909 2303 2201 2350 converso
2247 2286 2645 2351 irreverentia
2677 2308 2786 2370 per
2832 2307 2898 2353 se
2948 2290 3212 2355 includit

734 2390 1187 2454 infidelitatem.
1225 2388 1459 2453 Idcirco
1499 2390 1716 2452 votum
1775 2407 1846 2452 ex
1900 2387 2141 2453 ratione
2188 2388 2286 2452 sui
2333 2390 2428 2453 est
2481 2391 2685 2474 magis
2733 2391 3211 2477 obligatorium,

735 2512 923 2576 quam
961 2493 1404 2556 iuramentum.

820 2597 951 2662 Alii
999 2597 1209 2660 tamen
1258 2595 1442 2659 aliter
1488 2595 1769 2659 sentiunt
1815 2594 1919 2674 (cf.
1961 2595 2244 2659 Lessium
2275 2594 2382 2658 lib.
2420 2597 2479 2658 2.
2522 2615 2572 2659 0.
2607 2596 2713 2659 42.
2742 2596 2800 2660 d.
2842 2599 2994 2682 11.).
3050 2601 3210 2679 Quia

730 2699 1072 2782 periurium
1111 2700 1329 2763 contra
1376 2699 1763 2780 praesentem
1812 2696 2141 2761 veritatem
2178 2700 2461 2761 censetur
2507 2700 2924 2764 communiter
2953 2703 3213 2785 gravius

730 2803 1072 2883 peccatum,
1108 2819 1297 2882 quam
1344 2799 1566 2864 fractio
1614 2799 1775 2863 voti:
1833 2818 1980 2883 ergo
2029 2800 2092 2863 et
2136 2800 2554 2865 iuramentum
2602 2804 3080 2884 promissorium
3130 2807 3215 2869 vi·

730 2909 916 2972 detur
958 2908 1161 2993 magis
1212 2907 1488 2991 obligare
1546 2907 1623 2969 ad
1670 2905 2113 2970 verificandum
2161 2907 2557 2989 promissum,
2623 2926 2813 2989 quam
2862 2912 3089 2976 votum
3136 2912 3214 2975 ad

734 3010 1097 3076 solvendum
1144 3010 1548 3093 promissum:
1598 3010 1736 3072 tum
1785 3008 1933 3089 quia
1979 3009 2044 3071 in
2109 3027 2180 3072 eo
2225 3009 2579 3074 iuramento
2619 3012 2716 3075 est
2777 3012 3003 3096 duplex
3055 3014 3213 3078 ohli-

734 3114 929 3197 gatio,
964 3113 1094 3176 scil.
1129 3112 1448 3196 religionis
1481 3130 1627 3195 erga
1662 3110 1864 3174 Deum
1911 3111 1975 3174 et
2020 3111 2301 3175 iustitiae
2348 3130 2495 3196 erga
2532 3114 2922 3195 proximum:
2954 3117 3016 3179 111
3059 3120 3208 3181 voto

722 3218 870 3280 'sola
917 3216 1011 3278 est
1050 3215 1351 3298 obligatio
1398 3214 1734 3298 religionis,
1770 3213 1941 3276 Haec
1987 3214 2293 3277 sententia
2323 3214 2536 3278 Lessio
2583 3218 2679 3279 est
2715 3218 3076 3299 probabilis.

828 3315 991 3395 Quid
1022 3317 1075 3380 si
1106 3317 1453 3381 iuramento
1486 3315 1808 3380 confirmes
1839 3316 2229 3398 propositum
2266 3314 2629 3399 simpliciter
2675 3318 2940 3384 faciendi
2973 3321 3211 3403 aliquid

739 3421 802 3483 in
851 3418 967 3482 Dei
1011 3419 1329 3493 honorem,
1395 3419 1469 3481 ut
1514 3437 1582 3481 ex
1632 3418 1929 3501 religione
1993 3418 2125 3481 sola
2194 3418 2528 3483 iuramenti
2576 3421 2637 3483 te
2685 3421 2841 3485 velis
2891 3423 3211 3506 obligare?

742 3521 975 3586 Haberi
1022 3521 1183 3586 solet
1216 3520 1281 3584 id
1319 3522 1390 3584 ut
1423 3520 1820 3601 aequivalens
1852 3522 2021 3584 voto.
2048 3520 2083 3558 *

1840 3697 2002 3759 Dua.
2039 3696 2114 3759 V.

1354 3823 1518 3903 Quot
1561 3822 1760 3884 modas
1809 3818 2069 3884 tollatur
2113 3820 2410 3902 obliyatio
2455 3824 2599 3885 voti.

845 3966 1000 4018 XLV.
1024 3966 1169 4030 Resp.
1195 3961 1471 4029 Dupliciter
1495 3960 1601 4013 tolli
1625 3966 1801 4026 potest.
1835 3962 1881 4012 l.
1911 3959 2100 4013 Nullius
2127 3959 2415 4014 auctoritate
2442 3960 2801 4017 interveniente
2830 3964 2970 4031 idque
2998 3967 3079 4019 vel
3111 3982 3218 4020 ma·

737 4048 891 4104 teriae
926 4047 1210 4110 mutatione,
1239 4054 1291 4100 ut
1318 4047 1361 4100 si
1386 4045 1582 4099 materia
1612 4053 1721 4098 ante
1751 4047 1952 4097 honesta
1979 4047 2062 4097 ssat
2082 4044 2255 4111 turpis,
2279 4044 2562 4099 indifferens
2590 4050 2667 4100 vel
2693 4048 2976 4115 impeditiva
2996 4050 3216 4106 maioris

737 4137 868 4200 boni,
894 4136 1083 4190 ratione
1121 4148 1279 4188 novae
1307 4129 1700 4186 circumstantiae
1729 4133 1808 4183 vel
1837 4128 2209 4195 prohibitionis:
2236 4132 2318 4185 vel
2344 4129 2386 4183 si
2413 4133 2495 4184 liat
2520 4130 2843 4198 impossibilis
2866 4137 3089 4189 absolute
3119 4146 3214 4191 ant

724 4220 1014 4289 ‚moraliterz
1041 4222 1121 4272 vel
1160 4217 1403 4272 desitione
1429 4213 1740 4275 conditionis
1767 4229 1792 4266 a
1821 4227 1914 4279 qua
1943 4216 2202 4280 pendebat.
2237 4218 2284 4268 2.
2317 4217 2597 4269 lnterventu
2632 4218 2936 4272 auctoritatis
2959 4221 3219 4277 humanae

743 4304 888 4370 idque
916 4303 1190 4371 tripliciter,
1216 4299 1511 4363 irritatione,
1538 4297 1918 4351 commutatione
1947 4301 2024 4352 vel
2052 4296 2442 4365 dispensatione:
2470 4301 2531 4354 de
2555 4300 2751 4366 quibus,
2778 4301 3091 4369 sequentibus
3121 4308 3218 4359 du-

748 4387 857 4441 biis.
883 4391 970 4441 Est
1008 4385 1294 4441 communis.
1322 4386 1499 4438 Sanch.
1531 4387 1559 4434 l.
1592 4383 1637 4434 4.
1668 4398 1709 4436 c.
1743 4383 1828 4435 24.
1856 4385 1993 4436 Less.
2022 4384 2053 4436 1.
2089 4386 2136 4436 2.
2165 4400 2206 4437 c.
2238 4385 2323 4438 24.
2351 4385 2491 4438 Suar.
2519 4384 2624 4440 Fili.
2654 4395 2687 4440 t.
2720 4391 2806 4441 26.
2831 4403 2871 4440 0.
2900 4391 2944 4441 8.

836 4505 1008 4579 655.
1043 4508 1337 4591 Exempla
1361 4505 1732 4569 mutationis
1756 4505 2055 4568 materiae
2079 4505 2418 4571 secundum
2448 4507 2522 4571 A.
2556 4506 2622 4573 Si
2655 4511 2914 4574 „mter-ia
2941 4507 3222 4581 honesta

746 4613 997 4677 desinat
1040 4630 1168 4674 esse
1215 4609 1473 4672 honesta
1516 4610 1631 4667 aut
1674 4606 1794 4685 fiat
1840 4607 2072 4686 tunnis:
2112 4628 2162 4672 e.
2212 4629 2275 4693 g.
2315 4610 2368 4674 si
2413 4614 2554 4693 post
2601 4613 2820 4676 votum
2863 4610 3218 4695 religionis,
