3497 5147
397 333 544 404 [828]
892 351 979 392 An
1019 350 1171 400 Qum
1208 351 1577 394 mnanrna
1613 348 1931 391 mamas
1966 348 2135 390 maa
2171 348 2370 390 runos
2758 338 2863 393 611

401 446 465 509 et
495 446 793 531 religiosa
819 446 1164 527 institutio,
1190 448 1475 531 quaestio
1498 466 1661 512 nunc
1692 446 1990 529 temporis
2028 445 2296 511 suboriri
2331 448 2539 530 potest
2562 449 2626 511 et
2653 467 2867 532 reapse

399 546 658 613 suborta
697 552 827 614 est:
863 569 941 614 an
974 551 1148 616 mitti
1185 552 1426 635 possint
1460 551 1638 615 liberi
1676 549 1755 613 ad
1792 550 2038 615 scholas
2085 550 2484 615 acatholica&
2516 551 2741 617 Exstat
2770 554 2869 618 In-

401 650 667 716 structio
701 671 750 716 s,
788 650 1017 738 Congr.
1049 653 1124 719 de
1154 654 1339 737 Prop.
1373 653 1524 718 Fide
1563 652 1641 717 ad
1671 652 2009 734 Episcopos
2038 651 2523 718 Foederatorum
2569 652 2865 719 Sta-tuum

403 750 727 818 Americae
758 752 1293 837 Septentrionem,
1325 755 1476 820 data
1506 755 1612 819 30.
1646 754 1814 818 Iunii
1847 753 2040 817 1875.
2066 753 2130 817 et
2161 754 2504 837 approbata
2535 775 2572 819 a
2603 755 2717 821 Pio
2750 756 2861 821 IX.

407 853 513 918 24.
554 855 909 921 novembris
956 856 1232 922 eiusdem
1271 857 1437 931 anni,
1469 875 1628 938 quae
1674 855 1824 937 quid
1867 874 1993 921 non
2021 855 2209 919 liceat
2254 857 2318 921 et
2361 876 2472 921 cur
2501 875 2624 923 non
2658 858 2865 936 liceat,

406 977 552 1023 cum
575 959 651 1023 de
673 961 902 1026 scholis
935 961 1299 1027 acatholicis
1330 959 1562 1045 agitur,
1587 959 1752 1025 clare
1770 958 1968 1024 docet.
1994 958 2076 1022 Et
2106 957 2172 1021 in
2204 958 2420 1041 primis
2450 960 2757 1026 rationem
2777 960 2870 1024 in-

407 1060 761 1128 stituendae
775 1063 1123 1129 iuventutis
1137 1064 1453 1147 propriam
1471 1065 1535 1127 et
1558 1061 1931 1145 peculiarem
1947 1060 2175 1125 scholis
2200 1061 2560 1126 acatholicis
2577 1061 2869 1127 describit

409 1181 482 1228 ac
518 1164 776 1246 periculi
805 1166 1053 1249 plenam
1083 1168 1147 1231 et
1177 1184 1475 1249 perquam
1500 1164 1824 1230 adversam
1853 1163 1942 1227 rei
1965 1162 2308 1229 catholicae
2332 1163 2626 1229 affirmat.
2659 1190 2695 1222 «
2719 1163 2870 1228 Alu-

410 1266 541 1330 mni
558 1266 742 1345 enim,
760 1267 990 1345 subdit,
1001 1268 1230 1333 talium
1254 1267 1783 1343 scholanm‚cum
1806 1265 2056 1348 propria
2079 1265 2412 1330 earundem
2436 1266 2597 1330 ratio
2624 1284 2870 1330 omnem

410 1368 699 1434 excludat
734 1369 1081 1435 doctrinam
1116 1369 1458 1455 religioniS‚
1489 1388 1685 1451 neque
1730 1368 2083 1433 rudimenta
2128 1367 2272 1432 fidei
2313 1367 2629 1434 addiscent
2672 1387 2871 1450 neque

409 1470 717 1536 Ecclesiae
747 1470 1137 1538 instruentur
1157 1472 1502 1555 praeceptis
1526 1472 1714 1553 atque
1745 1471 1898 1536 adeo
1931 1471 2229 1535 carebunt
2255 1471 2609 1554 cognitione
2631 1470 2871 1536 homini

411 1591 599 1654 quam
643 1574 912 1639 maxime
957 1574 1321 1651 necessaria,
1356 1574 1488 1639 sine
1532 1593 1659 1656 qua
1693 1573 2028 1638 christiane
2074 1591 2194 1638 non
2241 1573 2541 1638 vivitur...
2580 1573 2655 1636 In
2690 1588 2872 1655 prae*

411 1674 595 1739 dictis
632 1675 926 1741 scholis...
958 1675 1501 1741 indiscriminatim
1531 1694 1604 1739 ex
1642 1674 1812 1739 omni
1841 1676 2010 1739 secta
2039 1674 2328 1758 magistri
2361 1673 2749 1752 adhibentur,
2773 1675 2868 1739 ita

409 1777 483 1840 ut
517 1776 783 1843 liberum
813 1776 902 1842 sit
931 1797 1167 1843 errores
1200 1780 1266 1843 et
1308 1778 1607 1843 vitiorum
1643 1776 1880 1842 semina
1925 1776 2153 1840 teneris
2183 1776 2497 1841 mentibus
2526 1776 2864 1841 infundere.

411 1875 597 1943 Certa
625 1879 779 1944 item
816 1881 1169 1964 corruptela
1198 1880 1450 1964 insuper
1480 1900 1553 1945 ex
1582 1881 1699 1944 hoc
1728 1879 2061 1963 impendet,
2094 1878 2259 1960 quod
2289 1879 2351 1943 in
2389 1878 2607 1944 iisdem
2638 1879 2867 1944 scholis

342 2024 355 2037 .
414 1982 526 2044 aut
554 1981 777 2046 saltem
810 1982 1091 2066 pluribus
1128 1983 1403 2061 illarum,
1436 1982 1764 2064 utriusque
1794 2000 1975 2046 sexus
2007 1981 2422 2045 adolescentes
2453 1981 2518 2044 et
2548 1980 2866 2045 audiendis

410 2083 779 2149 lectionibus
813 2085 880 2148 in
907 2083 1072 2150 idem
1104 2085 1392 2150 conclave
1437 2085 1897 2169 congregantur
1928 2085 1991 2146 et
2025 2082 2232 2147 sedere
2267 2081 2332 2148 in
2369 2081 2585 2147 eodem
2615 2100 2866 2149 scamno

413 2189 676 2255 masculi
705 2190 882 2256 iuxta
925 2191 1189 2256 feminas
1231 2192 1544 2257 iubentur.
1578 2189 1750 2271 Quae
1798 2190 1966 2255 omia
1997 2189 2291 2265 efficiunt,
2330 2190 2407 2253 ut
2434 2189 2727 2253 iuventus
2755 2187 2869 2253 mi-

409 2313 547 2359 sera
583 2292 808 2358 damno
841 2296 1184 2379 exponatur
1221 2295 1284 2359 et
1312 2295 1473 2361 circa
1510 2294 1695 2358 fidem
1727 2313 1799 2358 ac
1828 2310 2032 2358 mores
2063 2291 2446 2374 periclitetur
2469 2315 2531 2355 ».

498 2398 633 2478 Quo
672 2398 899 2482 posite,
932 2418 1006 2462 en
1036 2399 1276 2482 regula,
1310 2417 1499 2480 quam
1529 2396 1857 2481 prudentia
1903 2394 2241 2460 christiana
2286 2392 2572 2478 suggerit
2607 2394 2670 2457 et
2701 2391 2761 2457 S.
2796 2390 2872 2461 C.

413 2503 804 2588 praescribit:
831 2502 972 2567 Hoc
1010 2504 1222 2569 autem
1245 2503 1601 2586 periculum
1630 2501 2057 2585 perversiom's
2084 2501 2217 2565 nisi
2258 2520 2337 2564 ex
2356 2500 2647 2582 proxim
2676 2519 2871 2565 remo-

417 2613 545 2673 tum
576 2609 712 2690 fiat,
750 2607 907 2673 tales
936 2606 1180 2672 scholae
1219 2611 1355 2671 tuta
1382 2606 1762 2671 conscientia
1794 2604 2186 2687 frequentari
2210 2607 2540 2685 nequeunt.

491 2710 631 2775 Non
665 2712 857 2796 negat
887 2710 1125 2775 scilicet
1154 2707 1214 2774 S.
1242 2706 1310 2773 C.
1336 2709 1492 2773 talia
1524 2727 1654 2772 esse
1690 2726 1870 2790 posse
1900 2726 2108 2772 rerum
2145 2706 2457 2782 adiuncta,
2483 2707 2557 2769 ut
2585 2706 2869 2788 parentes

414 2812 706 2879 catholici
750 2811 1111 2878 huiusmodi
1158 2810 1384 2876 scholis
1430 2810 1665 2893 prolem
1712 2829 1892 2874 suam
1939 2809 2326 2874 committere
2371 2807 2437 2870 in
2496 2806 2870 2871 conscientia

413 2916 673 2998 possint.
709 2913 827 2980 Sed
864 2917 1077 2980 monet
1122 2913 1320 2996 primo
1360 2913 1643 2995 oportere
1679 2914 1754 2977 ut
1790 2936 1827 2970 «
1860 2911 1936 2975 ad
1982 2911 2072 2976 sic
2117 2909 2424 2995 agendum
2461 2908 2865 2974 sufficientem

411 3035 665 3082 causam
713 3017 984 3082 habeant
1043 3035 1115 3080 ac
1160 3016 1307 3080 talis
1352 3034 1539 3080 causa
1585 3014 1898 3079 sufficiens
1942 3013 2007 3077 in
2053 3031 2203 3077 casu
2248 3011 2458 3093 aliquo
2507 3010 2872 3093 particulari

417 3123 634 3187 utrum
665 3119 832 3185 adsit
860 3138 972 3185 nec
999 3137 1096 3198 ne,
1135 3118 1198 3183 id
1231 3117 1638 3184 conscientiae
1671 3135 1745 3180 ac
1787 3115 2016 3180 iudicio
2047 3115 2492 3198 Episcoporum
2523 3112 2871 3193 relinquen-

412 3222 560 3286 dum
593 3240 724 3287 esse
755 3246 817 3286 ».
851 3222 944 3286 Ea
979 3239 1123 3286 vero
1163 3243 1198 3279 ‹
1228 3221 1591 3304 plerumque
1627 3219 1848 3295 aderit,
1883 3217 2128 3301 quando
2160 3216 2260 3281 vel
2290 3215 2463 3279 nulla
2493 3216 2741 3298 praesto
2775 3213 2872 3277 est

412 3326 624 3393 schola
670 3325 978 3391 catholica
1007 3324 1109 3389 vel
1154 3342 1313 3405 quae
1358 3323 1656 3406 suppetit,
1688 3341 1912 3405 parum
1943 3322 2040 3384 est
2083 3320 2303 3383 idonea
2350 3316 2695 3381 erudiendis
2732 3334 2872 3380 con·

412 3428 728 3495 venienter
757 3426 1097 3493 conditioni
1132 3444 1282 3490 suae
1313 3426 1841 3508 congruenterque
1873 3420 2365 3486 adolescentibus
2389 3443 2451 3481 ».

495 3531 845 3595 Exsistente
884 3530 1095 3594 antem
1130 3525 1490 3592 huiusmodi
1522 3544 1727 3603 causa,
1770 3547 1805 3583 ‹
1834 3525 1899 3588 in
1936 3522 2152 3607 primis
2188 3519 2539 3596 videndum,
2578 3520 2871 3583 utrumne

415 3632 481 3695 in
514 3632 742 3710 schola,
777 3632 849 3697 de
896 3652 1020 3715 qua
1068 3629 1347 3696 adeunda
1392 3627 1730 3711 quaeritur,
1769 3624 2176 3709 perversionis
2207 3621 2549 3706 periculum
2598 3619 2682 3684 sit
2717 3618 2873 3683 eius-

417 3734 606 3813 modi,
640 3734 805 3817 quod
843 3735 977 3800 fieri
1020 3736 1332 3800 remotum
1377 3733 1558 3817 plane
1604 3730 1897 3812 nequeat:
1946 3725 2120 3791 velut
2169 3724 2413 3807 quoties
2460 3722 2545 3787 ibi
2606 3722 2719 3786 aut
2769 3721 2874 3787 do·

416 3839 671 3905 ceantur
717 3837 1022 3920 quaedam
1070 3838 1182 3901 aut
1226 3838 1498 3922 agantur
1526 3833 1841 3900 doctrinae
1887 3827 2228 3895 catholicae
2259 3827 2556 3908 bonisque
2593 3824 2871 3890 moribus

415 3940 725 4005 contraria
780 3958 1061 4022 quaeque
1116 3939 1274 4004 citra
1335 3938 1577 4003 animae
1623 3935 2064 4001 detrimentum
2109 3950 2304 4014 neque
2360 3929 2559 3994 audiri
2611 3930 2873 4012 possunt

417 4061 612 4126 neque
645 4043 878 4128 peragi.
913 4042 1097 4108 Enim
1128 4060 1272 4106 vero
1310 4042 1437 4107 tale
1474 4040 1838 4124 periculum,
1872 4038 1946 4101 ut
1990 4055 2098 4119 per
2143 4055 2207 4101 se
2251 4035 2446 4119 patet,
2483 4032 2731 4098 omnino
2779 4031 2873 4095 vi-

413 4145 675 4209 tandum
708 4145 803 4210 est
833 4164 976 4210 cum
1008 4162 1397 4226 quocumque
1435 4143 1660 4209 damno
1691 4138 2043 4224 temporali,
2076 4138 2267 4203 etiam
2297 4137 2465 4200 vitae
2496 4158 2557 4197 ».

502 4248 667 4312 Tum
693 4247 979 4332 suggerit
1010 4244 1314 4327 quaedam
1359 4245 1581 4325 media,
1615 4244 1841 4327 quibus
1887 4241 2231 4326 periculum
2267 4238 2577 4302 remotum
2607 4235 2753 4300 fiat:
2786 4234 2876 4300 in·

415 4349 811 4415 stitutionem
842 4366 1061 4431 nempe
1092 4346 1496 4413 christianam
1531 4349 1595 4413 et
1630 4346 2060 4411 educationem
2096 4343 2268 4407 extra
2314 4341 2560 4422 tempus
2606 4337 2873 4414 scholae,

417 4452 764 4517 catecheses
811 4452 876 4516 et
906 4449 1242 4517 sollicitam
1288 4467 1503 4513 curam
1537 4449 1869 4532 parentum
1902 4447 2015 4511 aut
2043 4444 2151 4528 qui
2182 4462 2396 4508 eorum
2431 4442 2568 4505 loco
2601 4441 2767 4518 sunt,
2801 4441 2877 4504 ut

420 4555 752 4640 diligenter
782 4552 1274 4619 adolescentibus
1307 4550 1666 4634 advigilent.
