<?xml version="1.0" encoding="UTF-8"?>
<!DOCTYPE html PUBLIC "-//W3C//DTD XHTML 1.0 Transitional//EN"
    "http://www.w3.org/TR/xhtml1/DTD/xhtml1-transitional.dtd">
<html xmlns="http://www.w3.org/1999/xhtml" xml:lang="en" lang="en">
 <head>
  <title>
</title>
<meta http-equiv="Content-Type" content="text/html;charset=utf-8" />
  <meta name='ocr-system' content='tesseract 3.04.00' />
  <meta name='ocr-capabilities' content='ocr_page ocr_carea ocr_par ocr_line ocrx_word'/>
</head>
<body>
  <div class='ocr_page' id='page_1' title='image "./opustheologicum00ballgoog/opustheologicum00ballgoog_0023.png"; bbox 0 0 3497 5147; ppageno 0'>
   <div class='ocr_carea' id='block_1_1' title="bbox 685 381 3151 464">
    <p class='ocr_par' dir='ltr' id='par_1_1' title="bbox 685 381 3151 464">
     <span class='ocr_line' id='line_1_1' title="bbox 685 381 3151 464; baseline 0.002 -25"><span class='ocrx_word' id='word_1_1' title='bbox 685 385 753 440; x_wconf 88' lang='lat'><strong>16</strong></span> <span class='ocrx_word' id='word_1_2' title='bbox 1098 402 1309 445; x_wconf 57' lang='lat' dir='ltr'><strong>macr.</strong></span> <span class='ocrx_word' id='word_1_3' title='bbox 1349 404 1405 444; x_wconf 89' lang='lat' dir='ltr'><strong>v.</strong></span> <span class='ocrx_word' id='word_1_4' title='bbox 1444 402 1605 444; x_wconf 73' lang='lat' dir='ltr'><strong>sacr.</strong></span> <span class='ocrx_word' id='word_1_5' title='bbox 1643 404 1683 443; x_wconf 91' lang='grc'><strong>1.</strong></span> <span class='ocrx_word' id='word_1_6' title='bbox 1721 403 1807 442; x_wconf 75' lang='lat' dir='ltr'><strong>nn</strong></span> <span class='ocrx_word' id='word_1_7' title='bbox 1843 381 2174 444; x_wconf 72' lang='lat' dir='ltr'><strong>Pnncsmrs</strong></span> <span class='ocrx_word' id='word_1_8' title='bbox 2212 401 2399 443; x_wconf 66' lang='lat' dir='ltr'><strong>tunm.</strong></span> <span class='ocrx_word' id='word_1_9' title='bbox 2439 398 2642 444; x_wconf 68' lang='lat' dir='ltr'><strong>oAPn‘r</strong></span> <span class='ocrx_word' id='word_1_10' title='bbox 2678 402 2743 441; x_wconf 90' lang='lat'><strong>11.</strong></span> <span class='ocrx_word' id='word_1_11' title='bbox 3043 388 3151 464; x_wconf 74' lang='lat'>[221</span> 
     </span>
    </p>
   </div>
   <div class='ocr_carea' id='block_1_2' title="bbox 678 459 3152 910">
    <p class='ocr_par' dir='ltr' id='par_1_2' title="bbox 678 459 3152 791">
     <span class='ocr_line' id='line_1_2' title="bbox 678 459 3152 585; baseline 0.003 -25"><span class='ocrx_word' id='word_1_12' title='bbox 678 496 841 576; x_wconf 90' lang='lat' dir='ltr'><strong>fidei,</strong></span> <span class='ocrx_word' id='word_1_13' title='bbox 877 500 1026 583; x_wconf 88' lang='lat' dir='ltr'><strong>spei,</strong></span> <span class='ocrx_word' id='word_1_14' title='bbox 1059 500 1344 565; x_wconf 89' lang='lat' dir='ltr'><strong>caritatis</strong></span> <span class='ocrx_word' id='word_1_15' title='bbox 1376 501 1439 564; x_wconf 89' lang='lat' dir='ltr'><strong>et</strong></span> <span class='ocrx_word' id='word_1_16' title='bbox 1471 500 1886 578; x_wconf 89' lang='lat' dir='ltr'><strong>contritionis,</strong></span> <span class='ocrx_word' id='word_1_17' title='bbox 1929 500 2262 585; x_wconf 89' lang='lat' dir='ltr'><strong>obligando</strong></span> <span class='ocrx_word' id='word_1_18' title='bbox 2282 459 2520 564; x_wconf 57' lang='lat' dir='ltr'><strong>&#39;tamen</strong></span> <span class='ocrx_word' id='word_1_19' title='bbox 2568 517 2694 577; x_wconf 88' lang='lat' dir='ltr'><strong>eos,</strong></span> <span class='ocrx_word' id='word_1_20' title='bbox 2744 501 2818 565; x_wconf 91' lang='lat' dir='ltr'><strong>ut</strong></span> <span class='ocrx_word' id='word_1_21' title='bbox 2852 499 2918 564; x_wconf 91' lang='lat' dir='ltr'><strong>in</strong></span> <span class='ocrx_word' id='word_1_22' title='bbox 2950 505 3152 585; x_wconf 87' lang='lat' dir='ltr'><strong>poste·</strong></span> 
     </span>
     <span class='ocr_line' id='line_1_3' title="bbox 680 602 3148 688; baseline 0.002 -25"><span class='ocrx_word' id='word_1_23' title='bbox 680 620 821 664; x_wconf 90' lang='lat' dir='ltr'><strong>rum</strong></span> <span class='ocrx_word' id='word_1_24' title='bbox 852 602 1116 684; x_wconf 78' lang='lat' dir='ltr'>perfecte</span> <span class='ocrx_word' id='word_1_25' title='bbox 1147 622 1212 667; x_wconf 90' lang='lat' dir='ltr'><strong>se</strong></span> <span class='ocrx_word' id='word_1_26' title='bbox 1242 602 1473 667; x_wconf 89' lang='lat' dir='ltr'><strong>instrui</strong></span> <span class='ocrx_word' id='word_1_27' title='bbox 1518 603 1754 668; x_wconf 90' lang='lat' dir='ltr'><strong>faciant</strong></span> <span class='ocrx_word' id='word_1_28' title='bbox 1800 604 1961 668; x_wconf 87' lang='lat' dir='ltr'><strong>circa</strong></span> <span class='ocrx_word' id='word_1_29' title='bbox 1998 605 2202 667; x_wconf 88' lang='lat' dir='ltr'><strong>cetera</strong></span> <span class='ocrx_word' id='word_1_30' title='bbox 2249 602 2551 688; x_wconf 81' lang='lat' dir='ltr'><strong>mysteria</strong></span> <span class='ocrx_word' id='word_1_31' title='bbox 2598 602 2761 667; x_wconf 91' lang='lat' dir='ltr'><strong>scitu</strong></span> <span class='ocrx_word' id='word_1_32' title='bbox 2806 605 3148 669; x_wconf 84' lang='lat' dir='ltr'><strong>necessaria</strong></span> 
     </span>
     <span class='ocr_line' id='line_1_4' title="bbox 678 702 1592 791; baseline 0.004 -25"><span class='ocrx_word' id='word_1_33' title='bbox 678 702 752 767; x_wconf 90' lang='lat' dir='ltr'><strong>de</strong></span> <span class='ocrx_word' id='word_1_34' title='bbox 782 705 1149 770; x_wconf 74' lang='lat' dir='ltr'><strong>necessitate</strong></span> <span class='ocrx_word' id='word_1_35' title='bbox 1182 707 1493 791; x_wconf 78' lang='lat' dir='ltr'><strong>praecepti</strong></span> <span class='ocrx_word' id='word_1_36' title='bbox 1531 731 1592 770; x_wconf 81' lang='lat'><strong>›.</strong></span> 
     </span>
    </p>

    <p class='ocr_par' dir='ltr' id='par_1_3' title="bbox 785 839 3145 910">
     <span class='ocr_line' id='line_1_5' title="bbox 785 839 3145 910; baseline 0.002 -17"><span class='ocrx_word' id='word_1_37' title='bbox 785 843 872 894; x_wconf 83' lang='grc' dir='ltr'><strong>ΧΙ.</strong></span> <span class='ocrx_word' id='word_1_38' title='bbox 896 844 944 894; x_wconf 91' lang='grc'><strong>8.</strong></span> <span class='ocrx_word' id='word_1_39' title='bbox 969 845 1211 897; x_wconf 77' lang='lat' dir='ltr'>parochus</span> <span class='ocrx_word' id='word_1_40' title='bbox 1237 858 1352 898; x_wconf 85' lang='lat' dir='ltr'><strong>suas</strong></span> <span class='ocrx_word' id='word_1_41' title='bbox 1377 858 1499 897; x_wconf 84' lang='lat' dir='ltr'><strong>oves</strong></span> <span class='ocrx_word' id='word_1_42' title='bbox 1525 843 1673 908; x_wconf 81' lang='lat' dir='ltr'><strong>(sicut</strong></span> <span class='ocrx_word' id='word_1_43' title='bbox 1701 857 1878 910; x_wconf 85' lang='lat' dir='ltr'><strong>parens</strong></span> <span class='ocrx_word' id='word_1_44' title='bbox 1904 839 2112 905; x_wconf 80' lang='lat' dir='ltr'><strong>liberos)</strong></span> <span class='ocrx_word' id='word_1_45' title='bbox 2139 849 2331 897; x_wconf 79' lang='lat' dir='ltr'><strong>tenetur</strong></span> <span class='ocrx_word' id='word_1_46' title='bbox 2355 845 2446 896; x_wconf 87' lang='lat' dir='ltr'><strong>sub</strong></span> <span class='ocrx_word' id='word_1_47' title='bbox 2475 842 2687 905; x_wconf 79' lang='lat' dir='ltr'>mortali,</span> <span class='ocrx_word' id='word_1_48' title='bbox 2712 857 2798 910; x_wconf 84' lang='lat' dir='ltr'><strong>per</strong></span> <span class='ocrx_word' id='word_1_49' title='bbox 2825 857 2877 896; x_wconf 90' lang='lat' dir='ltr'><strong>se</strong></span> <span class='ocrx_word' id='word_1_50' title='bbox 2898 847 2976 897; x_wconf 84' lang='lat' dir='ltr'><strong>vel</strong></span> <span class='ocrx_word' id='word_1_51' title='bbox 2998 843 3145 898; x_wconf 87' lang='lat' dir='ltr'><strong>alium</strong></span> 
     </span>
    </p>
   </div>
   <div class='ocr_carea' id='block_1_3' title="bbox 676 925 3141 1073">
    <p class='ocr_par' dir='ltr' id='par_1_4' title="bbox 676 925 3141 1073">
     <span class='ocr_line' id='line_1_6' title="bbox 676 925 3141 993; baseline 0.002 -16"><span class='ocrx_word' id='word_1_52' title='bbox 676 925 856 979; x_wconf 83' lang='lat' dir='ltr'><strong>docere</strong></span> <span class='ocrx_word' id='word_1_53' title='bbox 882 941 939 979; x_wconf 84' lang='lat' dir='ltr'><strong>ea</strong></span> <span class='ocrx_word' id='word_1_54' title='bbox 964 930 1153 991; x_wconf 83' lang='lat' dir='ltr'><strong>saltem,</strong></span> <span class='ocrx_word' id='word_1_55' title='bbox 1173 942 1297 993; x_wconf 82' lang='lat' dir='ltr'><strong>quae</strong></span> <span class='ocrx_word' id='word_1_56' title='bbox 1322 931 1414 981; x_wconf 87' lang='lat' dir='ltr'><strong>sub</strong></span> <span class='ocrx_word' id='word_1_57' title='bbox 1441 927 1636 982; x_wconf 80' lang='lat' dir='ltr'><strong>mortali</strong></span> <span class='ocrx_word' id='word_1_58' title='bbox 1658 927 1782 980; x_wconf 85' lang='lat' dir='ltr'><strong>scire</strong></span> <span class='ocrx_word' id='word_1_59' title='bbox 1809 933 2052 982; x_wconf 79' lang='lat' dir='ltr'><strong>tenentur.</strong></span> <span class='ocrx_word' id='word_1_60' title='bbox 2074 929 2251 981; x_wconf 81' lang='lat' dir='ltr'><strong>Sancb.</strong></span> <span class='ocrx_word' id='word_1_61' title='bbox 2277 930 2326 981; x_wconf 79' lang='lat'><strong>2.</strong></span> <span class='ocrx_word' id='word_1_62' title='bbox 2347 928 2488 984; x_wconf 80' lang='lat' dir='ltr'><strong>Mor.</strong></span> <span class='ocrx_word' id='word_1_63' title='bbox 2511 942 2555 981; x_wconf 85' lang='lat' dir='ltr'><strong>c.</strong></span> <span class='ocrx_word' id='word_1_64' title='bbox 2584 930 2632 982; x_wconf 88' lang='lat'><strong>3.</strong></span> <span class='ocrx_word' id='word_1_65' title='bbox 2657 926 2847 982; x_wconf 83' lang='lat' dir='ltr'><strong>Filliuc.</strong></span> <span class='ocrx_word' id='word_1_66' title='bbox 2869 930 2900 983; x_wconf 94' lang='lat'><strong>1.</strong></span> <span class='ocrx_word' id='word_1_67' title='bbox 2927 944 2969 983; x_wconf 89' lang='lat' dir='ltr'><strong>c.</strong></span> <span class='ocrx_word' id='word_1_68' title='bbox 2989 943 3035 983; x_wconf 87' lang='lat' dir='ltr'><strong>u.</strong></span> <span class='ocrx_word' id='word_1_69' title='bbox 3059 930 3141 983; x_wconf 72' lang='lat'><strong>47.</strong></span> 
     </span>
     <span class='ocr_line' id='line_1_7' title="bbox 676 1011 1606 1073; baseline 0 -11"><span class='ocrx_word' id='word_1_70' title='bbox 676 1011 867 1073; x_wconf 70' lang='lat' dir='ltr'><strong>Pulsus,</strong></span> <span class='ocrx_word' id='word_1_71' title='bbox 896 1014 1052 1065; x_wconf 80' lang='lat' dir='ltr'><strong>Trull.</strong></span> <span class='ocrx_word' id='word_1_72' title='bbox 1082 1014 1113 1064; x_wconf 92' lang='grc' dir='ltr'><strong>Ι.</strong></span> <span class='ocrx_word' id='word_1_73' title='bbox 1142 1015 1190 1065; x_wconf 78' lang='lat'><strong>2.</strong></span> <span class='ocrx_word' id='word_1_74' title='bbox 1217 1026 1261 1065; x_wconf 85' lang='lat' dir='ltr'><strong>c.</strong></span> <span class='ocrx_word' id='word_1_75' title='bbox 1296 1015 1340 1065; x_wconf 78' lang='grc'><strong>1.</strong></span> <span class='ocrx_word' id='word_1_76' title='bbox 1366 1011 1487 1066; x_wconf 88' lang='lat' dir='ltr'><strong>Con.</strong></span> <span class='ocrx_word' id='word_1_77' title='bbox 1512 1018 1606 1066; x_wconf 81' lang='lat' dir='ltr'><strong>etc.</strong></span> 
     </span>
    </p>
   </div>
   <div class='ocr_carea' id='block_1_4' title="bbox 770 1118 1102 1186">
    <p class='ocr_par' dir='ltr' id='par_1_5' title="bbox 770 1118 1102 1186">
     <span class='ocr_line' id='line_1_8' title="bbox 770 1118 1102 1186; baseline 0 -1"><span class='ocrx_word' id='word_1_78' title='bbox 770 1118 955 1186; x_wconf 82' lang='lat' dir='ltr'><strong>Clara</strong></span> <span class='ocrx_word' id='word_1_79' title='bbox 988 1122 1102 1186; x_wconf 90' lang='lat' dir='ltr'><strong>est.</strong></span> 
     </span>
    </p>
   </div>
   <div class='ocr_carea' id='block_1_5' title="bbox 1302 1277 2528 1494">
    <p class='ocr_par' dir='ltr' id='par_1_6' title="bbox 1302 1277 2528 1494">
     <span class='ocr_line' id='line_1_9' title="bbox 1711 1277 2102 1345; baseline -0.008 -1"><span class='ocrx_word' id='word_1_80' title='bbox 1711 1277 1984 1345; x_wconf 87' lang='lat' dir='ltr'>CAPUT</span> <span class='ocrx_word' id='word_1_81' title='bbox 2018 1279 2102 1342; x_wconf 95' lang='lat' dir='ltr'><strong>II.</strong></span> 
     </span>
     <span class='ocr_line' id='line_1_10' title="bbox 1302 1432 2528 1494; baseline -0.002 -11"><span class='ocrx_word' id='word_1_82' title='bbox 1302 1436 1597 1494; x_wconf 75' lang='lat' dir='ltr'>QUOMODO</span> <span class='ocrx_word' id='word_1_83' title='bbox 1630 1435 1889 1483; x_wconf 73' lang='lat' dir='ltr'><strong>onmem·</strong></span> <span class='ocrx_word' id='word_1_84' title='bbox 1919 1432 2328 1482; x_wconf 63' lang='lat' dir='ltr'><strong>anncnp‘mm</strong></span> <span class='ocrx_word' id='word_1_85' title='bbox 2362 1434 2528 1482; x_wconf 75' lang='lat' dir='ltr'><strong>rrum</strong></span> 
     </span>
    </p>
   </div>
   <div class='ocr_carea' id='block_1_6' title="bbox 652 1571 3136 3409">
    <p class='ocr_par' dir='ltr' id='par_1_7' title="bbox 667 1571 3136 2173">
     <span class='ocr_line' id='line_1_11' title="bbox 762 1571 3132 1661; baseline -0.002 -17"><span class='ocrx_word' id='word_1_86' title='bbox 762 1571 892 1645; x_wconf 86' lang='lat'><strong>22.</strong></span> <span class='ocrx_word' id='word_1_87' title='bbox 942 1577 1212 1642; x_wconf 84' lang='lat' dir='ltr'><strong>Adverte</strong></span> <span class='ocrx_word' id='word_1_88' title='bbox 1259 1578 1656 1661; x_wconf 89' lang='lat' dir='ltr'><strong>praeceptum</strong></span> <span class='ocrx_word' id='word_1_89' title='bbox 1701 1576 1844 1642; x_wconf 91' lang='lat' dir='ltr'><strong>fidei</strong></span> <span class='ocrx_word' id='word_1_90' title='bbox 1890 1578 1953 1641; x_wconf 90' lang='lat' dir='ltr'><strong>et</strong></span> <span class='ocrx_word' id='word_1_91' title='bbox 1997 1576 2452 1657; x_wconf 75' lang='lat' dir='ltr'><strong>affirmativum</strong></span> <span class='ocrx_word' id='word_1_92' title='bbox 2483 1596 2612 1642; x_wconf 88' lang='lat' dir='ltr'><strong>esse</strong></span> <span class='ocrx_word' id='word_1_93' title='bbox 2651 1578 2715 1641; x_wconf 89' lang='lat' dir='ltr'><strong>et</strong></span> <span class='ocrx_word' id='word_1_94' title='bbox 2759 1578 3132 1659; x_wconf 72' lang='lat' dir='ltr'><strong>neyativum.</strong></span> 
     </span>
     <span class='ocr_line' id='line_1_12' title="bbox 670 1676 3136 1764; baseline 0 -22"><span class='ocrx_word' id='word_1_95' title='bbox 670 1676 807 1758; x_wconf 85' lang='lat' dir='ltr'><strong>Qua</strong></span> <span class='ocrx_word' id='word_1_96' title='bbox 839 1681 936 1745; x_wconf 90' lang='lat' dir='ltr'><strong>est</strong></span> <span class='ocrx_word' id='word_1_97' title='bbox 964 1680 1438 1761; x_wconf 59' lang='lat' dir='ltr'><strong>aspir-mimam,</strong></span> <span class='ocrx_word' id='word_1_98' title='bbox 1472 1680 1667 1764; x_wconf 78' lang='lat' dir='ltr'><strong>exigit</strong></span> <span class='ocrx_word' id='word_1_99' title='bbox 1712 1680 1787 1743; x_wconf 92' lang='lat' dir='ltr'><strong>ut</strong></span> <span class='ocrx_word' id='word_1_100' title='bbox 1819 1678 2026 1744; x_wconf 89' lang='lat' dir='ltr'><strong>omnia</strong></span> <span class='ocrx_word' id='word_1_101' title='bbox 2064 1679 2385 1743; x_wconf 80' lang='lat' dir='ltr'><strong>credamus</strong></span> <span class='ocrx_word' id='word_1_102' title='bbox 2425 1697 2461 1743; x_wconf 89' lang='lat' dir='ltr'><strong>a</strong></span> <span class='ocrx_word' id='word_1_103' title='bbox 2493 1680 2621 1746; x_wconf 91' lang='lat' dir='ltr'><strong>Deo</strong></span> <span class='ocrx_word' id='word_1_104' title='bbox 2655 1680 2928 1744; x_wconf 84' lang='lat' dir='ltr'><strong>revelata</strong></span> <span class='ocrx_word' id='word_1_105' title='bbox 2963 1681 3025 1744; x_wconf 91' lang='lat' dir='ltr'><strong>et</strong></span> <span class='ocrx_word' id='word_1_106' title='bbox 3058 1679 3136 1743; x_wconf 87' lang='lat' dir='ltr'><strong>ab</strong></span> 
     </span>
     <span class='ocr_line' id='line_1_13' title="bbox 668 1780 3136 1867; baseline 0.001 -23"><span class='ocrx_word' id='word_1_107' title='bbox 668 1780 943 1847; x_wconf 85' lang='lat' dir='ltr'><strong>Ecclesia</strong></span> <span class='ocrx_word' id='word_1_108' title='bbox 975 1784 1294 1867; x_wconf 89' lang='lat' dir='ltr'><strong>proposita</strong></span> <span class='ocrx_word' id='word_1_109' title='bbox 1340 1786 1415 1849; x_wconf 92' lang='lat' dir='ltr'><strong>ut</strong></span> <span class='ocrx_word' id='word_1_110' title='bbox 1461 1783 1759 1849; x_wconf 87' lang='lat' dir='ltr'><strong>credenda</strong></span> <span class='ocrx_word' id='word_1_111' title='bbox 1806 1784 1870 1847; x_wconf 92' lang='lat' dir='ltr'><strong>et</strong></span> <span class='ocrx_word' id='word_1_112' title='bbox 1914 1782 2029 1846; x_wconf 93' lang='lat' dir='ltr'><strong>hoc</strong></span> <span class='ocrx_word' id='word_1_113' title='bbox 2076 1782 2352 1846; x_wconf 86' lang='lat' dir='ltr'><strong>violatur</strong></span> <span class='ocrx_word' id='word_1_114' title='bbox 2384 1801 2493 1865; x_wconf 89' lang='lat' dir='ltr'><strong>per</strong></span> <span class='ocrx_word' id='word_1_115' title='bbox 2534 1781 2948 1849; x_wconf 90' lang='lat' dir='ltr'><strong>omissionem.</strong></span> <span class='ocrx_word' id='word_1_116' title='bbox 2999 1780 3136 1862; x_wconf 82' lang='lat' dir='ltr'><strong>Qua</strong></span> 
     </span>
     <span class='ocr_line' id='line_1_14' title="bbox 668 1884 3136 1969; baseline 0.001 -24"><span class='ocrx_word' id='word_1_117' title='bbox 668 1885 1027 1964; x_wconf 76' lang='lat' dir='ltr'><strong>neyativum</strong></span> <span class='ocrx_word' id='word_1_118' title='bbox 1072 1886 1356 1969; x_wconf 80' lang='lat' dir='ltr'><strong>prohibet</strong></span> <span class='ocrx_word' id='word_1_119' title='bbox 1402 1885 1663 1950; x_wconf 89' lang='lat' dir='ltr'><strong>dubium</strong></span> <span class='ocrx_word' id='word_1_120' title='bbox 1710 1886 1774 1949; x_wconf 90' lang='lat' dir='ltr'><strong>et</strong></span> <span class='ocrx_word' id='word_1_121' title='bbox 1819 1884 2167 1950; x_wconf 83' lang='lat' dir='ltr'><strong>dissensum</strong></span> <span class='ocrx_word' id='word_1_122' title='bbox 2214 1884 2375 1949; x_wconf 88' lang='lat' dir='ltr'><strong>circa</strong></span> <span class='ocrx_word' id='word_1_123' title='bbox 2430 1884 2542 1951; x_wconf 87' lang='lat' dir='ltr'><strong>illa</strong></span> <span class='ocrx_word' id='word_1_124' title='bbox 2588 1886 2653 1949; x_wconf 90' lang='lat' dir='ltr'><strong>et</strong></span> <span class='ocrx_word' id='word_1_125' title='bbox 2697 1884 2815 1948; x_wconf 91' lang='lat' dir='ltr'><strong>hoc</strong></span> <span class='ocrx_word' id='word_1_126' title='bbox 2860 1884 3136 1950; x_wconf 85' lang='lat' dir='ltr'><strong>violatur</strong></span> 
     </span>
     <span class='ocr_line' id='line_1_15' title="bbox 668 1984 3131 2073; baseline 0 -24"><span class='ocrx_word' id='word_1_127' title='bbox 668 2004 774 2067; x_wconf 90' lang='lat' dir='ltr'><strong>per</strong></span> <span class='ocrx_word' id='word_1_128' title='bbox 807 1986 1333 2052; x_wconf 83' lang='lat' dir='ltr'><strong>contrarietatem.</strong></span> <span class='ocrx_word' id='word_1_129' title='bbox 1367 1987 1505 2052; x_wconf 90' lang='lat' dir='ltr'><strong>Hoc</strong></span> <span class='ocrx_word' id='word_1_130' title='bbox 1544 1986 1785 2073; x_wconf 88' lang='lat' dir='ltr'><strong>Obligat</strong></span> <span class='ocrx_word' id='word_1_131' title='bbox 1815 2005 2055 2070; x_wconf 91' lang='lat' dir='ltr'><strong>semper</strong></span> <span class='ocrx_word' id='word_1_132' title='bbox 2086 1989 2149 2051; x_wconf 89' lang='lat' dir='ltr'><strong>et</strong></span> <span class='ocrx_word' id='word_1_133' title='bbox 2179 2005 2291 2070; x_wconf 90' lang='lat' dir='ltr'><strong>pro</strong></span> <span class='ocrx_word' id='word_1_134' title='bbox 2325 2006 2583 2070; x_wconf 87' lang='lat' dir='ltr'><strong>semper,</strong></span> <span class='ocrx_word' id='word_1_135' title='bbox 2617 2006 2740 2052; x_wconf 90' lang='lat' dir='ltr'><strong>non</strong></span> <span class='ocrx_word' id='word_1_136' title='bbox 2771 1987 2924 2050; x_wconf 81' lang='lat' dir='ltr'><strong>item</strong></span> <span class='ocrx_word' id='word_1_137' title='bbox 2956 1984 3131 2062; x_wconf 90' lang='lat' dir='ltr'><strong>illud,</strong></span> 
     </span>
     <span class='ocr_line' id='line_1_16' title="bbox 667 2088 2710 2173; baseline 0 -21"><span class='ocrx_word' id='word_1_138' title='bbox 667 2088 772 2152; x_wconf 90' lang='lat' dir='ltr'><strong>sed</strong></span> <span class='ocrx_word' id='word_1_139' title='bbox 805 2088 1007 2152; x_wconf 90' lang='lat' dir='ltr'><strong>solum</strong></span> <span class='ocrx_word' id='word_1_140' title='bbox 1038 2089 1102 2151; x_wconf 90' lang='lat' dir='ltr'><strong>in</strong></span> <span class='ocrx_word' id='word_1_141' title='bbox 1135 2090 1318 2154; x_wconf 90' lang='lat' dir='ltr'><strong>certis</strong></span> <span class='ocrx_word' id='word_1_142' title='bbox 1350 2089 1863 2154; x_wconf 86' lang='lat' dir='ltr'><strong>circumstantiis:</strong></span> <span class='ocrx_word' id='word_1_143' title='bbox 1898 2108 2021 2173; x_wconf 90' lang='lat' dir='ltr'><strong>qua</strong></span> <span class='ocrx_word' id='word_1_144' title='bbox 2067 2090 2141 2153; x_wconf 91' lang='lat' dir='ltr'><strong>de</strong></span> <span class='ocrx_word' id='word_1_145' title='bbox 2187 2109 2252 2153; x_wconf 91' lang='lat' dir='ltr'><strong>re</strong></span> <span class='ocrx_word' id='word_1_146' title='bbox 2282 2090 2346 2153; x_wconf 90' lang='lat' dir='ltr'><strong>in</strong></span> <span class='ocrx_word' id='word_1_147' title='bbox 2383 2090 2710 2173; x_wconf 86' lang='lat' dir='ltr'><strong>praesenti.</strong></span> 
     </span>
    </p>

    <p class='ocr_par' dir='ltr' id='par_1_8' title="bbox 663 2189 3133 2586">
     <span class='ocr_line' id='line_1_17' title="bbox 754 2189 3130 2277; baseline 0 -24"><span class='ocrx_word' id='word_1_148' title='bbox 754 2189 1224 2256; x_wconf 84' lang='lat' dir='ltr'><strong>Affirmativum</strong></span> <span class='ocrx_word' id='word_1_149' title='bbox 1283 2191 1590 2274; x_wconf 87' lang='lat' dir='ltr'><strong>duplicem</strong></span> <span class='ocrx_word' id='word_1_150' title='bbox 1636 2192 1825 2257; x_wconf 89' lang='lat' dir='ltr'><strong>habet</strong></span> <span class='ocrx_word' id='word_1_151' title='bbox 1874 2191 2319 2277; x_wconf 86' lang='lat' dir='ltr'><strong>obligationem</strong></span> <span class='ocrx_word' id='word_1_152' title='bbox 2355 2192 2423 2255; x_wconf 86' lang='lat'><strong>1⁰</strong></span> <span class='ocrx_word' id='word_1_153' title='bbox 2463 2189 2745 2258; x_wconf 91' lang='lat' dir='ltr'><strong>credendi</strong></span> <span class='ocrx_word' id='word_1_154' title='bbox 2790 2191 2956 2274; x_wconf 91' lang='lat' dir='ltr'><strong>quod</strong></span> <span class='ocrx_word' id='word_1_155' title='bbox 3003 2191 3130 2257; x_wconf 87' lang='lat' dir='ltr'><strong>iam</strong></span> 
     </span>
     <span class='ocr_line' id='line_1_18' title="bbox 665 2294 3133 2380; baseline -0.001 -20"><span class='ocrx_word' id='word_1_156' title='bbox 665 2296 1055 2379; x_wconf 86' lang='lat' dir='ltr'><strong>propositum</strong></span> <span class='ocrx_word' id='word_1_157' title='bbox 1087 2296 1172 2361; x_wconf 89' lang='lat' dir='ltr'><strong>sit</strong></span> <span class='ocrx_word' id='word_1_158' title='bbox 1218 2298 1281 2360; x_wconf 89' lang='lat' dir='ltr'><strong>et</strong></span> <span class='ocrx_word' id='word_1_159' title='bbox 1328 2295 1537 2377; x_wconf 87' lang='lat' dir='ltr'><strong>aliquo</strong></span> <span class='ocrx_word' id='word_1_160' title='bbox 1584 2295 1770 2360; x_wconf 90' lang='lat' dir='ltr'><strong>modo</strong></span> <span class='ocrx_word' id='word_1_161' title='bbox 1809 2295 2038 2361; x_wconf 90' lang='lat' dir='ltr'><strong>scitum</strong></span> <span class='ocrx_word' id='word_1_162' title='bbox 2093 2313 2201 2361; x_wconf 90' lang='lat' dir='ltr'><strong>seu</strong></span> <span class='ocrx_word' id='word_1_163' title='bbox 2257 2296 2734 2380; x_wconf 89' lang='lat' dir='ltr'><strong>apprehensum:</strong></span> <span class='ocrx_word' id='word_1_164' title='bbox 2787 2298 2856 2359; x_wconf 85' lang='lat'><strong>2⁰</strong></span> <span class='ocrx_word' id='word_1_165' title='bbox 2903 2294 3133 2359; x_wconf 89' lang='lat' dir='ltr'><strong>sciendi</strong></span> 
     </span>
     <span class='ocr_line' id='line_1_19' title="bbox 663 2395 3131 2483; baseline -0.001 -19"><span class='ocrx_word' id='word_1_166' title='bbox 663 2398 830 2482; x_wconf 91' lang='lat' dir='ltr'><strong>quod</strong></span> <span class='ocrx_word' id='word_1_167' title='bbox 861 2399 1228 2464; x_wconf 90' lang='lat' dir='ltr'><strong>credendum</strong></span> <span class='ocrx_word' id='word_1_168' title='bbox 1260 2399 1373 2463; x_wconf 90' lang='lat' dir='ltr'><strong>est.</strong></span> <span class='ocrx_word' id='word_1_169' title='bbox 1409 2399 1500 2463; x_wconf 92' lang='lat' dir='ltr'><strong>De</strong></span> <span class='ocrx_word' id='word_1_170' title='bbox 1532 2417 1657 2481; x_wconf 88' lang='lat' dir='ltr'><strong>qua</strong></span> <span class='ocrx_word' id='word_1_171' title='bbox 1688 2398 2016 2483; x_wconf 87' lang='lat' dir='ltr'><strong>posteriori</strong></span> <span class='ocrx_word' id='word_1_172' title='bbox 2047 2400 2224 2481; x_wconf 88' lang='lat' dir='ltr'><strong>parte</strong></span> <span class='ocrx_word' id='word_1_173' title='bbox 2255 2398 2493 2464; x_wconf 90' lang='lat' dir='ltr'><strong>dictum</strong></span> <span class='ocrx_word' id='word_1_174' title='bbox 2532 2400 2628 2463; x_wconf 90' lang='lat' dir='ltr'><strong>est</strong></span> <span class='ocrx_word' id='word_1_175' title='bbox 2649 2399 2714 2463; x_wconf 92' lang='lat' dir='ltr'><strong>in</strong></span> <span class='ocrx_word' id='word_1_176' title='bbox 2745 2395 3131 2482; x_wconf 87' lang='lat' dir='ltr'><strong>praecedenti</strong></span> 
     </span>
     <span class='ocr_line' id='line_1_20' title="bbox 663 2501 1882 2586; baseline -0.002 -20"><span class='ocrx_word' id='word_1_177' title='bbox 663 2501 868 2586; x_wconf 84' lang='lat' dir='ltr'><strong>capite</strong></span> <span class='ocrx_word' id='word_1_178' title='bbox 902 2505 965 2566; x_wconf 92' lang='lat' dir='ltr'><strong>et</strong></span> <span class='ocrx_word' id='word_1_179' title='bbox 994 2502 1296 2567; x_wconf 86' lang='lat' dir='ltr'><strong>nonnulla</strong></span> <span class='ocrx_word' id='word_1_180' title='bbox 1327 2502 1393 2566; x_wconf 89' lang='lat' dir='ltr'><strong>in</strong></span> <span class='ocrx_word' id='word_1_181' title='bbox 1430 2502 1547 2566; x_wconf 90' lang='lat' dir='ltr'><strong>hoc</strong></span> <span class='ocrx_word' id='word_1_182' title='bbox 1586 2501 1882 2565; x_wconf 89' lang='lat' dir='ltr'><strong>addenda.</strong></span> 
     </span>
    </p>

    <p class='ocr_par' dir='ltr' id='par_1_9' title="bbox 652 2601 3131 3409">
     <span class='ocr_line' id='line_1_21' title="bbox 748 2601 3126 2690; baseline -0.003 -16"><span class='ocrx_word' id='word_1_183' title='bbox 748 2601 875 2675; x_wconf 85' lang='grc'><strong>23.</strong></span> <span class='ocrx_word' id='word_1_184' title='bbox 910 2606 1108 2671; x_wconf 84' lang='lat' dir='ltr'><strong>Actus</strong></span> <span class='ocrx_word' id='word_1_185' title='bbox 1139 2606 1284 2670; x_wconf 89' lang='lat' dir='ltr'><strong>fidei</strong></span> <span class='ocrx_word' id='word_1_186' title='bbox 1328 2605 1660 2688; x_wconf 84' lang='lat' dir='ltr'><strong>dupliciter</strong></span> <span class='ocrx_word' id='word_1_187' title='bbox 1706 2604 2139 2690; x_wconf 85' lang='lat' dir='ltr'><strong>distinguitur,</strong></span> <span class='ocrx_word' id='word_1_188' title='bbox 2172 2602 2462 2684; x_wconf 76' lang='lat' dir='ltr'><strong>formalis</strong></span> <span class='ocrx_word' id='word_1_189' title='bbox 2507 2607 2569 2667; x_wconf 82' lang='lat' dir='ltr'><strong>et</strong></span> <span class='ocrx_word' id='word_1_190' title='bbox 2611 2603 2925 2667; x_wconf 77' lang='lat' dir='ltr'><strong>virtualis.</strong></span> <span class='ocrx_word' id='word_1_191' title='bbox 2974 2603 3126 2667; x_wconf 86' lang='lat' dir='ltr'><strong>For-</strong></span> 
     </span>
     <span class='ocr_line' id='line_1_22' title="bbox 659 2707 3131 2793; baseline 0 -22"><span class='ocrx_word' id='word_1_192' title='bbox 659 2708 844 2772; x_wconf 89' lang='lat' dir='ltr'><strong>malis</strong></span> <span class='ocrx_word' id='word_1_193' title='bbox 893 2708 1098 2786; x_wconf 87' lang='lat' dir='ltr'><strong>datur,</strong></span> <span class='ocrx_word' id='word_1_194' title='bbox 1133 2708 1380 2790; x_wconf 89' lang='lat' dir='ltr'><strong>quando</strong></span> <span class='ocrx_word' id='word_1_195' title='bbox 1428 2708 1566 2791; x_wconf 91' lang='lat' dir='ltr'><strong>quis</strong></span> <span class='ocrx_word' id='word_1_196' title='bbox 1600 2708 1796 2773; x_wconf 89' lang='lat' dir='ltr'><strong>credit</strong></span> <span class='ocrx_word' id='word_1_197' title='bbox 1841 2708 2215 2793; x_wconf 83' lang='lat' dir='ltr'><strong>mysterium</strong></span> <span class='ocrx_word' id='word_1_198' title='bbox 2263 2707 2512 2790; x_wconf 89' lang='lat' dir='ltr'><strong>propter</strong></span> <span class='ocrx_word' id='word_1_199' title='bbox 2550 2707 2991 2773; x_wconf 85' lang='lat' dir='ltr'><strong>revelationem</strong></span> <span class='ocrx_word' id='word_1_200' title='bbox 3042 2708 3131 2772; x_wconf 89' lang='lat' dir='ltr'><strong>di-</strong></span> 
     </span>
     <span class='ocr_line' id='line_1_23' title="bbox 658 2808 3127 2895; baseline 0.001 -21"><span class='ocrx_word' id='word_1_201' title='bbox 658 2810 868 2874; x_wconf 83' lang='lat' dir='ltr'><strong>vinam</strong></span> <span class='ocrx_word' id='word_1_202' title='bbox 918 2810 1201 2894; x_wconf 81' lang='lat' dir='ltr'><strong>explicite</strong></span> <span class='ocrx_word' id='word_1_203' title='bbox 1249 2811 1313 2875; x_wconf 88' lang='lat' dir='ltr'><strong>et</strong></span> <span class='ocrx_word' id='word_1_204' title='bbox 1372 2811 1762 2876; x_wconf 81' lang='lat' dir='ltr'><strong>advertenter</strong></span> <span class='ocrx_word' id='word_1_205' title='bbox 1809 2811 2146 2895; x_wconf 86' lang='lat' dir='ltr'><strong>cognitam.</strong></span> <span class='ocrx_word' id='word_1_206' title='bbox 2221 2808 2532 2875; x_wconf 77' lang='lat' dir='ltr'><strong>Virtualis</strong></span> <span class='ocrx_word' id='word_1_207' title='bbox 2586 2830 2750 2890; x_wconf 87' lang='lat' dir='ltr'><strong>vero,</strong></span> <span class='ocrx_word' id='word_1_208' title='bbox 2790 2830 2934 2876; x_wconf 92' lang='lat' dir='ltr'><strong>cum</strong></span> <span class='ocrx_word' id='word_1_209' title='bbox 2987 2812 3127 2894; x_wconf 90' lang='lat' dir='ltr'><strong>quis</strong></span> 
     </span>
     <span class='ocr_line' id='line_1_24' title="bbox 657 2912 3126 2996; baseline 0.001 -20"><span class='ocrx_word' id='word_1_210' title='bbox 657 2912 855 2977; x_wconf 91' lang='lat' dir='ltr'><strong>credit</strong></span> <span class='ocrx_word' id='word_1_211' title='bbox 889 2913 1106 2995; x_wconf 87' lang='lat' dir='ltr'><strong>utique</strong></span> <span class='ocrx_word' id='word_1_212' title='bbox 1140 2914 1217 2978; x_wconf 89' lang='lat' dir='ltr'><strong>ob</strong></span> <span class='ocrx_word' id='word_1_213' title='bbox 1249 2913 1711 2986; x_wconf 85' lang='lat' dir='ltr'><strong>revelationem,</strong></span> <span class='ocrx_word' id='word_1_214' title='bbox 1738 2912 1844 2978; x_wconf 90' lang='lat' dir='ltr'><strong>sed</strong></span> <span class='ocrx_word' id='word_1_215' title='bbox 1875 2913 2082 2978; x_wconf 92' lang='lat' dir='ltr'><strong>solum</strong></span> <span class='ocrx_word' id='word_1_216' title='bbox 2112 2913 2411 2996; x_wconf 88' lang='lat' dir='ltr'><strong>implicite</strong></span> <span class='ocrx_word' id='word_1_217' title='bbox 2443 2915 2506 2979; x_wconf 93' lang='lat' dir='ltr'><strong>et</strong></span> <span class='ocrx_word' id='word_1_218' title='bbox 2536 2913 2994 2978; x_wconf 81' lang='lat' dir='ltr'><strong>inadvertcnter</strong></span> <span class='ocrx_word' id='word_1_219' title='bbox 3036 2914 3126 2978; x_wconf 89' lang='lat' dir='ltr'><strong>in-</strong></span> 
     </span>
     <span class='ocr_line' id='line_1_25' title="bbox 657 3014 3125 3099; baseline 0.002 -22"><span class='ocrx_word' id='word_1_220' title='bbox 657 3014 975 3093; x_wconf 89' lang='lat' dir='ltr'><strong>fluentem,</strong></span> <span class='ocrx_word' id='word_1_221' title='bbox 1003 3015 1289 3082; x_wconf 83' lang='lat' dir='ltr'><strong>videlicet</strong></span> <span class='ocrx_word' id='word_1_222' title='bbox 1335 3035 1477 3080; x_wconf 89' lang='lat' dir='ltr'><strong>cum</strong></span> <span class='ocrx_word' id='word_1_223' title='bbox 1508 3015 1804 3099; x_wconf 85' lang='lat' dir='ltr'><strong>perdurat</strong></span> <span class='ocrx_word' id='word_1_224' title='bbox 1841 3016 2158 3098; x_wconf 88' lang='lat' dir='ltr'><strong>persuasio</strong></span> <span class='ocrx_word' id='word_1_225' title='bbox 2193 3036 2264 3080; x_wconf 88' lang='lat' dir='ltr'><strong>ex</strong></span> <span class='ocrx_word' id='word_1_226' title='bbox 2295 3015 2412 3080; x_wconf 86' lang='lat' dir='ltr'><strong>tali</strong></span> <span class='ocrx_word' id='word_1_227' title='bbox 2441 3016 2679 3080; x_wconf 83' lang='lat' dir='ltr'><strong>motivo</strong></span> <span class='ocrx_word' id='word_1_228' title='bbox 2717 3015 2954 3080; x_wconf 87' lang='lat' dir='ltr'><strong>relicta.</strong></span> <span class='ocrx_word' id='word_1_229' title='bbox 2990 3016 3125 3081; x_wconf 90' lang='lat' dir='ltr'><strong>Vir-</strong></span> 
     </span>
     <span class='ocr_line' id='line_1_26' title="bbox 655 3115 3123 3199; baseline 0.001 -19"><span class='ocrx_word' id='word_1_230' title='bbox 655 3116 848 3180; x_wconf 87' lang='lat' dir='ltr'><strong>tualis</strong></span> <span class='ocrx_word' id='word_1_231' title='bbox 880 3135 1165 3182; x_wconf 86' lang='lat' dir='ltr'><strong>assensus</strong></span> <span class='ocrx_word' id='word_1_232' title='bbox 1198 3117 1426 3182; x_wconf 87' lang='lat' dir='ltr'><strong>dicitur</strong></span> <span class='ocrx_word' id='word_1_233' title='bbox 1457 3136 1702 3199; x_wconf 88' lang='lat' dir='ltr'><strong>quoque</strong></span> <span class='ocrx_word' id='word_1_234' title='bbox 1739 3115 2101 3199; x_wconf 76' lang='lat' dir='ltr'><strong>implicitus,</strong></span> <span class='ocrx_word' id='word_1_235' title='bbox 2136 3117 2288 3182; x_wconf 86' lang='lat' dir='ltr'><strong>Voit</strong></span> <span class='ocrx_word' id='word_1_236' title='bbox 2311 3119 2463 3182; x_wconf 90' lang='lat' dir='ltr'><strong>tom.</strong></span> <span class='ocrx_word' id='word_1_237' title='bbox 2496 3119 2554 3182; x_wconf 91' lang='lat'><strong>1.</strong></span> <span class='ocrx_word' id='word_1_238' title='bbox 2587 3138 2647 3181; x_wconf 91' lang='lat' dir='ltr'><strong>n.</strong></span> <span class='ocrx_word' id='word_1_239' title='bbox 2675 3119 2826 3183; x_wconf 84' lang='lat'><strong>349.</strong></span> <span class='ocrx_word' id='word_1_240' title='bbox 2854 3116 3123 3184; x_wconf 84' lang='lat' dir='ltr'><strong>Sanchez</strong></span> 
     </span>
     <span class='ocr_line' id='line_1_27' title="bbox 654 3215 3123 3305; baseline 0.001 -24"><span class='ocrx_word' id='word_1_241' title='bbox 654 3219 729 3281; x_wconf 82' lang='lat' dir='ltr'><strong>in</strong></span> <span class='ocrx_word' id='word_1_242' title='bbox 760 3215 980 3283; x_wconf 80' lang='lat' dir='ltr'><strong>Decal.</strong></span> <span class='ocrx_word' id='word_1_243' title='bbox 1009 3219 1202 3302; x_wconf 92' lang='lat' dir='ltr'><strong>(quod</strong></span> <span class='ocrx_word' id='word_1_244' title='bbox 1234 3222 1330 3284; x_wconf 88' lang='lat' dir='ltr'><strong>est</strong></span> <span class='ocrx_word' id='word_1_245' title='bbox 1370 3218 1538 3302; x_wconf 77' lang='lat' dir='ltr'><strong>Opus</strong></span> <span class='ocrx_word' id='word_1_246' title='bbox 1574 3220 1838 3305; x_wconf 80' lang='lat' dir='ltr'><strong>morale)</strong></span> <span class='ocrx_word' id='word_1_247' title='bbox 1869 3221 1977 3286; x_wconf 92' lang='lat' dir='ltr'><strong>lib.</strong></span> <span class='ocrx_word' id='word_1_248' title='bbox 2005 3222 2065 3285; x_wconf 84' lang='lat'><strong>2.</strong></span> <span class='ocrx_word' id='word_1_249' title='bbox 2093 3239 2225 3304; x_wconf 91' lang='lat' dir='ltr'><strong>cap.</strong></span> <span class='ocrx_word' id='word_1_250' title='bbox 2258 3221 2315 3284; x_wconf 93' lang='grc'><strong>1.</strong></span> <span class='ocrx_word' id='word_1_251' title='bbox 2350 3240 2409 3284; x_wconf 88' lang='grc'><strong>11.</strong></span> <span class='ocrx_word' id='word_1_252' title='bbox 2452 3222 2514 3286; x_wconf 90' lang='lat'><strong>3.</strong></span> <span class='ocrx_word' id='word_1_253' title='bbox 2553 3219 2655 3286; x_wconf 87' lang='lat' dir='ltr'><strong>Sic</strong></span> <span class='ocrx_word' id='word_1_254' title='bbox 2687 3240 2857 3304; x_wconf 91' lang='lat' dir='ltr'><strong>spem</strong></span> <span class='ocrx_word' id='word_1_255' title='bbox 2891 3223 3123 3286; x_wconf 89' lang='lat' dir='ltr'><strong>virtua-</strong></span> 
     </span>
     <span class='ocr_line' id='line_1_28' title="bbox 652 3321 3120 3409; baseline 0 -24"><span class='ocrx_word' id='word_1_256' title='bbox 652 3321 776 3386; x_wconf 92' lang='lat' dir='ltr'><strong>lem</strong></span> <span class='ocrx_word' id='word_1_257' title='bbox 802 3321 1102 3387; x_wconf 88' lang='lat' dir='ltr'><strong>habemus</strong></span> <span class='ocrx_word' id='word_1_258' title='bbox 1133 3323 1197 3387; x_wconf 92' lang='lat' dir='ltr'><strong>in</strong></span> <span class='ocrx_word' id='word_1_259' title='bbox 1224 3324 1517 3409; x_wconf 86' lang='lat' dir='ltr'><strong>agricola,</strong></span> <span class='ocrx_word' id='word_1_260' title='bbox 1553 3325 1662 3406; x_wconf 90' lang='lat' dir='ltr'><strong>qui</strong></span> <span class='ocrx_word' id='word_1_261' title='bbox 1694 3326 1854 3398; x_wconf 89' lang='lat' dir='ltr'><strong>arat,</strong></span> <span class='ocrx_word' id='word_1_262' title='bbox 1889 3323 2240 3402; x_wconf 87' lang='lat' dir='ltr'><strong>seminat...,</strong></span> <span class='ocrx_word' id='word_1_263' title='bbox 2275 3323 2421 3389; x_wconf 93' lang='lat' dir='ltr'><strong>licet</strong></span> <span class='ocrx_word' id='word_1_264' title='bbox 2455 3326 2602 3390; x_wconf 90' lang='lat' dir='ltr'><strong>actu</strong></span> <span class='ocrx_word' id='word_1_265' title='bbox 2632 3343 2867 3389; x_wconf 89' lang='lat' dir='ltr'><strong>memor</strong></span> <span class='ocrx_word' id='word_1_266' title='bbox 2891 3342 3011 3390; x_wconf 90' lang='lat' dir='ltr'><strong>non</strong></span> <span class='ocrx_word' id='word_1_267' title='bbox 3037 3323 3120 3387; x_wconf 90' lang='lat' dir='ltr'><strong>sit</strong></span> 
     </span>
    </p>
   </div>
   <div class='ocr_carea' id='block_1_7' title="bbox 654 3423 3111 3614">
    <p class='ocr_par' dir='ltr' id='par_1_10' title="bbox 654 3423 3111 3614">
     <span class='ocr_line' id='line_1_29' title="bbox 654 3423 1772 3509; baseline 0.005 -23"><span class='ocrx_word' id='word_1_268' title='bbox 654 3423 996 3501; x_wconf 80' lang='lat' dir='ltr'><strong>fructuum,</strong></span> <span class='ocrx_word' id='word_1_269' title='bbox 1037 3428 1287 3508; x_wconf 90' lang='lat' dir='ltr'><strong>propter</strong></span> <span class='ocrx_word' id='word_1_270' title='bbox 1319 3445 1473 3509; x_wconf 90' lang='lat' dir='ltr'><strong>quos</strong></span> <span class='ocrx_word' id='word_1_271' title='bbox 1504 3427 1772 3492; x_wconf 89' lang='lat' dir='ltr'><strong>laborat.</strong></span> 
     </span>
     <span class='ocr_line' id='line_1_30' title="bbox 742 3526 3111 3614; baseline -0.002 -22"><span class='ocrx_word' id='word_1_272' title='bbox 742 3527 1023 3610; x_wconf 88' lang='lat' dir='ltr'><strong>Denique</strong></span> <span class='ocrx_word' id='word_1_273' title='bbox 1062 3528 1285 3612; x_wconf 82' lang='lat' dir='ltr'><strong>duplex</strong></span> <span class='ocrx_word' id='word_1_274' title='bbox 1332 3531 1664 3595; x_wconf 87' lang='lat' dir='ltr'><strong>necessitas</strong></span> <span class='ocrx_word' id='word_1_275' title='bbox 1713 3549 1824 3594; x_wconf 88' lang='lat' dir='ltr'><strong>seu</strong></span> <span class='ocrx_word' id='word_1_276' title='bbox 1873 3528 2175 3614; x_wconf 84' lang='lat' dir='ltr'><strong>obligatio</strong></span> <span class='ocrx_word' id='word_1_277' title='bbox 2226 3532 2322 3595; x_wconf 86' lang='lat' dir='ltr'><strong>est</strong></span> <span class='ocrx_word' id='word_1_278' title='bbox 2367 3528 2646 3595; x_wconf 85' lang='lat' dir='ltr'><strong>eliciendi</strong></span> <span class='ocrx_word' id='word_1_279' title='bbox 2684 3531 2892 3592; x_wconf 90' lang='lat' dir='ltr'><strong>actum</strong></span> <span class='ocrx_word' id='word_1_280' title='bbox 2939 3526 3111 3589; x_wconf 87' lang='lat' dir='ltr'><strong>fidei:</strong></span> 
     </span>
    </p>
   </div>
   <div class='ocr_carea' id='block_1_8' title="bbox 649 3628 3125 4748">
    <p class='ocr_par' dir='ltr' id='par_1_11' title="bbox 649 3628 3125 4748">
     <span class='ocr_line' id='line_1_31' title="bbox 651 3628 3117 3715; baseline -0.002 -20"><span class='ocrx_word' id='word_1_281' title='bbox 651 3650 776 3695; x_wconf 89' lang='lat' dir='ltr'><strong>una</strong></span> <span class='ocrx_word' id='word_1_282' title='bbox 826 3632 923 3696; x_wconf 90' lang='lat' dir='ltr'><strong>est</strong></span> <span class='ocrx_word' id='word_1_283' title='bbox 969 3631 1150 3714; x_wconf 91' lang='lat' dir='ltr'><strong>quasi</strong></span> <span class='ocrx_word' id='word_1_284' title='bbox 1173 3651 1296 3712; x_wconf 76' lang='lat' dir='ltr'><strong>per</strong></span> <span class='ocrx_word' id='word_1_285' title='bbox 1340 3632 1646 3711; x_wconf 76' lang='lat' dir='ltr'><strong>accidens,</strong></span> <span class='ocrx_word' id='word_1_286' title='bbox 1682 3651 1792 3697; x_wconf 91' lang='lat' dir='ltr'><strong>seu</strong></span> <span class='ocrx_word' id='word_1_287' title='bbox 1839 3632 2078 3698; x_wconf 86' lang='lat' dir='ltr'><strong>ratione</strong></span> <span class='ocrx_word' id='word_1_288' title='bbox 2127 3633 2386 3698; x_wconf 89' lang='lat' dir='ltr'><strong>alterius</strong></span> <span class='ocrx_word' id='word_1_289' title='bbox 2432 3630 2759 3715; x_wconf 88' lang='lat' dir='ltr'><strong>praecepti,</strong></span> <span class='ocrx_word' id='word_1_290' title='bbox 2795 3628 2957 3711; x_wconf 91' lang='lat' dir='ltr'><strong>quod</strong></span> <span class='ocrx_word' id='word_1_291' title='bbox 3005 3629 3117 3692; x_wconf 90' lang='lat' dir='ltr'><strong>im-</strong></span> 
     </span>
     <span class='ocr_line' id='line_1_32' title="bbox 651 3731 3113 3820; baseline 0 -24"><span class='ocrx_word' id='word_1_292' title='bbox 651 3732 807 3815; x_wconf 90' lang='lat' dir='ltr'><strong>pleri</strong></span> <span class='ocrx_word' id='word_1_293' title='bbox 844 3752 967 3797; x_wconf 91' lang='lat' dir='ltr'><strong>non</strong></span> <span class='ocrx_word' id='word_1_294' title='bbox 998 3734 1197 3816; x_wconf 90' lang='lat' dir='ltr'><strong>possit</strong></span> <span class='ocrx_word' id='word_1_295' title='bbox 1229 3735 1358 3799; x_wconf 88' lang='lat' dir='ltr'><strong>sine</strong></span> <span class='ocrx_word' id='word_1_296' title='bbox 1390 3737 1537 3800; x_wconf 91' lang='lat' dir='ltr'><strong>actu</strong></span> <span class='ocrx_word' id='word_1_297' title='bbox 1566 3735 1729 3811; x_wconf 87' lang='lat' dir='ltr'><strong>fidei,</strong></span> <span class='ocrx_word' id='word_1_298' title='bbox 1780 3756 1837 3800; x_wconf 88' lang='lat' dir='ltr'><strong>v.</strong></span> <span class='ocrx_word' id='word_1_299' title='bbox 1877 3755 1971 3820; x_wconf 89' lang='lat' dir='ltr'><strong>gr.</strong></span> <span class='ocrx_word' id='word_1_300' title='bbox 2022 3736 2418 3818; x_wconf 89' lang='lat' dir='ltr'><strong>praeceptum</strong></span> <span class='ocrx_word' id='word_1_301' title='bbox 2454 3731 2782 3798; x_wconf 89' lang='lat' dir='ltr'><strong>confitendi</strong></span> <span class='ocrx_word' id='word_1_302' title='bbox 2828 3733 3113 3814; x_wconf 85' lang='lat' dir='ltr'><strong>peccata:</strong></span> 
     </span>
     <span class='ocr_line' id='line_1_33' title="bbox 653 3832 3118 3922; baseline 0 -23"><span class='ocrx_word' id='word_1_303' title='bbox 653 3835 777 3899; x_wconf 88' lang='grc'><strong>6116</strong></span> <span class='ocrx_word' id='word_1_304' title='bbox 810 3838 905 3901; x_wconf 91' lang='lat' dir='ltr'><strong>est</strong></span> <span class='ocrx_word' id='word_1_305' title='bbox 924 3857 1046 3917; x_wconf 77' lang='lat' dir='ltr'><strong>per</strong></span> <span class='ocrx_word' id='word_1_306' title='bbox 1091 3857 1155 3902; x_wconf 78' lang='lat' dir='ltr'><strong>se</strong></span> <span class='ocrx_word' id='word_1_307' title='bbox 1204 3857 1313 3905; x_wconf 90' lang='lat' dir='ltr'><strong>seu</strong></span> <span class='ocrx_word' id='word_1_308' title='bbox 1350 3838 1592 3903; x_wconf 90' lang='lat' dir='ltr'><strong>ratione</strong></span> <span class='ocrx_word' id='word_1_309' title='bbox 1646 3839 1958 3922; x_wconf 89' lang='lat' dir='ltr'><strong>praecepti</strong></span> <span class='ocrx_word' id='word_1_310' title='bbox 2005 3837 2331 3921; x_wconf 88' lang='lat' dir='ltr'><strong>ipsiusmet</strong></span> <span class='ocrx_word' id='word_1_311' title='bbox 2376 3836 2536 3900; x_wconf 87' lang='lat' dir='ltr'><strong>fidei.</strong></span> <span class='ocrx_word' id='word_1_312' title='bbox 2572 3833 2797 3900; x_wconf 89' lang='lat' dir='ltr'><strong>Suarez</strong></span> <span class='ocrx_word' id='word_1_313' title='bbox 2843 3832 2946 3900; x_wconf 83' lang='lat' dir='ltr'><strong>De</strong></span> <span class='ocrx_word' id='word_1_314' title='bbox 2993 3834 3118 3916; x_wconf 69' lang='lat' dir='ltr'><strong>fide</strong></span> 
     </span>
     <span class='ocr_line' id='line_1_34' title="bbox 651 3937 3121 4025; baseline 0 -23"><span class='ocrx_word' id='word_1_315' title='bbox 651 3938 806 4023; x_wconf 88' lang='lat' dir='ltr'><strong>disp.</strong></span> <span class='ocrx_word' id='word_1_316' title='bbox 846 3940 949 4003; x_wconf 89' lang='lat'><strong>13.</strong></span> <span class='ocrx_word' id='word_1_317' title='bbox 982 3943 1129 4006; x_wconf 90' lang='lat' dir='ltr'><strong>sect.</strong></span> <span class='ocrx_word' id='word_1_318' title='bbox 1165 3942 1224 4005; x_wconf 86' lang='lat'><strong>5.</strong></span> <span class='ocrx_word' id='word_1_319' title='bbox 1260 3961 1319 4004; x_wconf 91' lang='lat' dir='ltr'><strong>n.</strong></span> <span class='ocrx_word' id='word_1_320' title='bbox 1357 3942 1417 4004; x_wconf 88' lang='lat'><strong>5.</strong></span> <span class='ocrx_word' id='word_1_321' title='bbox 1444 3940 1636 4004; x_wconf 91' lang='lat' dir='ltr'><strong>Porro</strong></span> <span class='ocrx_word' id='word_1_322' title='bbox 1663 3959 1805 4004; x_wconf 91' lang='lat' dir='ltr'><strong>cum</strong></span> <span class='ocrx_word' id='word_1_323' title='bbox 1832 3941 1971 4021; x_wconf 91' lang='lat' dir='ltr'><strong>quis</strong></span> <span class='ocrx_word' id='word_1_324' title='bbox 2007 3939 2376 4025; x_wconf 79' lang='lat' dir='ltr'><strong>obligationi</strong></span> <span class='ocrx_word' id='word_1_325' title='bbox 2414 3937 2603 4022; x_wconf 90' lang='lat' dir='ltr'><strong>priori</strong></span> <span class='ocrx_word' id='word_1_326' title='bbox 2634 3956 2758 4002; x_wconf 89' lang='lat' dir='ltr'><strong>non</strong></span> <span class='ocrx_word' id='word_1_327' title='bbox 2781 3937 2933 4003; x_wconf 88' lang='lat' dir='ltr'><strong>facit</strong></span> <span class='ocrx_word' id='word_1_328' title='bbox 2965 3940 3121 4003; x_wconf 88' lang='lat' dir='ltr'><strong>satis</strong></span> 
     </span>
     <span class='ocr_line' id='line_1_35' title="bbox 651 4041 3119 4127; baseline 0 -22"><span class='ocrx_word' id='word_1_329' title='bbox 651 4044 715 4105; x_wconf 88' lang='lat' dir='ltr'><strong>et</strong></span> <span class='ocrx_word' id='word_1_330' title='bbox 749 4041 908 4106; x_wconf 89' lang='lat' dir='ltr'><strong>illud</strong></span> <span class='ocrx_word' id='word_1_331' title='bbox 942 4043 1115 4107; x_wconf 89' lang='lat' dir='ltr'><strong>aliud</strong></span> <span class='ocrx_word' id='word_1_332' title='bbox 1148 4042 1546 4126; x_wconf 88' lang='lat' dir='ltr'><strong>praeceptum</strong></span> <span class='ocrx_word' id='word_1_333' title='bbox 1586 4042 2063 4127; x_wconf 86' lang='lat' dir='ltr'><strong>transgreditur,</strong></span> <span class='ocrx_word' id='word_1_334' title='bbox 2114 4061 2236 4107; x_wconf 91' lang='lat' dir='ltr'><strong>non</strong></span> <span class='ocrx_word' id='word_1_335' title='bbox 2282 4041 2404 4105; x_wconf 91' lang='lat' dir='ltr'><strong>duo</strong></span> <span class='ocrx_word' id='word_1_336' title='bbox 2453 4041 2705 4123; x_wconf 87' lang='lat' dir='ltr'><strong>peccata</strong></span> <span class='ocrx_word' id='word_1_337' title='bbox 2759 4041 3119 4118; x_wconf 89' lang='lat' dir='ltr'><strong>committit,</strong></span> 
     </span>
     <span class='ocr_line' id='line_1_36' title="bbox 652 4143 3125 4230; baseline 0.001 -23"><span class='ocrx_word' id='word_1_338' title='bbox 652 4143 918 4209; x_wconf 85' lang='lat' dir='ltr'><strong>alterum</strong></span> <span class='ocrx_word' id='word_1_339' title='bbox 967 4147 1183 4210; x_wconf 87' lang='lat' dir='ltr'><strong>contra</strong></span> <span class='ocrx_word' id='word_1_340' title='bbox 1214 4144 1372 4209; x_wconf 88' lang='lat' dir='ltr'><strong>illud</strong></span> <span class='ocrx_word' id='word_1_341' title='bbox 1404 4145 1823 4230; x_wconf 88' lang='lat' dir='ltr'><strong>praeceptum,</strong></span> <span class='ocrx_word' id='word_1_342' title='bbox 1857 4145 2127 4209; x_wconf 85' lang='lat' dir='ltr'><strong>alterum</strong></span> <span class='ocrx_word' id='word_1_343' title='bbox 2158 4144 2372 4209; x_wconf 86' lang='lat' dir='ltr'><strong>contra</strong></span> <span class='ocrx_word' id='word_1_344' title='bbox 2405 4143 2800 4226; x_wconf 87' lang='lat' dir='ltr'><strong>praeceptum</strong></span> <span class='ocrx_word' id='word_1_345' title='bbox 2839 4143 3000 4216; x_wconf 90' lang='lat' dir='ltr'><strong>fidei,</strong></span> <span class='ocrx_word' id='word_1_346' title='bbox 3049 4146 3125 4209; x_wconf 89' lang='lat' dir='ltr'><strong>ut</strong></span> 
     </span>
     <span class='ocr_line' id='line_1_37' title="bbox 649 4245 3118 4331; baseline 0.001 -23"><span class='ocrx_word' id='word_1_347' title='bbox 649 4247 789 4312; x_wconf 91' lang='lat' dir='ltr'><strong>vult</strong></span> <span class='ocrx_word' id='word_1_348' title='bbox 825 4247 1071 4314; x_wconf 88' lang='lat' dir='ltr'><strong>Bannez</strong></span> <span class='ocrx_word' id='word_1_349' title='bbox 1104 4247 1269 4331; x_wconf 88' lang='lat' dir='ltr'><strong>apud</strong></span> <span class='ocrx_word' id='word_1_350' title='bbox 1301 4245 1571 4311; x_wconf 88' lang='lat' dir='ltr'><strong>Sanchez</strong></span> <span class='ocrx_word' id='word_1_351' title='bbox 1619 4247 1665 4311; x_wconf 87' lang='lat'><strong>1.</strong></span> <span class='ocrx_word' id='word_1_352' title='bbox 1697 4267 1747 4311; x_wconf 93' lang='lat' dir='ltr'><strong>c.</strong></span> <span class='ocrx_word' id='word_1_353' title='bbox 1777 4267 1828 4311; x_wconf 94' lang='lat' dir='ltr'><strong>c.</strong></span> <span class='ocrx_word' id='word_1_354' title='bbox 1869 4247 1924 4311; x_wconf 91' lang='lat'><strong>1.</strong></span> <span class='ocrx_word' id='word_1_355' title='bbox 1959 4267 2019 4311; x_wconf 94' lang='lat' dir='ltr'><strong>n.</strong></span> <span class='ocrx_word' id='word_1_356' title='bbox 2056 4247 2139 4322; x_wconf 83' lang='grc'><strong>3.,</strong></span> <span class='ocrx_word' id='word_1_357' title='bbox 2176 4245 2279 4310; x_wconf 91' lang='lat' dir='ltr'><strong>sed</strong></span> <span class='ocrx_word' id='word_1_358' title='bbox 2319 4265 2548 4322; x_wconf 84' lang='lat' dir='ltr'><strong>unum;</strong></span> <span class='ocrx_word' id='word_1_359' title='bbox 2600 4245 2748 4329; x_wconf 90' lang='lat' dir='ltr'><strong>quia</strong></span> <span class='ocrx_word' id='word_1_360' title='bbox 2799 4247 2945 4309; x_wconf 92' lang='lat' dir='ltr'><strong>tunc</strong></span> <span class='ocrx_word' id='word_1_361' title='bbox 2992 4264 3118 4310; x_wconf 92' lang='lat' dir='ltr'><strong>non</strong></span> 
     </span>
     <span class='ocr_line' id='line_1_38' title="bbox 653 4353 3118 4441; baseline -0.001 -22"><span class='ocrx_word' id='word_1_362' title='bbox 653 4355 894 4441; x_wconf 86' lang='lat' dir='ltr'><strong>Obligat</strong></span> <span class='ocrx_word' id='word_1_363' title='bbox 930 4375 1036 4439; x_wconf 90' lang='lat' dir='ltr'><strong>per</strong></span> <span class='ocrx_word' id='word_1_364' title='bbox 1072 4375 1139 4420; x_wconf 90' lang='lat' dir='ltr'><strong>se</strong></span> <span class='ocrx_word' id='word_1_365' title='bbox 1172 4356 1569 4440; x_wconf 86' lang='lat' dir='ltr'><strong>praeceptum</strong></span> <span class='ocrx_word' id='word_1_366' title='bbox 1615 4355 1758 4420; x_wconf 89' lang='lat' dir='ltr'><strong>fidei</strong></span> <span class='ocrx_word' id='word_1_367' title='bbox 1807 4356 1993 4439; x_wconf 84' lang='lat' dir='ltr'><strong>atque</strong></span> <span class='ocrx_word' id='word_1_368' title='bbox 2046 4353 2296 4421; x_wconf 87' lang='lat' dir='ltr'><strong>omissio</strong></span> <span class='ocrx_word' id='word_1_369' title='bbox 2343 4354 2531 4421; x_wconf 87' lang='lat' dir='ltr'><strong>medii</strong></span> <span class='ocrx_word' id='word_1_370' title='bbox 2579 4373 2689 4439; x_wconf 89' lang='lat' dir='ltr'><strong>pro</strong></span> <span class='ocrx_word' id='word_1_371' title='bbox 2740 4353 3118 4418; x_wconf 78' lang='lat' dir='ltr'><strong>observando</strong></span> 
     </span>
     <span class='ocr_line' id='line_1_39' title="bbox 653 4455 3122 4542; baseline -0.001 -19"><span class='ocrx_word' id='word_1_372' title='bbox 653 4458 863 4541; x_wconf 86' lang='lat' dir='ltr'><strong>aliquo</strong></span> <span class='ocrx_word' id='word_1_373' title='bbox 915 4459 1240 4542; x_wconf 87' lang='lat' dir='ltr'><strong>praecepto</strong></span> <span class='ocrx_word' id='word_1_374' title='bbox 1274 4458 1581 4541; x_wconf 89' lang='lat' dir='ltr'><strong>huiusque</strong></span> <span class='ocrx_word' id='word_1_375' title='bbox 1614 4458 1874 4524; x_wconf 88' lang='lat' dir='ltr'><strong>violatio</strong></span> <span class='ocrx_word' id='word_1_376' title='bbox 1907 4477 2104 4523; x_wconf 91' lang='lat' dir='ltr'><strong>unum</strong></span> <span class='ocrx_word' id='word_1_377' title='bbox 2134 4460 2283 4525; x_wconf 91' lang='lat' dir='ltr'><strong>sunt</strong></span> <span class='ocrx_word' id='word_1_378' title='bbox 2318 4460 2661 4542; x_wconf 86' lang='lat' dir='ltr'><strong>peccatum.</strong></span> <span class='ocrx_word' id='word_1_379' title='bbox 2689 4455 2754 4526; x_wconf 85' lang='lat' dir='ltr'><strong>Si</strong></span> <span class='ocrx_word' id='word_1_380' title='bbox 2793 4475 2936 4521; x_wconf 84' lang='lat' dir='ltr'><strong>vero</strong></span> <span class='ocrx_word' id='word_1_381' title='bbox 2971 4457 3122 4522; x_wconf 88' lang='lat' dir='ltr'><strong>obli·</strong></span> 
     </span>
     <span class='ocr_line' id='line_1_40' title="bbox 649 4559 3117 4647; baseline 0 -23"><span class='ocrx_word' id='word_1_382' title='bbox 649 4561 824 4645; x_wconf 89' lang='lat' dir='ltr'><strong>gatio</strong></span> <span class='ocrx_word' id='word_1_383' title='bbox 866 4561 1042 4625; x_wconf 87' lang='lat' dir='ltr'><strong>actus</strong></span> <span class='ocrx_word' id='word_1_384' title='bbox 1074 4559 1217 4626; x_wconf 89' lang='lat' dir='ltr'><strong>fidei</strong></span> <span class='ocrx_word' id='word_1_385' title='bbox 1263 4561 1346 4626; x_wconf 89' lang='lat' dir='ltr'><strong>sit</strong></span> <span class='ocrx_word' id='word_1_386' title='bbox 1379 4581 1503 4640; x_wconf 78' lang='lat' dir='ltr'><strong>per</strong></span> <span class='ocrx_word' id='word_1_387' title='bbox 1548 4582 1631 4639; x_wconf 73' lang='lat' dir='ltr'><strong>se,</strong></span> <span class='ocrx_word' id='word_1_388' title='bbox 1667 4564 1817 4628; x_wconf 89' lang='lat' dir='ltr'><strong>tunc</strong></span> <span class='ocrx_word' id='word_1_389' title='bbox 1863 4561 2116 4628; x_wconf 88' lang='lat' dir='ltr'><strong>omissio</strong></span> <span class='ocrx_word' id='word_1_390' title='bbox 2142 4566 2463 4647; x_wconf 90' lang='lat' dir='ltr'><strong>peccatum</strong></span> <span class='ocrx_word' id='word_1_391' title='bbox 2496 4563 2592 4628; x_wconf 85' lang='lat' dir='ltr'><strong>est</strong></span> <span class='ocrx_word' id='word_1_392' title='bbox 2623 4563 2839 4627; x_wconf 86' lang='lat' dir='ltr'><strong>contra</strong></span> <span class='ocrx_word' id='word_1_393' title='bbox 2872 4579 3117 4644; x_wconf 82' lang='lat' dir='ltr'><strong>praece·</strong></span> 
     </span>
     <span class='ocr_line' id='line_1_41' title="bbox 650 4661 2444 4748; baseline 0.002 -24"><span class='ocrx_word' id='word_1_394' title='bbox 650 4663 831 4745; x_wconf 89' lang='lat' dir='ltr'><strong>ptum</strong></span> <span class='ocrx_word' id='word_1_395' title='bbox 872 4661 1035 4739; x_wconf 89' lang='lat' dir='ltr'><strong>fidei,</strong></span> <span class='ocrx_word' id='word_1_396' title='bbox 1085 4663 1202 4727; x_wconf 88' lang='lat' dir='ltr'><strong>etsi</strong></span> <span class='ocrx_word' id='word_1_397' title='bbox 1234 4663 1480 4727; x_wconf 90' lang='lat' dir='ltr'><strong>nullum</strong></span> <span class='ocrx_word' id='word_1_398' title='bbox 1513 4665 1683 4729; x_wconf 89' lang='lat' dir='ltr'><strong>aliud</strong></span> <span class='ocrx_word' id='word_1_399' title='bbox 1715 4666 2037 4748; x_wconf 86' lang='lat' dir='ltr'><strong>peccatum</strong></span> <span class='ocrx_word' id='word_1_400' title='bbox 2067 4666 2124 4730; x_wconf 92' lang='lat' dir='ltr'><strong>ei</strong></span> <span class='ocrx_word' id='word_1_401' title='bbox 2156 4666 2444 4732; x_wconf 91' lang='lat' dir='ltr'><strong>societur.</strong></span> 
     </span>
    </p>
   </div>
  </div>
 </body>
</html>
