3497 5147
305 344 454 421 [151]
495 357 598 413 An,
634 356 887 405 otranno
924 359 1003 398 m-
1038 355 1333 406 Quouono
1370 355 1635 398 onmem
1672 353 2081 396 ramosarum
2121 353 2440 396 cAm‘rxns
2477 356 2586 395 nm
2668 344 2767 395 111

396 457 480 521 Et
525 474 673 519 sane
719 454 1214 520 incohaerentem
1251 452 1620 517 sententiam
1668 452 1879 528 habes,
1928 451 2078 515 dum
2124 451 2275 515 dicit
2312 472 2559 535 peccare
2606 473 2767 531 eum,

305 559 415 642 qui
461 558 691 642 diligat
736 557 939 621 Deum
988 557 1055 620 1⁰
1090 575 1213 620 non
1246 552 1695 635 principaliter
1728 556 1993 633 propter
2036 573 2100 616 se
2146 555 2209 616 et
2258 555 2326 616 2ο
2373 554 2477 618 sed
2529 559 2772 618 tantum

298 664 560 742 propter
604 657 803 722 aliud.
836 658 1000 726 Nam
1035 657 1483 738 princzpazzsster
1526 657 1679 720 dicit
1724 656 1995 739 primum
2025 656 2291 741 gradum
2339 657 2402 720 in
2449 658 2604 722 serie
2642 658 2772 741 plu·
2859 697 2862 700 -

305 765 511 840 rium3
562 781 711 846 ergo
758 761 845 824 ibi
884 760 1256 844 supponitur
1304 762 1504 823 Deum
1560 759 1736 842 diligi
1788 758 1899 822 aut
1945 758 2120 841 diligi
2171 777 2347 841 posse
2397 761 2661 839 propter
2708 779 2770 824 se

305 865 556 947 quidem
615 865 685 927 at
743 862 950 927 minus
998 861 1418 945 principaliter
1478 862 1542 924 et
1600 860 1738 924 dein
1796 860 1857 924 id
1917 860 2281 939 excluditur,
2332 861 2608 927 addendo
2657 878 2770 925 san

307 984 565 1031 TANTUM
613 982 893 1030 PaoP'raR
940 981 1146 1028 ALmn.

394 1067 495 1132 Sic
542 1068 742 1152 igitur
785 1065 1186 1150 intelligenda
1240 1065 1558 1143 resolutio,
1608 1065 1773 1147 quod
1820 1065 1924 1129 ille
1970 1067 2267 1148 peccaret,
2318 1067 2427 1148 qui
2485 1066 2576 1131 ita
2625 1068 2773 1130 actu-

304 1172 704 1254 eomparatus
752 1169 958 1233 animo
1006 1169 1186 1246 esset,
1235 1168 1310 1232 ut
1353 1167 1471 1232 nisi
1520 1187 1592 1231 ea
1638 1167 1897 1251 praemii
1945 1169 2007 1231 h.
2048 1188 2099 1232 e.
2140 1169 2447 1234 commodi
2487 1171 2585 1234 sui
2631 1188 2769 1253 spes

305 1274 567 1348 adesset,
603 1274 803 1336 Deum
836 1271 1030 1336 nollet
1075 1270 1350 1354 diligere.
1401 1271 1500 1334 Ita
1537 1268 1829 1347 Sanchez,
1865 1270 2037 1333 Mor.
2071 1271 2179 1334 lib.
2216 1273 2275 1335 2.
2310 1290 2443 1355 cap.
2483 1272 2588 1335 35.
2618 1293 2676 1335 n.
2706 1273 2766 1335 3.

307 1377 494 1442 Ratio
529 1378 652 1452 est;
687 1375 836 1457 quia
866 1373 1139 1439 detrahit
1170 1375 1299 1438 Deo
1333 1373 1704 1458 dignitatem
1735 1373 1875 1437 finis
1907 1373 2139 1437 ultimi.

393 1481 573 1563 Quod
605 1481 764 1545 idem
805 1482 984 1544 notat
1014 1499 1062 1542 s.
1102 1478 1288 1562 Alph.
1321 1478 1429 1542 lib.
1471 1480 1531 1542 2.
1573 1499 1631 1542 n.
1668 1479 1775 1542 24.
1808 1479 1871 1541 in
1912 1478 2039 1543 fin.:
2082 1505 2115 1538 «
2148 1480 2321 1544 Tunc
2369 1484 2578 1545 tamen
2628 1481 2767 1563 quis

307 1584 606 1668 peccaret,
644 1582 890 1665 quando
937 1581 1168 1646 actuali
1214 1580 1558 1645 intentione
1604 1580 1801 1644 nollet
1847 1600 2054 1644 amare
2102 1582 2322 1658 Deum,
2363 1582 2483 1645 nisi
2519 1583 2771 1665 propter

306 1706 501 1770 spem,
540 1685 639 1749 vel
683 1685 973 1748 timorem
1004 1709 1065 1759 »‚
1101 1682 1230 1747 scil.
1266 1682 1385 1747 nisi
1432 1683 1707 1764 speraret
1754 1682 2099 1763 praemium
2146 1683 2373 1747 amoris
2424 1684 2519 1748 vel
2566 1683 2685 1747 nisi
2728 1704 2768 1747 a

305 1790 536 1853 timore
565 1786 784 1851 inferni
828 1785 1172 1870 cogeretur.
1213 1785 1295 1847 Et
1337 1803 1481 1847 cum
1528 1783 1645 1846 Dei
1691 1802 1867 1847 amor
1897 1783 2293 1866 potissimum
2340 1804 2404 1848 se
2450 1785 2675 1867 prodat
2705 1786 2767 1849 in

312 1888 695 1955 observanda
720 1889 856 1973 lege
880 1888 997 1952 Dei
1025 1887 1201 1951 iuxta
1230 1885 1416 1950 illud:
1451 1883 1527 1948 Si
1554 1883 1827 1967 diliyitis
1857 1905 1971 1961 me,
1996 1884 2299 1948 mandata
2328 1905 2465 1950 mea
2494 1890 2769 1964 servatc,·

307 1994 458 2058 hinc
487 1993 804 2075 peccatum
833 1991 951 2054 hoc
981 1989 1044 2052 111
1092 2008 1163 2053 60
1201 1988 1565 2071 praesertim
1605 1987 1865 2064 adesset,
1891 1987 2000 2070 qui
2038 1989 2295 2069 paratus
2328 1991 2489 2054 esset
2521 2009 2768 2072 peccare

301 2094 428 2160 nisi
484 2093 726 2158 adesset
775 2091 1093 2158 infernus:
1141 2090 1489 2156 cuiusmodi
1549 2090 1840 2154 timorem
1902 2090 2212 2172 appellare
2259 2090 2463 2155 solent
2522 2092 2769 2157 scholae

300 2197 617 2263 serviliter
651 2195 956 2261 servilem.

390 2299 513 2365 Sed
536 2317 733 2382 neque
763 2297 1029 2363 secunda
1053 2315 1193 2380 pars
1218 2296 1499 2360 exactam
1528 2295 1820 2379 proponit
1851 2295 2216 2373 doctrinam,
2245 2297 2352 2361 ubi
2383 2296 2535 2361 dicit
2571 2299 2771 2363 amari

300 2422 485 2488 posse
517 2402 720 2467 Deum
752 2401 1002 2484 propter
1029 2398 1522 2478 retributionem,
1556 2398 1609 2462 si
1645 2397 1797 2461 haec
1842 2397 1928 2461 sit
1972 2417 2160 2461 causa
2199 2400 2448 2462 tantum
2494 2418 2768 2480 movens,

297 2509 374 2570 111
435 2503 714 2585 facilia-9,
761 2500 1127 2583 expeditius,
1176 2498 1517 2580 ferventius
1569 2498 1897 2583 diligatur.
1947 2499 2110 2563 Nam
2171 2500 2500 2565 retributio
2561 2503 2773 2585 potest

297 2628 439 2674 esse
485 2610 548 2671 et
592 2625 783 2672 causa
827 2604 1033 2670 finalis
1079 2605 1256 2668 actus
1305 2603 1534 2685 amoris
1565 2603 1699 2680 Dei,
1751 2604 1900 2685 quin
1946 2602 2189 2667 desinat
2249 2605 2417 2669 Deus
2463 2623 2594 2669 esse
2631 2604 2770 2670 finis

299 2714 521 2779 noster
565 2711 848 2776 ultimus.
882 2709 981 2773 An
1027 2707 1351 2772 damnares
1399 2726 1562 2782 611111,
1602 2707 1711 2788 qui
1756 2707 1893 2771 ideo
1941 2708 2145 2772 solum
2192 2707 2571 2793 multiplices
2603 2708 2773 2773 elicit

293 2818 486 2880 actus
533 2813 818 2877 caritatis
864 2810 1171 2893 (alioquin
1217 2828 1338 2873 non
1395 2808 1998 2891 multiplicaturus);
2048 2810 2195 2891 quia
2243 2811 2607 2893 ampliorem
2654 2810 2772 2875 sibi

297 2916 653 2982 mercedem
698 2914 840 2980 vult
884 2913 949 2977 in
1009 2912 1180 2976 caelo
1228 2911 1627 2994 comparare!
1675 2909 1887 2974 Minus
1935 2913 2077 2993 apte
2124 2931 2270 2998 ergo
2332 2912 2615 2977 doctrina
2662 2913 2772 2977 illa

293 3020 655 3104 exponitur,
705 3035 865 3099 quae
910 3034 1056 3079 vera
1119 3033 1249 3079 esse
1296 3014 1502 3096 potest
1563 3011 1787 3088 solum,
1836 3012 1890 3076 si
1934 3012 2327 3097 intelligatur
2388 3015 2461 3077 de
2523 3033 2614 3092 eo,
2664 3015 2773 3097 qui

293 3140 483 3188 secus
518 3121 695 3185 nullo
740 3119 925 3184 modo
973 3118 1135 3183 esset
1183 3118 1508 3181 amaturus
1555 3132 1833 3196 unquam
1878 3115 2110 3179 Deum:
2160 3134 2283 3181 11011
2328 3135 2473 3181 vero
2523 3116 2774 3182 admitti

291 3228 539 3310 posset,
566 3225 619 3288 si
665 3224 896 3308 agatur
926 3221 999 3286 de
1032 3239 1124 3296 eo,
1151 3218 1260 3301 qui
1290 3218 1458 3282 elicit
1489 3218 1706 3301 sponte
1737 3217 2019 3282 caritatis
2053 3219 2229 3282 actus
2263 3217 2340 3282 ad
2374 3219 2773 3284 obtinendum

293 3348 454 3394 eum
501 3326 706 3403 finem,
739 3344 924 3407 quem
971 3324 1139 3387 Deus
1186 3321 1475 3405 promisit
1520 3319 1922 3404 diligentibus
1970 3338 2053 3384 se.

386 3433 500 3496 Ita
532 3448 679 3495 sane
710 3427 980 3493 Sanchez
1004 3423 1245 3490 Moral.
1280 3424 1388 3488 lib.
1417 3425 1477 3487 2.
1504 3442 1556 3486 c.
1591 3423 1695 3486 35.
1723 3443 1782 3487 n.
1811 3423 1873 3485 3.
1907 3423 2217 3505 inquiens:
2253 3449 2287 3481 «
2312 3424 2529 3489 Potest
2565 3428 2774 3489 tamen

297 3534 481 3598 Deus
513 3531 694 3615 diligi
716 3532 982 3610 propter
1009 3548 1096 3602 se,
1122 3526 1239 3592 etsi
1277 3525 1466 3590 simul
1503 3524 1806 3608 diligatur
1836 3527 2088 3607 propter
2118 3526 2458 3591 mercedem
2491 3529 2775 3591 aeternae

295 3637 496 3711 vitae,
545 3632 882 3697 dummodo
928 3648 1158 3694 merces
1204 3628 1314 3692 illa
1361 3646 1484 3692 non
1532 3626 1617 3690 sit
1664 3625 1817 3705 sinis
1864 3626 2063 3705 ipsius
2109 3626 2254 3705 Dei,
2290 3628 2394 3692 sed
2425 3627 2778 3692 dilectionis

294 3740 581 3801 nostrae.
629 3733 807 3813 Quod
854 3734 950 3796 est
996 3731 1193 3795 dicere
1239 3728 1605 3794 clarioribus
1654 3727 1973 3791 terminis:
2007 3728 2248 3793 licitum
2298 3732 2392 3794 est
2421 3730 2599 3794 nobis
2631 3730 2779 3795 dile-

294 3840 582 3904 ctionem
628 3835 744 3900 Dei
804 3837 868 3899 et
915 3834 1123 3899 omnia
1185 3852 1371 3915 opera
1416 3832 1630 3895 nostra
1691 3829 1855 3894 bona
1910 3830 1974 3893 in
2031 3831 2316 3895 aeternae
2371 3833 2775 3898 beatitudinis

295 3940 653 4007 mercedem
700 3938 942 4016 referre,
995 3938 1296 4018 tanquam
1343 3935 1412 3997 in
1459 3934 1649 4014 finem
1693 3933 1905 3997 minus
1922 3933 2345 4014 principalem
2376 3961 2437 4000 ».
2478 3935 2777 4016 Quamvis

296 4044 545 4109 mentio
578 4042 715 4106 heic
760 4040 913 4120 finis
957 4040 1167 4103 minus
1201 4034 1606 4118 principalis,
1639 4035 1694 4099 si
1739 4035 2076 4121 intelligaS,
2110 4037 2277 4119 quod
2308 4039 2572 4103 intentio
2604 4040 2775 4116 haec,

296 4148 364 4211 in
418 4166 492 4211 eo
542 4146 688 4209 actu
736 4142 1084 4207 dilectionis
1133 4141 1247 4205 Dei
1295 4140 1548 4223 propter
1601 4138 1961 4216 mercedem,
2011 4139 2229 4204 debeat
2290 4160 2419 4205 esse
2465 4141 2774 4224 explicita,

295 4247 736 4314 confusionem
785 4244 995 4328 potius
1042 4243 1283 4328 gignat.
1319 4241 1484 4304 Nam
1529 4260 1637 4322 per
1668 4258 1732 4303 se
1781 4240 1843 4303 in
1890 4240 2024 4324 ipso
2062 4244 2227 4319 actu,
2269 4243 2374 4323 qui
2422 4245 2628 4307 rectus
2660 4245 2773 4315 est,

296 4353 438 4416 iam
487 4348 797 4415 ordinatio
844 4346 909 4410 in
957 4348 1159 4410 Deum
1206 4346 1532 4426 tamquam
1579 4361 1937 4424 supremum
1983 4342 2187 4421 finem,
2228 4344 2527 4427 implicite
2585 4348 2777 4412 conti-

299 4455 497 4517 netur
532 4452 596 4515 et
633 4451 750 4514 hoc
781 4468 1022 4531 semper
1051 4445 1459 4512 retinendum.

399 4550 537 4624 151.
572 4552 798 4616 Recole
834 4550 1201 4615 damnatam
1248 4549 1734 4633 propositionem
1771 4551 1896 4613 18³¹
1933 4568 2002 4613 ex
2051 4550 2156 4612 31.
2196 4549 2369 4612 Alex.
2401 4549 2578 4613 VIII.
2621 4574 2655 4606 «
2680 4550 2777 4612 In-

303 4657 538 4733 1611110,
587 4675 710 4738 qua
758 4655 897 4736 quis
957 4654 1305 4718 detestatur
1349 4653 1590 4716 malum
1636 4654 1698 4717 et
1742 4652 2140 4735 prosequitur
2184 4651 2435 4728 bonum,
2484 4667 2655 4712 11111111
2704 4653 2778 4713 ut
