3497 5147
709 370 818 427 7oe
876 384 1089 425 mser.
1115 382 1194 423 vr.
1221 378 1385 422 sacr.
1410 379 1466 419 v.
1492 378 1578 418 nn
1600 374 1832 424 Quarto
1853 372 2073 414 Panno.
2101 371 2431 415 nncAnoer.
2456 371 2591 414 cAP.
2619 372 2709 414 111.
2735 372 2877 414 nun.
2902 372 2967 414 11.
3017 358 3161 427 [957]

819 480 965 533 Lth.
991 478 1043 531 7.
1073 474 1383 543 Repu-osanna
1421 472 1551 527 licita
1589 477 1701 526 sunt
1739 469 1817 524 his
1853 467 2244 524 conditionibus:
2280 470 2323 523 Ι.
2350 476 2405 523 ut
2427 467 2679 522 manifeste
2703 475 2897 522 constet
2922 467 3058 521 cives
3095 470 3162 524 nl·

705 563 861 619 terius
898 562 1106 629 Reipub.
1145 560 1317 615 recisse
1354 557 1606 612 iniuriam:
1636 559 1683 609 2.
1710 562 1763 608 ut
1800 553 2092 620 Superiores
2127 551 2325 607 illorum
2364 552 2522 618 rogati
2558 558 2785 606 recusent
2823 552 3163 607 administrare

702 647 972 702 iustitiam:
996 648 1044 699 3.
1074 653 1125 699 ut
1149 651 1340 699 constet
1365 657 1452 697 eos
1477 639 1789 708 culpabiliter
1825 637 1874 692 id
1901 652 2158 692 recusare:
2188 638 2234 690 4.
2264 643 2316 691 ut
2348 636 2575 705 princeps
2603 650 2883 703 supremuS,
2910 651 3057 689 causa
3084 651 3164 690 co·

702 731 852 799 gnita,
873 730 938 784 id‘
950 732 1205 784 concedat:
1235 729 1285 782 5.
1313 734 1365 781 nt
1389 741 1483 780 non
1520 726 1757 779 interatur
1795 726 1904 790 plus
1940 718 2118 786 damni,
2142 735 2287 788 quam
2313 720 2439 776 iusta
2464 720 2731 775 satisfactio
2768 720 2991 787 requirit.
3019 724 3068 775 6.
3094 723 3160 776 Ut

702 832 800 871 non
835 818 1166 871 concedantur
1199 813 1249 867 in
1286 825 1524 880 personas
1558 808 1943 863 Ecclesiasticus,
1971 809 2082 861 Mol.
2114 805 2252 861 Dian.
2280 822 2326 874 p.
2358 807 2404 860 4.
2432 815 2465 859 t.
2497 806 2544 860 4.
2570 822 2608 861 ι·.
2635 806 2724 860 72.
2749 819 2811 859 ex
2841 808 2926 858 48.
2955 805 3080 859 aliis.

794 938 965 1013 957.
1001 938 1424 1025 Repressaliae
1456 937 1766 1012 dicuntur,
1799 933 2044 1016 quando
2076 935 2355 1017 princeps
2389 934 2486 998 vel
2508 933 2861 1018 respublica
2894 934 3160 999 subditis

702 1047 816 1109 aut
844 1044 1152 1109 militibus
1183 1042 1333 1119 suis,
1352 1040 1648 1104 damnum
1670 1039 1974 1102 iniustum
2006 1037 2223 1120 passis,
2241 1038 2618 1121 potestatem
2647 1036 2801 1101 facit
2831 1036 3161 1102 invadendi

700 1147 898 1211 terras
952 1165 1185 1220 eorum,
1219 1144 1327 1226 qui
1373 1142 1669 1207 damnum
1715 1140 2062 1204 intulerunt
2109 1141 2172 1204 et
2219 1139 2556 1223 occupandi
2605 1139 2766 1204 bona
2811 1139 3159 1204 incolarum

701 1247 891 1312 etiam
922 1247 1363 1319 innocentium,
1396 1243 1587 1308 donec
1615 1243 1785 1307 iusta
1816 1240 2026 1306 damni
2055 1242 2474 1325 compensatio
2506 1241 2638 1306 fiat.
2679 1242 2897 1328 Laym.
2945 1242 3050 1307 lib.
3094 1244 3156 1307 2.

699 1349 779 1412 tr.
819 1348 884 1427 3,
913 1367 1046 1433 cap.
1086 1349 1187 1411 12.
1221 1368 1282 1412 n.
1320 1348 1422 1410 13.

802 1491 974 1544 Lxut.
1000 1491 1238 1558 Quaeres,
1263 1491 1324 1542 ad
1359 1502 1504 1554 quem
1541 1485 1817 1554 pertincant
1855 1489 1978 1540 bona
2017 1486 2244 1540 hostibus
2280 1491 2478 1553 erepta?

802 1577 951 1641 Resp.
982 1577 1027 1626 4.
1055 1573 1323 1628 immobilia
1347 1574 1526 1627 cedunt
1552 1570 1764 1636 principi
1789 1578 1872 1623 aut
1899 1570 2237 1639 Reipublicae3
2266 1571 2466 1625 mobilia
2491 1573 2615 1625 flunt
2637 1571 2895 1640 capientis,
2920 1571 3014 1626 nisi
3038 1586 3155 1627 con·

694 1662 904 1714 suetudo
931 1663 1124 1722 habeat,
1152 1667 1205 1712 ut
1230 1673 1346 1726 pars
1371 1660 1511 1711 cedat
1538 1655 1751 1724 principi
1778 1664 1826 1708 et
1850 1654 2216 1711 Communitati.
2245 1658 2292 1709 2.
2313 1657 2416 1709 lure
2440 1656 2701 1719 Caesareo,
2729 1656 2823 1711 nisi
2849 1658 3155 1711 consuetudo

693 1743 759 1798 tit
795 1745 1055 1807 contraria,
1083 1747 1209 1798 bona
1241 1747 1403 1797 ablata
1440 1742 1572 1795 iusto
1610 1743 1740 1795 bello
1777 1741 1856 1803 iis,
1884 1741 1970 1807 qui
2006 1755 2064 1795 ea
2101 1740 2280 1795 iniuste
2321 1740 2654 1807 possidebant,
2681 1743 2803 1796 flunt
2839 1742 3151 1810 capientium,

693 1836 951 1897 postquam
978 1845 1034 1883 ea
1060 1829 1110 1883 in
1147 1844 1236 1884 sua
1274 1828 1517 1897 praesidia
1554 1830 1892 1895 deportarunt.
1920 1829 2114 1882 Valent.
2147 1834 2212 1882 to.
2235 1830 2289 1880 3.
2315 1830 2364 1881 d.
2394 1826 2442 1880 4.
2469 1842 2518 1892 q.
2540 1829 2588 1880 3.
2606 1830 2719 1881 Mol.
2745 1829 2795 1881 d.
2821 1830 2904 1882 48.
2931 1834 2980 1884 et
3005 1831 3152 1883 Hurt.

694 1921 728 1967 t.
757 1916 807 1967 2.
833 1918 880 1968 d.
910 1916 1030 1968 469.
1047 1930 1086 1969 S.
1111 1916 1193 1968 42.
1213 1915 1262 1982 S.
1286 1916 1305 1966 4
1326 1915 1406 1966 49.
1427 1912 1512 1966 ubi
1531 1911 1753 1977 requirit,
1777 1917 1828 1965 ut
1850 1926 1941 1964 una
1969 1914 2141 1964 saltem
2170 1918 2313 1966 nocte
2340 1910 2663 1979 possederint.
2683 1912 2813 1966 Vide
2846 1913 2991 1967 etiam
3010 1915 3153 1979 sylv.

691 2000 871 2052 Bonae.
900 2003 933 2051 t.
951 2013 995 2052 e.
1016 2001 1077 2052 de
1103 1998 1316 2066 peccatis
1338 1998 1388 2051 in
1414 2000 1545 2051 betto
1570 1996 1809 2050 committi
1833 1995 2008 2050 solitis.
2034 1999 2194 2050 Trutt.
2221 1999 2255 2049 Ι.
2276 1998 2327 2050 2.
2352 1999 2400 2049 d.
2427 1999 2508 2049 10.
2535 2002 2585 2050 et
2609 2012 2710 2063 seq.
2735 1997 2876 2051 Dian.
2900 2014 2947 2065 p.
2967 2001 3017 2052 6.
3042 2007 3076 2054 4.
3101 2000 3153 2053 4.

688 2097 729 2137 r.
755 2084 841 2137 23.
868 2082 953 2137 ubi
976 2091 1144 2137 contra
1170 2085 1390 2137 Durand.
1416 2084 1559 2136 docet
1585 2086 1708 2135 hanc
1732 2080 2020 2135 sententiam
2049 2095 2160 2135 esse
2183 2081 2233 2134 in
2261 2080 2403 2147 praxi
2428 2088 2599 2136 tutam.

777 2208 1236 2277 Consulendum
1267 2210 1365 2275 ius
1397 2209 1680 2294 gentium
1709 2209 1925 2293 vigens
1958 2207 2024 2272 et
2051 2207 2453 2274 consuetudo.

1360 2424 1474 2488 An
1511 2423 1732 2488 clerico
1767 2421 2004 2486 licitum
2037 2422 2125 2486 sit
2154 2443 2468 2505 puynare.

773 2618 946 2693 958.
996 2622 1215 2687 Thesis
1250 2621 1402 2685 haec
1432 2639 1468 2683 a
1508 2619 1724 2704 Laym.
1759 2619 1868 2682 lib.
1908 2620 1969 2683 2.
2003 2620 2082 2684 tr.
2117 2620 2178 2685 3.
2213 2640 2345 2704 cap.
2386 2622 2487 2685 12.
2522 2642 2582 2686 n.
2615 2623 2716 2687 19.
2744 2623 3138 2707 proponitur:

687 2750 723 2784 «
753 2723 1005 2790 Clericis
1049 2725 1183 2788 iure
1232 2721 1644 2788 ecclesiastico
1689 2740 1741 2786 c.
1786 2719 2095 2786 C'lericum
2122 2722 2268 2788 dist.
2304 2724 2408 2788 50.
2457 2726 2522 2789 et
2557 2743 2609 2789 c.
2643 2724 2778 2789 Eos
2822 2726 2931 2806 qui
2959 2745 3011 2790 c.
3030 2727 3139 2792 20.

677 2847 736 2908 q.
773 2827 833 2890 3.
882 2829 997 2890 etc.
1046 2825 1429 2909 prohibitum
1475 2826 1572 2889 est
1616 2826 1791 2889 extra
1835 2825 2219 2889 necessitatis
2266 2844 2480 2890 casum
2527 2828 2776 2911 propria
2805 2847 2998 2894 manu
3020 2849 3135 2913 pu·
3183 2859 3190 2866 ·

682 2947 875 3013 gnare
905 2954 969 2991 ».

763 3030 993 3095 Adesse
1028 3031 1238 3095 autem
1268 3029 1651 3095 necessitatis
1683 3048 1938 3094 causam
1975 3032 2177 3112 putat,
2215 3031 2282 3093 1⁰
2320 3031 2373 3095 si
2406 3030 2468 3095 id
2499 3034 2912 3098 necessarium
2940 3035 3024 3099 sit
3057 3033 3133 3099 ad

676 3133 1086 3199 defensionem
1133 3133 1416 3218 propriae
1448 3133 1646 3197 vitae:
1690 3133 1760 3195 2ο
1789 3133 1843 3195 si
1873 3133 2285 3196 necessarium
2316 3133 2401 3198 sit
2433 3136 2510 3199 ad
2558 3134 2971 3202 defensionem
3001 3157 3136 3222 pro·

673 3235 821 3299 ximi
866 3235 1227 3313 innocentia,
1271 3235 1633 3319 praesertim
1680 3234 1790 3315 qui
1835 3234 2207 3316 reipublicae
2254 3237 2432 3301 valde
2480 3238 2655 3302 utilis
2718 3240 2817 3304 vel
2864 3259 3133 3306 neeessa-

669 3336 800 3402 rins
845 3337 1059 3401 fuerit:
1095 3337 1165 3400 3⁰
1211 3337 1263 3402 si
1309 3336 1723 3401 necessarium
1770 3335 1855 3400 sit
1887 3335 1964 3399 ad
1994 3335 2407 3402 defensionem
2431 3340 2674 3422 patriae
2708 3343 2821 3405 aut
2853 3341 3127 3406 civitatis

667 3441 882 3505 contra
915 3440 1180 3505 iniustos
1224 3441 1574 3505 invasores:
1612 3439 1681 3500 4⁰
1714 3438 1767 3502 si
1815 3438 2223 3503 necessarium
2270 3439 2355 3504 sit
2403 3441 2479 3504 ad
2511 3443 3005 3508 consecutionem
3032 3443 3126 3508 iu-

667 3546 799 3608 stae
836 3543 1153 3619 victoriae,
1185 3563 1257 3607 ex
1289 3561 1411 3625 qua
1459 3542 1627 3606 salus
1658 3541 1968 3605 Ecclesiae
2016 3542 2111 3605 vel
2143 3541 2515 3624 reipublicae
2547 3545 2923 3610 christianae
2970 3546 3127 3611 mul-

666 3647 802 3710 tum
847 3645 1088 3729 pendet.
1137 3644 1456 3710 Ordinarie
1504 3646 1716 3709 autem
1764 3643 1910 3708 talis
1957 3644 2290 3709 necessitas
2336 3645 2399 3708 in
2433 3644 2593 3711 bello
2629 3649 2992 3730 praesertim
3041 3648 3126 3714 of-

662 3748 897 3812 fensivo
946 3766 1068 3812 non
1108 3747 1375 3812 occurrit
1419 3767 1560 3812 cum
1590 3747 1955 3829 plerumque
1990 3746 2221 3810 milites
2259 3747 2403 3812 laici
2448 3747 2727 3813 adhiberi
2772 3751 3033 3834 possint.

754 3848 944 3912 Addit
982 3849 1211 3926 autem,
1246 3849 1298 3913 si
1329 3849 1497 3914 iusta
1526 3849 1858 3913 necessitas
1883 3867 2069 3913 causa
2107 3867 2229 3913 non
2268 3848 2448 3927 adsit,
2483 3850 2734 3916 clericos
2766 3852 3014 3934 quidem
3060 3855 3123 3918 in

662 3951 1002 4015 maioribus
1035 3950 1350 4016 ordinibus
1380 3952 1778 4029 constitutOS,
1826 3950 2102 4037 graviter
2147 3951 2477 4036 pugnando
2517 3972 2795 4036 peccare:
2839 3957 2906 4020 at
2944 3957 2998 4021 si
3029 3976 3123 4021 so-

664 4053 795 4118 lum
841 4054 903 4118 in
942 4054 1283 4119 minoribus
1322 4054 1659 4131 ordinibus,
1704 4073 1951 4136 peccare
2013 4054 2259 4118 tantum
2314 4055 2656 4131 venialiter,
2699 4056 2750 4120 si
2804 4059 3122 4143 gaudeant

668 4155 781 4220 fori
820 4157 1169 4241 privilegi03
1206 4157 1258 4221 si
1307 4176 1449 4221 vero
1484 4158 1600 4221 hoc
1635 4175 1759 4221 non
1806 4157 2138 4240 gaudeant,
2173 4157 2330 4220 nihil
2362 4162 2641 4240 peccant.
