3497 5147
287 356 414 433 [θω]
1214 369 1301 409 nn*
1337 369 1765 411 snmus-rmum
2610 355 2717 409 461

282 467 580 534 scientiae:
614 484 771 547 quae
801 465 1202 550 intelligenda
1234 468 1399 543 sunt,
1435 466 1489 530 si
1517 466 1870 532 iuramenta
1906 467 2024 530 1166
2061 468 2241 549 pacto
2275 467 2523 530 extorta
2562 465 2712 529 obli-

280 571 431 656 gent,
462 569 624 652 quod
653 568 728 632 de
757 568 1106 632 iuramento
1155 570 1327 632 metu
1359 570 1601 633 extorto
1650 569 1920 632 vidimus
1960 566 2234 632 dubitari
2273 567 2495 631 merito
2534 585 2714 649 posse

278 693 331 737 n.
356 672 515 736 579.:
535 672 958 736 iuramentum
983 673 1194 735 autem
1219 690 1325 754 per
1346 670 1560 735 dolum
1585 673 1920 746 extortum,
1949 671 2002 734 si
2035 671 2214 735 dolus
2240 670 2325 734 sit
2350 670 2710 734 huiusmodi

280 777 343 840 ut
370 773 596 838 dederit
624 791 879 837 causam
909 772 1278 851 contractui,
1303 774 1554 837 irritum
1586 777 1708 849 est3
1737 773 1884 855 quia
1917 773 2088 837 deest
2111 772 2358 836 debitus
2382 790 2717 836 consensus

278 898 329 942 n.
360 877 500 941 580.
533 875 649 940 Ille
694 875 944 940 tandem
992 876 1077 949 3.,
1109 876 1173 938 111
1219 875 1397 940 6111116
1443 875 1722 941 favorem
1770 876 1936 940 facta
1984 878 2079 940 est
2118 873 2465 957 promissio,
2509 874 2718 956 potest

274 979 571 1044 remittere
605 978 1047 1056 iuramentum,
1087 978 1205 1042 etsi
1252 978 1674 1061 principaliter
1720 978 1958 1044 factum
2004 978 2088 1041 sit
2136 978 2198 1040 in
2236 976 2534 1040 honorem
2581 975 2714 1039 Dei.

275 1080 466 1165 Negat
507 1080 572 1144 id
617 1080 867 1162 quidem
914 1100 962 1145 s.
1002 1080 1274 1145 Thomas
1321 1101 1379 1162 q.
1431 1081 1535 1145 89.
1586 1099 1641 1144 a.
1692 1083 1754 1145 9.
1805 1081 1882 1144 ad
1930 1082 2012 1158 2.,
2053 1078 2175 1143 11161
2218 1079 2586 1161 interposita
2634 1077 2719 1142 sit

272 1183 545 1259 conditiO,
581 1183 642 1247 si
672 1181 796 1258 illi,
835 1183 939 1246 cui
968 1183 1383 1264 promittitur,
1412 1182 1767 1262 placuerit,-
1801 1182 1906 1247 sed
1951 1183 2103 1247 11666
2148 1180 2420 1246 conditio
2471 1180 2718 1244 videtur

271 1284 560 1368 implicita
590 1284 689 1348 his
719 1284 1103 1349 iuramentis,
1138 1282 1229 1348 Cf.
1265 1285 1518 1350 dicenda
1552 1284 1627 1348 de
1676 1285 1828 1350 Voto
1859 1306 1918 1348 n.
1953 1285 2069 1348 sub
2100 1285 2179 1348 D.
2216 1284 2394 1348 VIII.

352 1389 496 1452 599.
529 1387 629 1451 Ad
665 1387 809 1450 7¹¹²*.
840 1387 1190 1472 Distinguit
1220 1387 1294 1452 A.
1327 1389 1773 1453 relaxationem
1810 1388 2146 1453 iuramenti
2193 1387 2494 1451 directam
2526 1388 2589 1450 et
2624 1387 2721 1449 in-

273 1487 578 1553 directam.
610 1490 702 1554 Ea
733 1491 846 1566 est,
872 1508 1031 1572 quae
1060 1489 1417 1554 immediate
1447 1490 1645 1555 fertur
1677 1492 1738 1554 in
1771 1491 1975 1573 ipsum
2007 1489 2327 1553 vinculum
2359 1487 2715 1564 iuramenti,

270 1611 383 1674 quo
406 1592 596 1657 homo
628 1593 876 1657 tenetur
897 1610 1045 1676 erga
1068 1592 1271 1656 Deum
1299 1593 1578 1674 illudque
1611 1592 1843 1657 aufert:
1870 1593 2022 1655 11666
2053 1593 2165 1666 est,
2194 1609 2352 1672 quae
2386 1589 2716 1653 materiam

269 1693 595 1768 subtrahit,
612 1694 773 1757 circa
797 1713 987 1775 quam
1010 1696 1295 1758 versatur
1316 1695 1758 1770 iuramentum,
1781 1693 2181 1758 condonando
2206 1692 2503 1756 debitum.
2525 1692 2718 1755 Porro

265 1797 426 1879 prior
453 1795 783 1869 relaxatio,
815 1815 972 1877 quae
1018 1795 1395 1878 dispensatio
1435 1798 1546 1873 est,
1581 1796 1831 1879 propria
1862 1796 1959 1860 est
1996 1794 2392 1859 auctoritatis
2424 1793 2722 1857 Ecclesia-

268 1898 478 1975 sticae3
510 1899 834 1964 vinculum
879 1899 1042 1963 enim
1080 1898 1236 1962 illud
1283 1899 1647 1983 religiosum
1695 1900 1809 1974 est,
1847 1898 1922 1961 ad
1969 1896 2176 1962 forum
2222 1896 2535 1960 internum
2575 1914 2720 1960 con-

265 1999 551 2065 scientiae
586 2020 693 2084 per
716 2020 780 2065 se
810 2002 1127 2084 spectans:
1152 2000 1509 2064 huiusmodi
1540 2018 1685 2065 vero
1710 2000 1828 2064 soli
1861 1998 2227 2063 auctoritati
2252 1997 2721 2063 Ecclesiasticae

262 2101 632 2168 subduntur.
673 2103 955 2167 Alteram
1000 2104 1213 2167 autem
1258 2103 1702 2167 relaxationem
1748 2101 2093 2166 concedunt
2139 2102 2278 2164 DD.
2314 2100 2501 2165 etiam
2551 2103 2721 2183 pote

260 2203 408 2268 stati
437 2204 662 2282 laicae,
702 2224 845 2268 cum
889 2204 1154 2269 materia
1188 2205 1523 2269 iuramenti
1572 2207 1670 2269 est
1698 2204 2060 2287 temporalis
2093 2205 2158 2267 et
2193 2203 2247 2266 is
2293 2203 2395 2268 cui
2440 2203 2722 2267 iuratum

255 2306 363 2382 est,
397 2307 623 2371 subest
658 2306 755 2370 1111
800 2307 1117 2389 potestati.
1157 2305 1323 2371 Nam
1369 2306 1891 2389 quemadmodum
1928 2308 2135 2389 potest
2179 2303 2524 2371 condonare
2553 2305 2726 2369 iura-

253 2412 531 2474 mentum
576 2410 715 2488 ille,
755 2411 857 2474 cui
901 2410 1135 2492 aliquid
1183 2411 1299 2474 sub
1342 2411 1694 2475 iuramento
1743 2411 2119 2494 promissum
2157 2411 2254 2474 est
2300 2413 2364 2475 et
2408 2410 2723 2474 interdum

252 2509 326 2575 ad
360 2510 422 2576 id
458 2512 741 2589 tenetur,
767 2513 844 2577 ut
871 2511 924 2576 si
954 2512 1374 2578 iuramentum
1421 2515 1735 2579 extortum
1768 2513 1850 2577 sit
1897 2531 2004 2596 per
2038 2511 2333 2577 iniuriam
2372 2513 2510 2595 (alii
2541 2532 2727 2597 nega·

250 2613 402 2678 bunt
433 2633 609 2698 opus
647 2633 776 2679 esse
805 2614 1212 2699 relaxatione)
1244 2618 1307 2679 et
1352 2616 1488 2681 ideo
1538 2635 1574 2680 a
1611 2616 1924 2699 superiore
1971 2616 2233 2679 seculari
2279 2615 2359 2679 ad
2409 2615 2469 2678 id
2515 2617 2727 2697 potest

246 2718 402 2803 cogi,
440 2717 699 2801 poterit
742 2717 932 2781 etiam
979 2716 1141 2782 idem
1188 2718 1466 2802 princeps
1513 2717 1575 2782 id
1621 2738 1728 2801 per
1776 2738 1839 2783 se
1883 2718 2241 2783 immediate
2278 2717 2494 2791 facere,
2532 2718 2723 2782 etiam

246 2823 646 2904 repugnante
695 2838 955 2902 persona
998 2819 1131 2896 illa,
1182 2820 1253 2883 ad
1304 2839 1493 2902 quam
1539 2820 1808 2903 pertinet
1853 2821 1952 2884 ius
1998 2819 2175 2883 illud.
2226 2818 2324 2884 Sic
2372 2819 2596 2884 Suarez
2645 2821 2721 2884 de

248 2922 491 2989 Iuram.
546 2925 593 2988 l.
633 2925 699 2987 2.
732 2942 783 2987 c.
819 2923 924 2987 41.
959 2942 1061 2987 1111.
1100 2924 1202 2987 15.
1242 2923 1343 2987 16.
1393 2925 1455 2987 et
1501 2924 1741 2988 Molina
1787 2924 2013 2988 ibidem
2061 2924 2293 2988 citatus
2342 2926 2528 3007 atque
2576 2924 2727 2989 San-

247 3026 387 3091 chez
435 3028 483 3090 l.
520 3028 586 3092 3.
625 3046 681 3090 6.
718 3026 821 3089 22.
858 3024 1104 3107 aliique.
1157 3026 1336 3102 Item,
1372 3025 1462 3090 ait
1507 3025 1655 3090 ibid.
1706 3025 1952 3104 Suarez,
2003 3028 2211 3110 potest
2254 3026 2352 3090 lex
2400 3027 2599 3089 civilis
2631 3027 2722 3091 ita

241 3130 577 3211 prohibere
613 3130 683 3192 et
710 3126 957 3191 irritare
988 3127 1332 3192 humanum
1368 3129 1779 3205 contractum,
1798 3130 1889 3219 ‘ut
1934 3128 2181 3193 etiamsi
2226 3128 2578 3192 iuramento
2617 3128 2724 3191 fir-

241 3233 469 3308 metur,
522 3230 786 3296 nullum
831 3229 1037 3311 pariat
1082 3228 1406 3307 effectum;
1457 3231 1545 3295 616
1591 3232 1755 3295 enim
1801 3230 2193 3295 subtrahitur
2238 3230 2500 3293 materia
2555 3230 2728 3294 iura-

239 3335 467 3399 menti:
503 3331 859 3398 dummodo
895 3332 992 3395 lex
1030 3331 1229 3395 civilis
1265 3333 1330 3396 in
1368 3333 1464 3397 his
1494 3352 1617 3398 non
1667 3335 1819 3417 agat
1849 3334 2065 3397 contra
2101 3332 2533 3415 dispositiones
2570 3332 2727 3397 iuris

237 3435 548 3502 canonici.
588 3433 717 3499 Sed
763 3434 914 3498 haec
948 3452 1070 3498 non
1115 3433 1360 3517 proprie
1403 3435 1706 3500 relaxatio
1754 3437 1850 3498 est
1884 3434 2237 3507 iuramenti,
2273 3433 2377 3496 sed
2425 3436 2520 3497 est
2551 3438 2727 3499 actus

233 3538 619 3622 impediens,
641 3555 722 3601 ne
754 3534 1056 3620 obligatio
1078 3535 1415 3600 iuramenti
1441 3536 1712 3600 oriatur:
1740 3536 1905 3617 quod
1931 3554 2106 3618 posse
2139 3534 2328 3598 etiam
2356 3553 2392 3597 a
2418 3536 2726 3617 potestate

231 3639 393 3707 laica
443 3641 597 3706 fieri
640 3639 708 3703 in
746 3638 864 3702 1166
891 3656 1038 3702 66611
1068 3638 1411 3703 concedunt
1448 3638 1583 3701 DD.
1618 3637 1776 3701 Vide
1813 3636 2005 3701 etiam
2037 3636 2316 3699 Lessium
2354 3636 2396 3699 1.
2436 3639 2494 3699 ⁶2.
2530 3656 2580 3700 6.
2617 3637 2723 3701 41.

234 3742 379 3808 dub.
426 3745 543 3807 12.
575 3742 643 3805 *.

1166 3875 1200 3913 *
1218 3874 1319 3939 Dc
1351 3873 1778 3939 Adiuratione
1802 3875 1836 3913 *

316 4051 514 4126 800.
553 4052 729 4116 Post
772 4069 831 4133 q.
865 4051 939 4114 de
981 4051 1352 4129 iuramento,
1394 4070 1442 4116 6.
1477 4052 1751 4117 Thomas
1797 4052 2050 4117 subiicit
2095 4072 2154 4134 q.
2190 4053 2263 4117 de
2316 4054 2725 4133 adiuratione,

227 4155 300 4222 de
337 4176 476 4241 qua
514 4152 777 4235 aliquid
813 4152 1156 4219 dicendum.

310 4260 490 4341 Quid
546 4258 650 4323 sit
691 4255 1002 4321 adiuratio
1049 4257 1315 4339 explicat
1360 4276 1406 4321 6.
1450 4258 1682 4323 Doctor
1728 4278 1786 4340 q.
1840 4261 1943 4323 90.
1988 4278 2042 4323 a.
2083 4261 2141 4323 1.
2183 4258 2512 4323 collatione
2560 4257 2728 4323 facta

224 4380 367 4429 cum
394 4360 813 4429 iuramento.
830 4383 865 4416 ‹
882 4358 995 4423 Ille
1019 4359 1126 4441 qui
1148 4360 1320 4423 iurat
1341 4359 1690 4424 iuramento
1717 4360 2162 4443 promissiorio‚
2191 4380 2297 4442 per
2320 4359 2727 4423 reverentiam

226 4465 423 4530 divini
466 4461 791 4537 nominis,
825 4461 989 4542 quod
1022 4461 1101 4525 ad
1147 4461 1678 4526 confirmationem
1717 4482 1864 4527 suae
1903 4462 2327 4545 promissionis
2376 4460 2633 4537 inducit,
2670 4482 2738 4526 se

220 4566 437 4652 ipsum
493 4564 771 4647 obligat
800 4562 878 4627 ad
907 4563 1251 4629 faciendum
1302 4562 1466 4643 quod
1516 4564 1846 4644 promittit,
1881 4563 2044 4645 quod
2083 4564 2178 4627 est
2225 4580 2288 4625 se
2325 4563 2731 4628 immobiliter
