3497 5147
335 356 465 432 [198]
812 369 897 410 ma
935 371 1343 413 nummosrna
1380 373 1462 412 nx
1498 372 1722 420 omaus
1760 372 1938 414 rioms
1974 372 2287 413 11Αο11111οΑ
2680 360 2791 415 147

338 468 621 554 allegavit
667 468 709 531 l.
759 487 893 550 sup.
944 468 1048 532 cit.
1098 470 1161 533 et
1207 469 1362 551 disp.
1399 469 1509 533 IX.
1544 470 1692 533 sect.
1742 470 1803 533 3.
1839 490 1898 533 n.
1946 471 2001 533 1.
2039 471 2102 533 et
2136 471 2218 547 3.,
2257 472 2329 534 ut
2368 471 2691 546 evinceret,
2724 472 2787 535 in

332 593 397 638 eo
440 591 587 637 casu
617 570 818 634 vitam
855 571 1170 653 propriam
1202 571 1691 654 posthabendam
1739 572 1908 635 vitae
1957 572 2235 648 alterius,
2286 573 2401 637 hoc
2432 573 2635 655 reipsa
2667 592 2789 637 non

328 676 614 740 evincere.

417 772 563 846 197.
595 776 630 813 *
657 776 879 855 Itaque
926 794 1066 838 cum
1116 775 1189 839 de
1222 776 1380 840 bono
1414 775 1728 840 communi
1768 776 1997 859 agitur,
2038 776 2395 859 contingere
2441 778 2665 859 potest,
2715 780 2789 840 ut

334 880 645 942 teneamur
666 875 826 941 illud
850 895 1220 960 praeponere
1234 896 1357 941 non
1381 878 1586 942 solum
1609 877 1786 941 bonis
1812 877 2062 953 nostriS,
2098 876 2202 940 sed
2227 878 2291 941 et
2317 879 2565 941 nostrae
2589 878 2784 942 vitae:

336 1000 538 1044 verum
578 979 712 1043 heic
762 979 1005 1061 praeter
1050 979 1377 1045 caritatem
1413 979 1746 1043 intervenit
1779 997 2025 1061 quoque
2050 979 2293 1043 iustitia
2325 979 2566 1063 legalis,
2617 978 2789 1044 Solet

337 1083 544 1164 utique
568 1081 921 1163 frequenter
951 1081 1071 1145 dici
1102 1081 1267 1163 quod
1303 1083 1541 1145 caritas
1570 1101 1696 1145 non
1727 1080 1968 1163 obligat
2000 1101 2138 1143 eum
2159 1081 2345 1162 pravi
2374 1081 2787 1145 incommodo:

335 1184 429 1248 sed
475 1187 548 1249 ut
594 1185 772 1266 patet
832 1204 903 1248 ex
950 1183 1151 1262 dictis,
1201 1184 1552 1266 excipienda
1600 1185 1695 1248 est
1739 1184 2073 1248 necessitas
2122 1186 2393 1246 extrema
2441 1183 2786 1266 spiritualis

333 1287 585 1371 proximi
623 1287 752 1368 (nn.
793 1286 1149 1369 158.-160.)
1196 1288 1259 1350 et
1304 1287 1636 1351 necessitas
1684 1286 1875 1350 etiam
1925 1285 2282 1368 temporalis
2329 1287 2664 1362 societatis,
2714 1289 2788 1351 ut

334 1389 457 1454 heic
491 1390 730 1453 dictum
776 1389 892 1461 est,
942 1389 1130 1470 atque
1176 1389 1449 1452 extrema
1497 1389 1760 1471 proximi
1806 1388 2139 1453 necessitas
2177 1388 2558 1470 temporalis,
2594 1391 2669 1452 ut
2701 1388 2787 1453 di-

331 1493 493 1555 cetur
532 1491 592 1572 g.
642 1490 904 1553 XXIX:
955 1490 1073 1553 nisi
1119 1490 1283 1572 quod
1327 1492 1393 1554 in
1441 1491 1556 1554 hac
1593 1491 1943 1575 hypothesi,
1994 1510 2136 1555 cum
2168 1490 2481 1555 modicum
2514 1491 2787 1555 sufficiat

331 1592 734 1657 sublevandae
756 1592 1129 1669 necessitati,
1147 1611 1288 1656 raro
1306 1611 1497 1676 grave
1521 1594 1640 1656 erit
1654 1592 2115 1682 incommodum
2142 1593 2543 1656 sublevantis,
2572 1591 2664 1657 Of.
2692 1612 2787 1656 ex-

326 1696 663 1777 ceptionem
693 1695 810 1759 sub
860 1694 917 1777 g.
953 1694 1219 1758 XXXII.
1264 1693 1423 1758 Cum
1459 1696 1710 1759 tantum
1743 1698 1840 1759 est
1870 1695 2081 1778 gravis
2128 1695 2459 1758 necessitas
2500 1697 2782 1777 proximi,

329 1815 447 1860 non
477 1797 720 1861 tenetur
749 1796 935 1860 homo
974 1816 1115 1860 cum
1154 1796 1333 1880 gravi
1371 1797 1597 1860 damno
1637 1815 1747 1861 seu
1785 1796 2174 1861 incommodo
2208 1815 2594 1861 succurrere:
2635 1799 2783 1879 quia

329 1899 392 1962 in
447 1899 577 1981 pari
634 1918 818 1963 causa
879 1899 1012 1963 iure
1073 1899 1214 1980 quis
1276 1918 1340 1963 se
1388 1898 1655 1981 praefert
1709 1899 1989 1982 proximo
2040 1899 2562 1980 quemadmodum
2609 1901 2674 1963 et
2718 1900 2782 1964 in

327 2002 594 2066 extrema
650 2002 1014 2067 necessitate
1077 2001 1340 2084 proximi
1398 2020 1576 2067 nemo
1638 2003 1888 2066 tenetur
1949 2020 2319 2078 succurrere,
2371 2001 2424 2065 si
2488 2003 2603 2067 hoc
2649 2003 2783 2085 ipso

324 2103 734 2168 coniiciendus
780 2103 865 2167 sit
908 2104 974 2167 in
1022 2104 1277 2168 eandem
1324 2104 1775 2168 necessitatem.
1826 2104 2207 2186 Principium
2256 2123 2402 2189 ergo
2437 2106 2784 2170 universale

319 2207 443 2281 est;
493 2226 616 2272 non
669 2206 894 2270 teneris
942 2225 1294 2271 succurrere
1323 2205 1680 2271 necessitati
1717 2206 2001 2289 proximi,
2052 2205 2106 2270 si
2136 2224 2496 2271 succurrens
2530 2206 2784 2271 eandem

321 2311 751 2374 necessitatem
788 2328 851 2372 es
883 2309 1225 2373 subiturus.
1266 2309 1446 2384 Hinc,
1482 2309 1754 2391 seposita
1788 2311 2061 2373 extrema
2093 2309 2459 2372 necessitate
2498 2310 2781 2391 proximi,

318 2411 420 2492 qui
449 2431 636 2477 casus
669 2431 846 2475 rarus
886 2412 998 2488 est,
1034 2412 1269 2474 caritas
1298 2430 1424 2475 non
1462 2410 1702 2493 obliyat
1728 2430 1867 2474 eum
1895 2411 2081 2492 pravi
2112 2409 2508 2485 incommode,
2559 2413 2633 2475 ut
2662 2411 2782 2475 fert

319 2533 642 2581 commune
683 2514 945 2580 axioma.
970 2515 1006 2553 *

418 2691 656 2745 xxviii.
682 2692 829 2755 Resp.
856 2692 905 2742 2.
931 2687 1189 2742 Probabile
1213 2694 1304 2750 est,
1333 2702 1394 2740 ex
1421 2687 1683 2756 superfluis
1708 2694 1910 2741 naturae
1935 2695 1984 2741 et
2010 2695 2165 2741 status
2191 2686 2345 2740 teneri
2371 2687 2598 2754 aliquem,
2629 2687 2775 2740 etiam

308 2773 355 2827 in
393 2776 526 2839 gravi
567 2774 882 2833 necessitate,
909 2787 1200 2827 succurrere
1227 2773 1468 2839 proxim0‚
1500 2772 1541 2824 si
1570 2771 1891 2837 probabiliter
1926 2779 2059 2839 putet
2087 2772 2233 2826 alium
2270 2787 2363 2825 non
2391 2776 2774 2826 subventurum:

309 2859 467 2926 idque,
488 2868 540 2913 ut
567 2866 724 2922 Azor,
750 2866 783 2911 t.
806 2860 855 2911 2.
879 2859 909 2911 l.
939 2859 1022 2910 12.
1050 2871 1093 2911 c.
1120 2858 1170 2910 7.
1199 2860 1302 2921 Syl.
1324 2863 1372 2908 et
1398 2857 1579 2909 Fumus
1607 2857 1794 2913 volunt.
1816 2858 1907 2909 sub
1936 2856 2143 2919 mortali,
2170 2864 2340 2910 contra
2370 2856 2543 2911 Media.
2568 2857 2649 2922 qui
2678 2862 2783 2910 vult

308 2958 413 2997 csse
450 2953 644 2999 tantum
678 2941 886 2995 consilii.
913 2929 1054 2994 Ratio
1077 2947 1169 3003 est,
1196 2939 1308 3006 quia
1336 2954 1445 2993 cum
1472 2939 1520 2992 in
1549 2939 1799 3005 Scriptura
1830 2944 2109 3005 frequenter
2145 2943 2436 2994 damnentur
2463 2941 2686 2995 homines
2714 2943 2779 2994 ob

309 3032 522 3093 neglecta
550 3040 710 3096 opera
751 3026 1146 3093 misericordiae;
1176 3029 1296 3079 baec
1321 3039 1416 3079 non
1446 3032 1558 3078 sunt
1583 3024 1920 3089 restringenda
1945 3027 2007 3077 ad
2044 3032 2310 3078 extremam
2338 3032 2386 3079 et
2425 3039 2585 3079 raram
2614 3039 2778 3079 neces·

306 3113 513 3170 sitatem.
554 3129 606 3169 v.
654 3116 823 3177 Laym.
864 3113 895 3165 1.
935 3126 978 3164 c.

398 3236 550 3311 198.
589 3238 660 3305 S.
693 3238 1050 3321 Alphonsus
1080 3237 1145 3301 in
1179 3238 1307 3302 not.
1357 3237 1502 3301 huic
1537 3237 1674 3302 loco
1714 3236 2081 3319 interposita
2113 3236 2263 3301 dicit
2301 3235 2411 3300 hoc
2451 3237 2782 3301 tenendum

301 3344 595 3408 ‘videlicet
619 3342 742 3406 sub
766 3340 945 3423 gravi
968 3340 1150 3423 culpa
1173 3339 1366 3403 teneri
1388 3340 1702 3404 hominem
1725 3338 1801 3403 ad
1828 3339 2095 3402 dandam
2119 3340 2571 3423 eleemosynam
2596 3342 2780 3421 pravi

305 3446 682 3510 necessitate
715 3442 1030 3507 laboranti
1058 3462 1136 3505 ex
1165 3440 1522 3522 superfluis.
1558 3441 1639 3504 Et
1669 3442 1820 3505 haec
1852 3442 1948 3504 est
1977 3441 2257 3504 doctrina
2290 3460 2339 3505 s.
2380 3442 2676 3515 Thomae‚
2719 3444 2779 3506 4.

307 3549 361 3612 d.
400 3549 504 3612 15.
535 3566 597 3629 q.
634 3549 697 3611 2.
723 3565 778 3610 a.
818 3547 874 3609 1.
910 3564 968 3626 q.
1003 3546 1065 3609 4.
1094 3545 1171 3609 ad
1197 3546 1257 3608 4.
1294 3568 1330 3604 ‹
1354 3544 1716 3619 Dicendum,
1752 3543 1917 3624 quod
1942 3544 2206 3626 tempus,
2244 3545 2321 3607 ad
2352 3545 2518 3625 quod
2544 3545 2785 3629 obligat

307 3650 717 3734 praeceptum
755 3648 829 3712 de
862 3647 1262 3732 eleemosynis
1309 3646 1622 3722 faciendis,
1663 3646 1965 3727 accipitur
2003 3665 2073 3708 ex
2112 3648 2287 3727 parte
2327 3646 2681 3728 accipientis
2722 3649 2785 3711 et

302 3773 372 3817 ex
419 3755 606 3837 parte
659 3750 884 3815 dantis.
932 3750 1023 3813 Ex
1069 3751 1245 3833 parte
1285 3750 1496 3813 autem
1545 3747 1921 3830 accipientia
1972 3748 2215 3829 quando
2258 3749 2556 3831 apparent
2603 3750 2783 3834 signa

300 3856 663 3940 probabilia.
699 3857 1009 3916 extremae
1045 3851 1434 3915 necessitatis
1463 3848 1736 3929 sichem-ae,
1787 3850 1905 3913 nisi
1952 3850 2007 3913 ei
2046 3850 2470 3927 subveniatur,
2519 3854 2593 3915 ut
2640 3870 2781 3916 cum

301 3959 531 4041 aliquis
566 3955 747 4020 videt
777 3955 934 4019 alios
965 3954 1338 4038 impotentes
1370 3953 1466 4017 vel
1499 3953 1709 4037 pigros
1744 3952 1820 4015 ad
1848 3951 2330 4017 subveniendum
2356 3954 2419 4017 et
2450 3972 2781 4036 pauperem

296 4059 695 4144 indigentem
741 4057 877 4121 cibo
925 4058 988 4120 et
1035 4058 1189 4138 potu
1236 4056 1301 4119 et
1347 4055 1485 4118 aliis
1533 4056 1701 4118 vitae
1738 4055 2095 4119 necessariis
2134 4075 2243 4119 nec
2275 4056 2391 4119 sibi
2425 4056 2781 4120 satisfacere

303 4180 515 4243 posse:
569 4179 702 4226 non
750 4158 913 4223 enim
961 4156 1368 4240 exspectanda
1414 4159 1509 4221 est
1556 4158 1780 4221 ultima
1829 4157 2193 4232 necessitas3
2245 4158 2389 4239 quia
2426 4158 2573 4222 tunc
2619 4158 2779 4223 forte

297 4282 418 4329 non
443 4265 670 4349 posset
701 4262 904 4326 iuvari
931 4263 1158 4325 natura
1185 4261 1309 4324 iam
1342 4260 1504 4324 fame
1529 4261 1626 4324 vel
1651 4260 1758 4324 siti
1791 4263 2223 4342 consumpta...
2253 4260 2341 4323 Ex
2365 4262 2542 4343 parte
2568 4264 2780 4325 autem

301 4367 529 4443 dantis,
573 4365 831 4447 quando
878 4365 1066 4428 habet
1113 4364 1298 4428 homo
1346 4363 1569 4440 multa,
1617 4363 1842 4444 quibus
1889 4381 2013 4426 non
2057 4362 2296 4446 indiget
2343 4382 2539 4443 neque
2579 4363 2658 4426 ad
2682 4384 2782 4428 su-

296 4469 778 4541 stentationem,
813 4466 978 4532 vitae
1026 4466 1125 4531 sui
1173 4466 1234 4529 et
1265 4484 1521 4529 suorum
1552 4483 1746 4545 neque
1778 4463 1867 4526 ad
1910 4462 2217 4527 decentem
2253 4467 2458 4527 stat-us
2494 4465 2598 4526 sm'
2643 4484 2781 4527 con-

296 4571 752 4642 servationem,
778 4567 896 4633 etsi
905 4587 1220 4648 pauperes
1242 4572 1550 4630 exaremae
1567 4566 1955 4629 necessitatis
1975 4585 2103 4628 non
2126 4570 2540 4643 compareant.
2566 4564 2780 4644 Neque
