<?xml version="1.0" encoding="UTF-8"?>
<!DOCTYPE html PUBLIC "-//W3C//DTD XHTML 1.0 Transitional//EN"
    "http://www.w3.org/TR/xhtml1/DTD/xhtml1-transitional.dtd">
<html xmlns="http://www.w3.org/1999/xhtml" xml:lang="en" lang="en">
 <head>
  <title>
</title>
<meta http-equiv="Content-Type" content="text/html;charset=utf-8" />
  <meta name='ocr-system' content='tesseract 3.04.00' />
  <meta name='ocr-capabilities' content='ocr_page ocr_carea ocr_par ocr_line ocrx_word'/>
</head>
<body>
  <div class='ocr_page' id='page_1' title='image "./opustheologicum00ballgoog_0178.png"; bbox 0 0 3497 5147; ppageno 0'>
   <div class='ocr_carea' id='block_1_1' title="bbox 294 347 2733 429">
    <p class='ocr_par' dir='ltr' id='par_1_1' title="bbox 294 347 2733 429">
     <span class='ocr_line' id='line_1_1' title="bbox 294 347 2733 429; baseline -0.004 -19"><span class='ocrx_word' id='word_1_1' title='bbox 294 352 428 429; x_wconf 79' lang='lat'>[2291</span> <span class='ocrx_word' id='word_1_2' title='bbox 507 367 594 406; x_wconf 74' lang='grc'><strong>1111</strong></span> <span class='ocrx_word' id='word_1_3' title='bbox 630 365 962 406; x_wconf 58' lang='lat' dir='ltr'>mamma</span> <span class='ocrx_word' id='word_1_4' title='bbox 999 363 1441 406; x_wconf 52' lang='grc' dir='ltr'><strong>σωκῶ-16116.</strong></span> <span class='ocrx_word' id='word_1_5' title='bbox 1478 363 1562 404; x_wconf 75' lang='lat' dir='ltr'>AN</span> <span class='ocrx_word' id='word_1_6' title='bbox 1599 363 2081 403; x_wconf 58' lang='lat' dir='ltr'>Passuri-muna</span> <span class='ocrx_word' id='word_1_7' title='bbox 2120 362 2539 404; x_wconf 64' lang='lat' dir='ltr'>nauus-runo</span> <span class='ocrx_word' id='word_1_8' title='bbox 2631 347 2733 402; x_wconf 66' lang='lat'>171</span> 
     </span>
    </p>
   </div>
   <div class='ocr_carea' id='block_1_2' title="bbox 289 458 2776 4647">
    <p class='ocr_par' dir='ltr' id='par_1_2' title="bbox 289 458 2737 835">
     <span class='ocr_line' id='line_1_2' title="bbox 289 458 2734 548; baseline -0.003 -18"><span class='ocrx_word' id='word_1_9' title='bbox 289 467 356 530; x_wconf 92' lang='lat' dir='ltr'>ut</span> <span class='ocrx_word' id='word_1_10' title='bbox 396 464 578 548; x_wconf 90' lang='lat' dir='ltr'>patri,</span> <span class='ocrx_word' id='word_1_11' title='bbox 629 462 754 527; x_wconf 88' lang='lat' dir='ltr'>alia</span> <span class='ocrx_word' id='word_1_12' title='bbox 802 461 875 526; x_wconf 88' lang='lat' dir='ltr'>fit</span> <span class='ocrx_word' id='word_1_13' title='bbox 910 462 985 526; x_wconf 92' lang='lat' dir='ltr'>ut</span> <span class='ocrx_word' id='word_1_14' title='bbox 1013 460 1221 535; x_wconf 88' lang='lat' dir='ltr'>iudici,</span> <span class='ocrx_word' id='word_1_15' title='bbox 1252 461 1329 525; x_wconf 91' lang='lat' dir='ltr'>ut</span> <span class='ocrx_word' id='word_1_16' title='bbox 1365 479 1437 523; x_wconf 79' lang='lat' dir='ltr'>ex</span> <span class='ocrx_word' id='word_1_17' title='bbox 1471 458 1700 524; x_wconf 86' lang='lat' dir='ltr'>iudicio</span> <span class='ocrx_word' id='word_1_18' title='bbox 1737 459 2048 541; x_wconf 88' lang='lat' dir='ltr'>procedat.</span> <span class='ocrx_word' id='word_1_19' title='bbox 2087 460 2267 524; x_wconf 88' lang='lat' dir='ltr'>Prior</span> <span class='ocrx_word' id='word_1_20' title='bbox 2296 479 2403 543; x_wconf 90' lang='lat' dir='ltr'>per</span> <span class='ocrx_word' id='word_1_21' title='bbox 2433 479 2497 524; x_wconf 90' lang='lat' dir='ltr'>se</span> <span class='ocrx_word' id='word_1_22' title='bbox 2534 460 2734 542; x_wconf 91' lang='lat' dir='ltr'>primo</span> 
     </span>
     <span class='ocr_line' id='line_1_3' title="bbox 291 561 2737 645; baseline -0.002 -13"><span class='ocrx_word' id='word_1_23' title='bbox 291 566 475 632; x_wconf 88' lang='lat' dir='ltr'>tendit</span> <span class='ocrx_word' id='word_1_24' title='bbox 520 564 600 629; x_wconf 88' lang='lat' dir='ltr'>ad</span> <span class='ocrx_word' id='word_1_25' title='bbox 645 565 879 629; x_wconf 91' lang='lat' dir='ltr'>bonum</span> <span class='ocrx_word' id='word_1_26' title='bbox 923 562 1311 628; x_wconf 85' lang='lat' dir='ltr'>denunciati:</span> <span class='ocrx_word' id='word_1_27' title='bbox 1347 562 1472 625; x_wconf 89' lang='lat' dir='ltr'>alia</span> <span class='ocrx_word' id='word_1_28' title='bbox 1516 561 1719 626; x_wconf 85' lang='lat' dir='ltr'>tendit</span> <span class='ocrx_word' id='word_1_29' title='bbox 1757 562 1834 625; x_wconf 87' lang='lat' dir='ltr'>ad</span> <span class='ocrx_word' id='word_1_30' title='bbox 1879 562 2112 626; x_wconf 91' lang='lat' dir='ltr'>bonum</span> <span class='ocrx_word' id='word_1_31' title='bbox 2159 563 2425 628; x_wconf 89' lang='lat' dir='ltr'>aliorum</span> <span class='ocrx_word' id='word_1_32' title='bbox 2459 582 2531 627; x_wconf 88' lang='lat' dir='ltr'>ac</span> <span class='ocrx_word' id='word_1_33' title='bbox 2559 582 2737 645; x_wconf 87' lang='lat' dir='ltr'>prae-</span> 
     </span>
     <span class='ocr_line' id='line_1_4' title="bbox 289 663 2737 752; baseline -0.002 -18"><span class='ocrx_word' id='word_1_34' title='bbox 289 670 451 752; x_wconf 83' lang='lat' dir='ltr'>cipue</span> <span class='ocrx_word' id='word_1_35' title='bbox 480 686 808 733; x_wconf 91' lang='lat' dir='ltr'>commune</span> <span class='ocrx_word' id='word_1_36' title='bbox 841 666 937 730; x_wconf 91' lang='lat' dir='ltr'>vel</span> <span class='ocrx_word' id='word_1_37' title='bbox 972 665 1168 748; x_wconf 89' lang='lat' dir='ltr'>ipsius</span> <span class='ocrx_word' id='word_1_38' title='bbox 1191 663 1639 728; x_wconf 86' lang='lat' dir='ltr'>denuntiantis.</span> <span class='ocrx_word' id='word_1_39' title='bbox 1675 663 1997 728; x_wconf 90' lang='lat' dir='ltr'>Interdum</span> <span class='ocrx_word' id='word_1_40' title='bbox 2035 666 2247 729; x_wconf 88' lang='lat' dir='ltr'>autem</span> <span class='ocrx_word' id='word_1_41' title='bbox 2281 666 2358 729; x_wconf 90' lang='lat' dir='ltr'>ab</span> <span class='ocrx_word' id='word_1_42' title='bbox 2396 684 2520 729; x_wconf 88' lang='lat' dir='ltr'>una</span> <span class='ocrx_word' id='word_1_43' title='bbox 2557 665 2737 729; x_wconf 86' lang='lat' dir='ltr'>facile</span> 
     </span>
     <span class='ocr_line' id='line_1_5' title="bbox 293 766 2354 835; baseline -0.002 0"><span class='ocrx_word' id='word_1_44' title='bbox 293 772 358 835; x_wconf 91' lang='lat' dir='ltr'>fit</span> <span class='ocrx_word' id='word_1_45' title='bbox 397 769 702 835; x_wconf 82' lang='lat' dir='ltr'><strong>transitus</strong></span> <span class='ocrx_word' id='word_1_46' title='bbox 750 767 827 832; x_wconf 87' lang='lat' dir='ltr'>ad</span> <span class='ocrx_word' id='word_1_47' title='bbox 874 767 1063 831; x_wconf 85' lang='lat' dir='ltr'>aliam</span> <span class='ocrx_word' id='word_1_48' title='bbox 1111 766 1208 830; x_wconf 87' lang='lat' dir='ltr'>vel</span> <span class='ocrx_word' id='word_1_49' title='bbox 1238 767 1430 830; x_wconf 88' lang='lat' dir='ltr'>etiam</span> <span class='ocrx_word' id='word_1_50' title='bbox 1463 785 1586 830; x_wconf 89' lang='lat' dir='ltr'>una</span> <span class='ocrx_word' id='word_1_51' title='bbox 1633 785 1777 831; x_wconf 89' lang='lat' dir='ltr'>cum</span> <span class='ocrx_word' id='word_1_52' title='bbox 1811 767 2008 831; x_wconf 89' lang='lat' dir='ltr'>altera</span> <span class='ocrx_word' id='word_1_53' title='bbox 2039 768 2354 832; x_wconf 86' lang='lat' dir='ltr'>miscetur.</span> 
     </span>
    </p>

    <p class='ocr_par' dir='ltr' id='par_1_3' title="bbox 296 868 2739 1059">
     <span class='ocr_line' id='line_1_6' title="bbox 372 868 2739 952; baseline -0.001 -16"><span class='ocrx_word' id='word_1_54' title='bbox 372 873 562 936; x_wconf 90' lang='lat' dir='ltr'>Porro</span> <span class='ocrx_word' id='word_1_55' title='bbox 601 870 727 934; x_wconf 87' lang='lat' dir='ltr'>alia</span> <span class='ocrx_word' id='word_1_56' title='bbox 758 870 1033 933; x_wconf 89' lang='lat' dir='ltr'>statuere</span> <span class='ocrx_word' id='word_1_57' title='bbox 1072 869 1335 952; x_wconf 88' lang='lat' dir='ltr'>oportet,</span> <span class='ocrx_word' id='word_1_58' title='bbox 1375 869 1430 932; x_wconf 89' lang='lat' dir='ltr'>si</span> <span class='ocrx_word' id='word_1_59' title='bbox 1461 868 1663 933; x_wconf 91' lang='lat' dir='ltr'>solum</span> <span class='ocrx_word' id='word_1_60' title='bbox 1703 868 1777 933; x_wconf 91' lang='lat' dir='ltr'>de</span> <span class='ocrx_word' id='word_1_61' title='bbox 1808 870 2085 952; x_wconf 90' lang='lat' dir='ltr'>paterna,</span> <span class='ocrx_word' id='word_1_62' title='bbox 2121 870 2247 934; x_wconf 89' lang='lat' dir='ltr'>alia</span> <span class='ocrx_word' id='word_1_63' title='bbox 2278 870 2333 933; x_wconf 90' lang='lat' dir='ltr'>si</span> <span class='ocrx_word' id='word_1_64' title='bbox 2364 870 2439 934; x_wconf 92' lang='lat' dir='ltr'>de</span> <span class='ocrx_word' id='word_1_65' title='bbox 2461 869 2739 934; x_wconf 88' lang='lat' dir='ltr'>iudiciali</span> 
     </span>
     <span class='ocr_line' id='line_1_7' title="bbox 296 975 529 1059; baseline -0.009 -21"><span class='ocrx_word' id='word_1_66' title='bbox 296 975 529 1059; x_wconf 79' lang='lat' dir='ltr'><strong>agatur.</strong></span> 
     </span>
    </p>

    <p class='ocr_par' dir='ltr' id='par_1_4' title="bbox 293 1073 2741 1464">
     <span class='ocr_line' id='line_1_8' title="bbox 372 1073 2739 1158; baseline 0 -19"><span class='ocrx_word' id='word_1_67' title='bbox 372 1074 436 1139; x_wconf 91' lang='lat' dir='ltr'>Si</span> <span class='ocrx_word' id='word_1_68' title='bbox 460 1076 692 1158; x_wconf 87' lang='lat' dir='ltr'>agatur</span> <span class='ocrx_word' id='word_1_69' title='bbox 720 1073 935 1155; x_wconf 89' lang='lat' dir='ltr'>itaque</span> <span class='ocrx_word' id='word_1_70' title='bbox 981 1073 1055 1137; x_wconf 91' lang='lat' dir='ltr'>de</span> <span class='ocrx_word' id='word_1_71' title='bbox 1084 1073 1359 1137; x_wconf 85' lang='lat' dir='ltr'>fraterna</span> <span class='ocrx_word' id='word_1_72' title='bbox 1412 1073 1795 1156; x_wconf 79' lang='lat' dir='ltr'>correptione</span> <span class='ocrx_word' id='word_1_73' title='bbox 1833 1074 1898 1137; x_wconf 91' lang='lat' dir='ltr'>et</span> <span class='ocrx_word' id='word_1_74' title='bbox 1942 1074 2413 1141; x_wconf 80' lang='lat' dir='ltr'>denunciatione</span> <span class='ocrx_word' id='word_1_75' title='bbox 2458 1074 2739 1140; x_wconf 88' lang='lat' dir='ltr'>facienda</span> 
     </span>
     <span class='ocr_line' id='line_1_9' title="bbox 302 1174 2741 1260; baseline -0 -18"><span class='ocrx_word' id='word_1_76' title='bbox 302 1180 366 1242; x_wconf 89' lang='lat' dir='ltr'>ut</span> <span class='ocrx_word' id='word_1_77' title='bbox 394 1177 578 1260; x_wconf 89' lang='lat' dir='ltr'>patri,</span> <span class='ocrx_word' id='word_1_78' title='bbox 613 1174 840 1241; x_wconf 86' lang='lat' dir='ltr'>Suarez</span> <span class='ocrx_word' id='word_1_79' title='bbox 889 1176 1065 1258; x_wconf 88' lang='lat' dir='ltr'>ponit</span> <span class='ocrx_word' id='word_1_80' title='bbox 1110 1176 1337 1241; x_wconf 88' lang='lat' dir='ltr'>thesim</span> <span class='ocrx_word' id='word_1_81' title='bbox 1383 1175 1457 1239; x_wconf 80' lang='lat' dir='ltr'>de</span> <span class='ocrx_word' id='word_1_82' title='bbox 1514 1174 1713 1240; x_wconf 74' lang='lat' dir='ltr'>Car-it.</span> <span class='ocrx_word' id='word_1_83' title='bbox 1748 1176 1905 1259; x_wconf 84' lang='lat' dir='ltr'>disp.</span> <span class='ocrx_word' id='word_1_84' title='bbox 1942 1177 2003 1240; x_wconf 87' lang='grc'>8.</span> <span class='ocrx_word' id='word_1_85' title='bbox 2052 1178 2200 1241; x_wconf 87' lang='grc'><strong>6661.</strong></span> <span class='ocrx_word' id='word_1_86' title='bbox 2236 1177 2297 1240; x_wconf 87' lang='grc'>6.</span> <span class='ocrx_word' id='word_1_87' title='bbox 2324 1198 2382 1242; x_wconf 87' lang='grc'>11.</span> <span class='ocrx_word' id='word_1_88' title='bbox 2416 1180 2550 1243; x_wconf 85' lang='lat'>12.:</span> <span class='ocrx_word' id='word_1_89' title='bbox 2592 1202 2627 1235; x_wconf 89' lang='lat'><strong>«</strong></span> <span class='ocrx_word' id='word_1_90' title='bbox 2673 1176 2741 1241; x_wconf 87' lang='lat' dir='ltr'>Si</span> 
     </span>
     <span class='ocr_line' id='line_1_10' title="bbox 295 1279 2740 1366; baseline 0 -21"><span class='ocrx_word' id='word_1_91' title='bbox 295 1282 606 1366; x_wconf 86' lang='lat' dir='ltr'>peccatum</span> <span class='ocrx_word' id='word_1_92' title='bbox 672 1279 758 1344; x_wconf 91' lang='lat' dir='ltr'>sit</span> <span class='ocrx_word' id='word_1_93' title='bbox 816 1279 1063 1343; x_wconf 91' lang='lat' dir='ltr'>omnino</span> <span class='ocrx_word' id='word_1_94' title='bbox 1112 1279 1446 1362; x_wconf 85' lang='lat' dir='ltr'>privatum,</span> <span class='ocrx_word' id='word_1_95' title='bbox 1494 1279 1868 1364; x_wconf 77' lang='lat' dir='ltr'>regulariter</span> <span class='ocrx_word' id='word_1_96' title='bbox 1910 1279 2218 1360; x_wconf 89' lang='lat' dir='ltr'>loquendo</span> <span class='ocrx_word' id='word_1_97' title='bbox 2266 1279 2459 1345; x_wconf 88' lang='lat' dir='ltr'>etiam</span> <span class='ocrx_word' id='word_1_98' title='bbox 2503 1299 2740 1357; x_wconf 89' lang='lat' dir='ltr'>cense0,</span> 
     </span>
     <span class='ocr_line' id='line_1_11' title="bbox 293 1381 1743 1464; baseline -0.003 -16"><span class='ocrx_word' id='word_1_99' title='bbox 293 1383 462 1448; x_wconf 88' lang='lat' dir='ltr'>licere</span> <span class='ocrx_word' id='word_1_100' title='bbox 505 1382 665 1446; x_wconf 90' lang='lat' dir='ltr'>illud</span> <span class='ocrx_word' id='word_1_101' title='bbox 711 1381 1069 1446; x_wconf 87' lang='lat' dir='ltr'>immediate</span> <span class='ocrx_word' id='word_1_102' title='bbox 1114 1381 1311 1446; x_wconf 86' lang='lat' dir='ltr'>dicere</span> <span class='ocrx_word' id='word_1_103' title='bbox 1342 1382 1645 1464; x_wconf 86' lang='lat' dir='ltr'>superiori</span> <span class='ocrx_word' id='word_1_104' title='bbox 1681 1406 1743 1444; x_wconf 72' lang='lat'>2».</span> 
     </span>
    </p>

    <p class='ocr_par' dir='ltr' id='par_1_5' title="bbox 294 1485 2751 2063">
     <span class='ocr_line' id='line_1_12' title="bbox 377 1485 2742 1569; baseline -0.001 -19"><span class='ocrx_word' id='word_1_105' title='bbox 377 1487 464 1550; x_wconf 90' lang='lat' dir='ltr'>De</span> <span class='ocrx_word' id='word_1_106' title='bbox 510 1487 630 1549; x_wconf 90' lang='lat' dir='ltr'>hac</span> <span class='ocrx_word' id='word_1_107' title='bbox 672 1504 738 1549; x_wconf 89' lang='lat' dir='ltr'>re</span> <span class='ocrx_word' id='word_1_108' title='bbox 786 1486 911 1549; x_wconf 87' lang='lat' dir='ltr'>tres</span> <span class='ocrx_word' id='word_1_109' title='bbox 947 1486 1097 1549; x_wconf 92' lang='lat' dir='ltr'>sunt</span> <span class='ocrx_word' id='word_1_110' title='bbox 1142 1485 1501 1563; x_wconf 87' lang='lat' dir='ltr'>sententiae,</span> <span class='ocrx_word' id='word_1_111' title='bbox 1550 1487 1624 1550; x_wconf 91' lang='lat' dir='ltr'>ut</span> <span class='ocrx_word' id='word_1_112' title='bbox 1668 1485 1876 1568; x_wconf 90' lang='lat' dir='ltr'>inquit</span> <span class='ocrx_word' id='word_1_113' title='bbox 1906 1504 1954 1549; x_wconf 93' lang='lat' dir='ltr'>s.</span> <span class='ocrx_word' id='word_1_114' title='bbox 1995 1486 2180 1569; x_wconf 88' lang='lat' dir='ltr'>Alph.</span> <span class='ocrx_word' id='word_1_115' title='bbox 2228 1486 2336 1550; x_wconf 90' lang='lat' dir='ltr'>lib.</span> <span class='ocrx_word' id='word_1_116' title='bbox 2371 1487 2432 1549; x_wconf 89' lang='lat'>4.</span> <span class='ocrx_word' id='word_1_117' title='bbox 2473 1506 2533 1550; x_wconf 93' lang='lat' dir='ltr'>n.</span> <span class='ocrx_word' id='word_1_118' title='bbox 2569 1487 2742 1549; x_wconf 79' lang='lat'>243..</span> 
     </span>
     <span class='ocr_line' id='line_1_13' title="bbox 296 1586 2748 1672; baseline 0 -20"><span class='ocrx_word' id='word_1_119' title='bbox 296 1588 411 1652; x_wconf 88' lang='lat' dir='ltr'>alia</span> <span class='ocrx_word' id='word_1_120' title='bbox 453 1589 647 1672; x_wconf 89' lang='lat' dir='ltr'>negat</span> <span class='ocrx_word' id='word_1_121' title='bbox 692 1587 996 1660; x_wconf 89' lang='lat' dir='ltr'>absolute,</span> <span class='ocrx_word' id='word_1_122' title='bbox 1036 1586 1098 1650; x_wconf 92' lang='lat' dir='ltr'>id</span> <span class='ocrx_word' id='word_1_123' title='bbox 1143 1588 1364 1661; x_wconf 82' lang='lat' dir='ltr'>licere;</span> <span class='ocrx_word' id='word_1_124' title='bbox 1414 1587 1540 1650; x_wconf 90' lang='lat' dir='ltr'>alia</span> <span class='ocrx_word' id='word_1_125' title='bbox 1609 1587 1895 1652; x_wconf 91' lang='lat' dir='ltr'>absolute</span> <span class='ocrx_word' id='word_1_126' title='bbox 1962 1588 2145 1652; x_wconf 90' lang='lat' dir='ltr'>licere</span> <span class='ocrx_word' id='word_1_127' title='bbox 2191 1589 2507 1664; x_wconf 82' lang='lat' dir='ltr'>affirmat3</span> <span class='ocrx_word' id='word_1_128' title='bbox 2557 1587 2748 1652; x_wconf 88' lang='lat' dir='ltr'>tertia</span> 
     </span>
     <span class='ocr_line' id='line_1_14' title="bbox 294 1689 2747 1774; baseline -0.001 -18"><span class='ocrx_word' id='word_1_129' title='bbox 294 1692 676 1756; x_wconf 84' lang='lat' dir='ltr'>communior</span> <span class='ocrx_word' id='word_1_130' title='bbox 720 1693 783 1755; x_wconf 91' lang='lat' dir='ltr'>et</span> <span class='ocrx_word' id='word_1_131' title='bbox 828 1690 1209 1774; x_wconf 86' lang='lat' dir='ltr'>probabilior</span> <span class='ocrx_word' id='word_1_132' title='bbox 1244 1690 1426 1754; x_wconf 89' lang='lat' dir='ltr'>licere</span> <span class='ocrx_word' id='word_1_133' title='bbox 1490 1689 1598 1765; x_wconf 84' lang='lat' dir='ltr'>ait,</span> <span class='ocrx_word' id='word_1_134' title='bbox 1648 1690 1702 1753; x_wconf 89' lang='lat' dir='ltr'>si</span> <span class='ocrx_word' id='word_1_135' title='bbox 1748 1689 1828 1753; x_wconf 91' lang='lat' dir='ltr'>ad</span> <span class='ocrx_word' id='word_1_136' title='bbox 1874 1689 2365 1755; x_wconf 85' lang='lat' dir='ltr'>emendationem</span> <span class='ocrx_word' id='word_1_137' title='bbox 2415 1690 2637 1755; x_wconf 87' lang='lat' dir='ltr'>melius</span> <span class='ocrx_word' id='word_1_138' title='bbox 2683 1690 2747 1753; x_wconf 88' lang='lat' dir='ltr'>id</span> 
     </span>
     <span class='ocr_line' id='line_1_15' title="bbox 295 1792 2748 1877; baseline -0 -19"><span class='ocrx_word' id='word_1_139' title='bbox 295 1795 611 1859; x_wconf 88' lang='lat' dir='ltr'>conducat.</span> <span class='ocrx_word' id='word_1_140' title='bbox 660 1793 868 1870; x_wconf 85' lang='lat' dir='ltr'>Ratio,</span> <span class='ocrx_word' id='word_1_141' title='bbox 918 1793 1066 1875; x_wconf 88' lang='lat' dir='ltr'>quia</span> <span class='ocrx_word' id='word_1_142' title='bbox 1126 1793 1356 1856; x_wconf 87' lang='lat' dir='ltr'>caritas</span> <span class='ocrx_word' id='word_1_143' title='bbox 1412 1792 1561 1856; x_wconf 86' lang='lat' dir='ltr'>tunc</span> <span class='ocrx_word' id='word_1_144' title='bbox 1597 1792 1867 1874; x_wconf 87' lang='lat' dir='ltr'>praefert</span> <span class='ocrx_word' id='word_1_145' title='bbox 1922 1792 2127 1857; x_wconf 89' lang='lat' dir='ltr'>maius</span> <span class='ocrx_word' id='word_1_146' title='bbox 2190 1793 2423 1858; x_wconf 92' lang='lat' dir='ltr'>bonum</span> <span class='ocrx_word' id='word_1_147' title='bbox 2485 1793 2748 1877; x_wconf 83' lang='lat' dir='ltr'>proximi</span> 
     </span>
     <span class='ocr_line' id='line_1_16' title="bbox 296 1894 2751 1980; baseline -0 -19"><span class='ocrx_word' id='word_1_148' title='bbox 296 1897 453 1961; x_wconf 88' lang='lat' dir='ltr'>bono</span> <span class='ocrx_word' id='word_1_149' title='bbox 512 1896 802 1972; x_wconf 82' lang='lat' dir='ltr'>inferiori,</span> <span class='ocrx_word' id='word_1_150' title='bbox 866 1895 996 1959; x_wconf 91' lang='lat' dir='ltr'>scil.</span> <span class='ocrx_word' id='word_1_151' title='bbox 1067 1894 1338 1960; x_wconf 87' lang='lat' dir='ltr'>consulit</span> <span class='ocrx_word' id='word_1_152' title='bbox 1383 1894 1586 1978; x_wconf 88' lang='lat' dir='ltr'>magis</span> <span class='ocrx_word' id='word_1_153' title='bbox 1647 1894 2085 1972; x_wconf 87' lang='lat' dir='ltr'>emendationi,</span> <span class='ocrx_word' id='word_1_154' title='bbox 2137 1908 2341 1977; x_wconf 78' lang='lat' dir='ltr'>*quam</span> <span class='ocrx_word' id='word_1_155' title='bbox 2395 1895 2751 1980; x_wconf 82' lang='lat' dir='ltr'>integritati</span> 
     </span>
     <span class='ocr_line' id='line_1_17' title="bbox 299 1997 519 2063; baseline -0.005 0"><span class='ocrx_word' id='word_1_156' title='bbox 299 1997 519 2063; x_wconf 85' lang='lat' dir='ltr'>famae.</span> 
     </span>
    </p>

    <p class='ocr_par' dir='ltr' id='par_1_6' title="bbox 292 2097 2758 2901">
     <span class='ocr_line' id='line_1_18' title="bbox 379 2097 2747 2184; baseline 0 -19"><span class='ocrx_word' id='word_1_157' title='bbox 379 2100 519 2165; x_wconf 81' lang='lat' dir='ltr'>Alio</span> <span class='ocrx_word' id='word_1_158' title='bbox 554 2100 739 2165; x_wconf 87' lang='lat' dir='ltr'>modo</span> <span class='ocrx_word' id='word_1_159' title='bbox 770 2100 859 2164; x_wconf 88' lang='lat' dir='ltr'>sic</span> <span class='ocrx_word' id='word_1_160' title='bbox 895 2097 1121 2164; x_wconf 89' lang='lat' dir='ltr'>Suarez</span> <span class='ocrx_word' id='word_1_161' title='bbox 1154 2099 1195 2162; x_wconf 92' lang='lat' dir='ltr'>l.</span> <span class='ocrx_word' id='word_1_162' title='bbox 1236 2119 1318 2162; x_wconf 90' lang='lat' dir='ltr'>c.:</span> <span class='ocrx_word' id='word_1_163' title='bbox 1359 2098 1600 2182; x_wconf 87' lang='lat' dir='ltr'>Lapsus</span> <span class='ocrx_word' id='word_1_164' title='bbox 1631 2099 1731 2163; x_wconf 81' lang='lat' dir='ltr'>vel</span> <span class='ocrx_word' id='word_1_165' title='bbox 1778 2098 1931 2163; x_wconf 84' lang='lat' dir='ltr'>levis</span> <span class='ocrx_word' id='word_1_166' title='bbox 1963 2100 2058 2163; x_wconf 91' lang='lat' dir='ltr'>est</span> <span class='ocrx_word' id='word_1_167' title='bbox 2098 2100 2196 2163; x_wconf 87' lang='lat' dir='ltr'>vel</span> <span class='ocrx_word' id='word_1_168' title='bbox 2226 2101 2457 2184; x_wconf 84' lang='lat' dir='ltr'>gravis.</span> <span class='ocrx_word' id='word_1_169' title='bbox 2484 2098 2550 2164; x_wconf 87' lang='lat' dir='ltr'>Si</span> <span class='ocrx_word' id='word_1_170' title='bbox 2573 2101 2747 2178; x_wconf 90' lang='lat' dir='ltr'>levis,</span> 
     </span>
     <span class='ocr_line' id='line_1_19' title="bbox 295 2201 2753 2285; baseline 0 -18"><span class='ocrx_word' id='word_1_171' title='bbox 295 2205 479 2268; x_wconf 87' lang='lat' dir='ltr'>etiam</span> <span class='ocrx_word' id='word_1_172' title='bbox 525 2203 735 2266; x_wconf 87' lang='lat' dir='ltr'>famae</span> <span class='ocrx_word' id='word_1_173' title='bbox 785 2202 1062 2266; x_wconf 86' lang='lat' dir='ltr'>iacturae</span> <span class='ocrx_word' id='word_1_174' title='bbox 1107 2202 1261 2266; x_wconf 85' lang='lat' dir='ltr'>levis</span> <span class='ocrx_word' id='word_1_175' title='bbox 1321 2204 1416 2266; x_wconf 90' lang='lat' dir='ltr'>est</span> <span class='ocrx_word' id='word_1_176' title='bbox 1462 2202 1525 2265; x_wconf 90' lang='lat' dir='ltr'>et</span> <span class='ocrx_word' id='word_1_177' title='bbox 1568 2220 1715 2285; x_wconf 89' lang='lat' dir='ltr'>prae</span> <span class='ocrx_word' id='word_1_178' title='bbox 1775 2202 1936 2266; x_wconf 89' lang='lat' dir='ltr'>bono</span> <span class='ocrx_word' id='word_1_179' title='bbox 1982 2201 2429 2268; x_wconf 87' lang='lat' dir='ltr'>emendationis</span> <span class='ocrx_word' id='word_1_180' title='bbox 2475 2205 2569 2267; x_wconf 88' lang='lat' dir='ltr'>est</span> <span class='ocrx_word' id='word_1_181' title='bbox 2613 2222 2753 2268; x_wconf 91' lang='lat' dir='ltr'>con·</span> 
     </span>
     <span class='ocr_line' id='line_1_20' title="bbox 296 2302 2750 2387; baseline -0 -18"><span class='ocrx_word' id='word_1_182' title='bbox 296 2304 643 2369; x_wconf 76' lang='lat' dir='ltr'>temnenda.</span> <span class='ocrx_word' id='word_1_183' title='bbox 678 2302 743 2368; x_wconf 92' lang='lat' dir='ltr'>Si</span> <span class='ocrx_word' id='word_1_184' title='bbox 788 2303 1019 2387; x_wconf 83' lang='lat' dir='ltr'>gravis,</span> <span class='ocrx_word' id='word_1_185' title='bbox 1053 2303 1155 2367; x_wconf 83' lang='lat' dir='ltr'>vix</span> <span class='ocrx_word' id='word_1_186' title='bbox 1200 2304 1336 2379; x_wconf 89' lang='lat' dir='ltr'>erit,</span> <span class='ocrx_word' id='word_1_187' title='bbox 1363 2305 1438 2367; x_wconf 90' lang='lat' dir='ltr'>ut</span> <span class='ocrx_word' id='word_1_188' title='bbox 1481 2321 1605 2368; x_wconf 93' lang='lat' dir='ltr'>non</span> <span class='ocrx_word' id='word_1_189' title='bbox 1650 2304 1873 2368; x_wconf 88' lang='lat' dir='ltr'>noceat</span> <span class='ocrx_word' id='word_1_190' title='bbox 1919 2304 2201 2387; x_wconf 88' lang='lat' dir='ltr'>pluribus</span> <span class='ocrx_word' id='word_1_191' title='bbox 2247 2305 2347 2368; x_wconf 88' lang='lat' dir='ltr'>vel</span> <span class='ocrx_word' id='word_1_192' title='bbox 2392 2305 2580 2368; x_wconf 90' lang='lat' dir='ltr'>etiam</span> <span class='ocrx_word' id='word_1_193' title='bbox 2626 2323 2750 2369; x_wconf 95' lang='lat' dir='ltr'>non</span> 
     </span>
     <span class='ocr_line' id='line_1_21' title="bbox 300 2404 2755 2490; baseline 0 -19"><span class='ocrx_word' id='word_1_194' title='bbox 300 2408 380 2471; x_wconf 90' lang='lat' dir='ltr'>sit</span> <span class='ocrx_word' id='word_1_195' title='bbox 419 2406 773 2490; x_wconf 88' lang='lat' dir='ltr'>periculum</span> <span class='ocrx_word' id='word_1_196' title='bbox 819 2405 1111 2469; x_wconf 86' lang='lat' dir='ltr'>infamiae</span> <span class='ocrx_word' id='word_1_197' title='bbox 1158 2406 1356 2471; x_wconf 88' lang='lat' dir='ltr'>totius</span> <span class='ocrx_word' id='word_1_198' title='bbox 1403 2405 1759 2490; x_wconf 75' lang='lat' dir='ltr'>religioni83</span> <span class='ocrx_word' id='word_1_199' title='bbox 1809 2404 2071 2487; x_wconf 90' lang='lat' dir='ltr'>denique</span> <span class='ocrx_word' id='word_1_200' title='bbox 2102 2406 2205 2470; x_wconf 80' lang='lat' dir='ltr'>vix</span> <span class='ocrx_word' id='word_1_201' title='bbox 2241 2424 2379 2488; x_wconf 91' lang='lat' dir='ltr'>spes</span> <span class='ocrx_word' id='word_1_202' title='bbox 2427 2407 2523 2471; x_wconf 88' lang='lat' dir='ltr'>est</span> <span class='ocrx_word' id='word_1_203' title='bbox 2558 2406 2755 2489; x_wconf 89' lang='lat' dir='ltr'>perfe-</span> 
     </span>
     <span class='ocr_line' id='line_1_22' title="bbox 296 2506 2756 2592; baseline 0 -20"><span class='ocrx_word' id='word_1_204' title='bbox 296 2511 425 2575; x_wconf 83' lang='lat' dir='ltr'>ctae</span> <span class='ocrx_word' id='word_1_205' title='bbox 461 2507 916 2575; x_wconf 87' lang='lat' dir='ltr'>emendationis</span> <span class='ocrx_word' id='word_1_206' title='bbox 962 2508 1092 2571; x_wconf 88' lang='lat' dir='ltr'>sine</span> <span class='ocrx_word' id='word_1_207' title='bbox 1138 2506 1481 2592; x_wconf 88' lang='lat' dir='ltr'>Superiore,</span> <span class='ocrx_word' id='word_1_208' title='bbox 1530 2508 1640 2592; x_wconf 91' lang='lat' dir='ltr'>qui</span> <span class='ocrx_word' id='word_1_209' title='bbox 1685 2526 1972 2572; x_wconf 88' lang='lat' dir='ltr'>amovere</span> <span class='ocrx_word' id='word_1_210' title='bbox 2018 2509 2216 2592; x_wconf 82' lang='lat' dir='ltr'>possit</span> <span class='ocrx_word' id='word_1_211' title='bbox 2264 2509 2610 2575; x_wconf 82' lang='lat' dir='ltr'>occasiones</span> <span class='ocrx_word' id='word_1_212' title='bbox 2642 2511 2756 2573; x_wconf 88' lang='lat' dir='ltr'>ant</span> 
     </span>
     <span class='ocr_line' id='line_1_23' title="bbox 294 2612 2757 2696; baseline -0.001 -18"><span class='ocrx_word' id='word_1_213' title='bbox 294 2614 663 2680; x_wconf 88' lang='lat' dir='ltr'>medicinam</span> <span class='ocrx_word' id='word_1_214' title='bbox 702 2613 989 2678; x_wconf 87' lang='lat' dir='ltr'>adhibere</span> <span class='ocrx_word' id='word_1_215' title='bbox 1019 2613 1299 2678; x_wconf 84' lang='lat' dir='ltr'>malitiae</span> <span class='ocrx_word' id='word_1_216' title='bbox 1346 2632 1417 2676; x_wconf 88' lang='lat' dir='ltr'>ac</span> <span class='ocrx_word' id='word_1_217' title='bbox 1462 2632 1689 2696; x_wconf 89' lang='lat' dir='ltr'>pravae</span> <span class='ocrx_word' id='word_1_218' title='bbox 1720 2612 2170 2677; x_wconf 90' lang='lat' dir='ltr'>consuetudini.</span> <span class='ocrx_word' id='word_1_219' title='bbox 2203 2613 2396 2689; x_wconf 87' lang='lat' dir='ltr'>Adde,</span> <span class='ocrx_word' id='word_1_220' title='bbox 2428 2613 2547 2676; x_wconf 91' lang='lat' dir='ltr'>hoc</span> <span class='ocrx_word' id='word_1_221' title='bbox 2576 2631 2757 2695; x_wconf 87' lang='lat' dir='ltr'>saepe</span> 
     </span>
     <span class='ocr_line' id='line_1_24' title="bbox 293 2714 2758 2798; baseline -0.001 -18"><span class='ocrx_word' id='word_1_222' title='bbox 293 2715 419 2781; x_wconf 86' lang='lat' dir='ltr'>fieri</span> <span class='ocrx_word' id='word_1_223' title='bbox 450 2716 899 2791; x_wconf 86' lang='lat' dir='ltr'>necessarium;</span> <span class='ocrx_word' id='word_1_224' title='bbox 935 2715 1083 2797; x_wconf 89' lang='lat' dir='ltr'>quia</span> <span class='ocrx_word' id='word_1_225' title='bbox 1112 2715 1396 2798; x_wconf 85' lang='lat' dir='ltr'>privatus</span> <span class='ocrx_word' id='word_1_226' title='bbox 1434 2715 1640 2798; x_wconf 92' lang='lat' dir='ltr'>plures</span> <span class='ocrx_word' id='word_1_227' title='bbox 1672 2715 1896 2779; x_wconf 87' lang='lat' dir='ltr'>habere</span> <span class='ocrx_word' id='word_1_228' title='bbox 1924 2717 2132 2798; x_wconf 90' lang='lat' dir='ltr'>potest</span> <span class='ocrx_word' id='word_1_229' title='bbox 2162 2716 2453 2794; x_wconf 59' lang='lat' dir='ltr'>rationes),</span> <span class='ocrx_word' id='word_1_230' title='bbox 2486 2735 2597 2780; x_wconf 90' lang='grc'><strong>6111·</strong></span> <span class='ocrx_word' id='word_1_231' title='bbox 2624 2714 2758 2798; x_wconf 88' lang='lat' dir='ltr'>ipse</span> 
     </span>
     <span class='ocr_line' id='line_1_25' title="bbox 292 2818 2167 2901; baseline -0.001 -19"><span class='ocrx_word' id='word_1_232' title='bbox 292 2838 394 2901; x_wconf 89' lang='lat' dir='ltr'>per</span> <span class='ocrx_word' id='word_1_233' title='bbox 438 2839 503 2884; x_wconf 90' lang='lat' dir='ltr'>se</span> <span class='ocrx_word' id='word_1_234' title='bbox 533 2838 668 2884; x_wconf 91' lang='lat' dir='ltr'>non</span> <span class='ocrx_word' id='word_1_235' title='bbox 697 2818 1012 2901; x_wconf 86' lang='lat' dir='ltr'>corripiat,</span> <span class='ocrx_word' id='word_1_236' title='bbox 1048 2819 1122 2882; x_wconf 93' lang='lat' dir='ltr'>ut</span> <span class='ocrx_word' id='word_1_237' title='bbox 1144 2836 1274 2881; x_wconf 89' lang='lat' dir='ltr'>rem</span> <span class='ocrx_word' id='word_1_238' title='bbox 1311 2818 1728 2882; x_wconf 87' lang='lat' dir='ltr'>consideranti</span> <span class='ocrx_word' id='word_1_239' title='bbox 1762 2818 1941 2881; x_wconf 85' lang='lat' dir='ltr'>facile</span> <span class='ocrx_word' id='word_1_240' title='bbox 1971 2819 2167 2900; x_wconf 87' lang='lat' dir='ltr'>patet.</span> 
     </span>
    </p>

    <p class='ocr_par' dir='ltr' id='par_1_7' title="bbox 289 2920 2765 3397">
     <span class='ocr_line' id='line_1_26' title="bbox 383 2920 2757 3005; baseline -0.001 -18"><span class='ocrx_word' id='word_1_241' title='bbox 383 2920 686 3005; x_wconf 87' lang='lat' dir='ltr'>Superior</span> <span class='ocrx_word' id='word_1_242' title='bbox 715 2923 867 2985; x_wconf 89' lang='lat' dir='ltr'>tunc</span> <span class='ocrx_word' id='word_1_243' title='bbox 903 2921 978 2984; x_wconf 91' lang='lat' dir='ltr'>ut</span> <span class='ocrx_word' id='word_1_244' title='bbox 1014 2920 1259 3003; x_wconf 86' lang='lat' dir='ltr'>privata</span> <span class='ocrx_word' id='word_1_245' title='bbox 1307 2937 1567 3002; x_wconf 89' lang='lat' dir='ltr'>persona</span> <span class='ocrx_word' id='word_1_246' title='bbox 1595 2920 1923 2985; x_wconf 81' lang='lat' dir='ltr'>intercedit</span> <span class='ocrx_word' id='word_1_247' title='bbox 1955 2921 2019 2984; x_wconf 91' lang='lat' dir='ltr'>et</span> <span class='ocrx_word' id='word_1_248' title='bbox 2055 2920 2131 2983; x_wconf 91' lang='lat' dir='ltr'>ad</span> <span class='ocrx_word' id='word_1_249' title='bbox 2164 2921 2452 2985; x_wconf 86' lang='lat' dir='ltr'>effectum</span> <span class='ocrx_word' id='word_1_250' title='bbox 2496 2922 2614 2985; x_wconf 92' lang='grc'><strong>1166</strong></span> <span class='ocrx_word' id='word_1_251' title='bbox 2660 2923 2757 2986; x_wconf 87' lang='grc'>661</span> 
     </span>
     <span class='ocr_line' id='line_1_27' title="bbox 292 3022 2760 3106; baseline -0 -18"><span class='ocrx_word' id='word_1_252' title='bbox 292 3025 540 3101; x_wconf 82' lang='lat' dir='ltr'>utilius;</span> <span class='ocrx_word' id='word_1_253' title='bbox 599 3023 671 3087; x_wconf 86' lang='lat'>1⁰</span> <span class='ocrx_word' id='word_1_254' title='bbox 707 3023 853 3105; x_wconf 84' lang='grc'><strong>(11116</strong></span> <span class='ocrx_word' id='word_1_255' title='bbox 899 3023 1101 3087; x_wconf 86' lang='lat' dir='ltr'>maior</span> <span class='ocrx_word' id='word_1_256' title='bbox 1145 3024 1242 3087; x_wconf 90' lang='lat' dir='ltr'>est</span> <span class='ocrx_word' id='word_1_257' title='bbox 1288 3022 1595 3086; x_wconf 89' lang='lat' dir='ltr'>certitudo</span> <span class='ocrx_word' id='word_1_258' title='bbox 1642 3022 1716 3087; x_wconf 93' lang='lat' dir='ltr'>de</span> <span class='ocrx_word' id='word_1_259' title='bbox 1764 3024 2028 3086; x_wconf 87' lang='lat' dir='ltr'>secreto:</span> <span class='ocrx_word' id='word_1_260' title='bbox 2080 3022 2151 3084; x_wconf 87' lang='lat'>2⁰</span> <span class='ocrx_word' id='word_1_261' title='bbox 2186 3023 2317 3106; x_wconf 89' lang='lat' dir='ltr'>ipse</span> <span class='ocrx_word' id='word_1_262' title='bbox 2352 3023 2574 3088; x_wconf 81' lang='lat' dir='ltr'>utilius</span> <span class='ocrx_word' id='word_1_263' title='bbox 2620 3042 2760 3088; x_wconf 91' lang='lat' dir='ltr'>con·</span> 
     </span>
     <span class='ocr_line' id='line_1_28' title="bbox 289 3124 2758 3210; baseline 0 -20"><span class='ocrx_word' id='word_1_264' title='bbox 289 3127 441 3192; x_wconf 84' lang='lat' dir='ltr'>serre</span> <span class='ocrx_word' id='word_1_265' title='bbox 474 3144 737 3210; x_wconf 88' lang='lat' dir='ltr'>operam</span> <span class='ocrx_word' id='word_1_266' title='bbox 773 3125 851 3189; x_wconf 89' lang='lat' dir='ltr'>ad</span> <span class='ocrx_word' id='word_1_267' title='bbox 882 3124 1376 3190; x_wconf 89' lang='lat' dir='ltr'>emendationem</span> <span class='ocrx_word' id='word_1_268' title='bbox 1412 3126 1638 3207; x_wconf 92' lang='lat' dir='ltr'>potest.</span> <span class='ocrx_word' id='word_1_269' title='bbox 1672 3124 1978 3189; x_wconf 85' lang='lat' dir='ltr'>Adverte:</span> <span class='ocrx_word' id='word_1_270' title='bbox 2019 3125 2074 3190; x_wconf 90' lang='lat' dir='ltr'>si</span> <span class='ocrx_word' id='word_1_271' title='bbox 2120 3126 2440 3190; x_wconf 89' lang='lat' dir='ltr'>emendam</span> <span class='ocrx_word' id='word_1_272' title='bbox 2471 3126 2758 3191; x_wconf 90' lang='lat' dir='ltr'>subditus</span> 
     </span>
     <span class='ocr_line' id='line_1_29' title="bbox 290 3226 2765 3312; baseline 0 -20"><span class='ocrx_word' id='word_1_273' title='bbox 290 3229 464 3306; x_wconf 85' lang='lat' dir='ltr'>nolit,</span> <span class='ocrx_word' id='word_1_274' title='bbox 501 3227 791 3311; x_wconf 89' lang='lat' dir='ltr'>superior</span> <span class='ocrx_word' id='word_1_275' title='bbox 822 3226 1142 3310; x_wconf 88' lang='lat' dir='ltr'>procedere</span> <span class='ocrx_word' id='word_1_276' title='bbox 1179 3244 1302 3291; x_wconf 93' lang='lat' dir='ltr'>non</span> <span class='ocrx_word' id='word_1_277' title='bbox 1333 3228 1542 3310; x_wconf 89' lang='lat' dir='ltr'>potest</span> <span class='ocrx_word' id='word_1_278' title='bbox 1572 3226 1696 3309; x_wconf 90' lang='lat' dir='ltr'>(uti</span> <span class='ocrx_word' id='word_1_279' title='bbox 1719 3227 1951 3312; x_wconf 86' lang='lat' dir='ltr'>iudex),</span> <span class='ocrx_word' id='word_1_280' title='bbox 1984 3228 2106 3292; x_wconf 89' lang='lat' dir='ltr'>nisi</span> <span class='ocrx_word' id='word_1_281' title='bbox 2137 3226 2297 3293; x_wconf 88' lang='lat' dir='ltr'>forte</span> <span class='ocrx_word' id='word_1_282' title='bbox 2334 3231 2656 3312; x_wconf 89' lang='lat' dir='ltr'>peccatum</span> <span class='ocrx_word' id='word_1_283' title='bbox 2678 3229 2765 3293; x_wconf 90' lang='lat' dir='ltr'>sit</span> 
     </span>
     <span class='ocr_line' id='line_1_30' title="bbox 290 3333 1160 3397; baseline -0.005 0"><span class='ocrx_word' id='word_1_284' title='bbox 290 3334 505 3397; x_wconf 87' lang='lat' dir='ltr'>contra</span> <span class='ocrx_word' id='word_1_285' title='bbox 537 3333 780 3396; x_wconf 90' lang='lat' dir='ltr'>bonum</span> <span class='ocrx_word' id='word_1_286' title='bbox 817 3349 1160 3394; x_wconf 89' lang='lat' dir='ltr'>commune.</span> 
     </span>
    </p>

    <p class='ocr_par' dir='ltr' id='par_1_8' title="bbox 290 3430 2776 4647">
     <span class='ocr_line' id='line_1_31' title="bbox 375 3430 2761 3514; baseline -0.004 -9"><span class='ocrx_word' id='word_1_287' title='bbox 375 3430 565 3505; x_wconf 73' lang='lat'>229.</span> <span class='ocrx_word' id='word_1_288' title='bbox 587 3432 892 3498; x_wconf 85' lang='lat' dir='ltr'>Doctrina</span> <span class='ocrx_word' id='word_1_289' title='bbox 915 3451 965 3496; x_wconf 92' lang='lat' dir='ltr'>s.</span> <span class='ocrx_word' id='word_1_290' title='bbox 991 3432 1267 3498; x_wconf 87' lang='lat' dir='ltr'>Thomae</span> <span class='ocrx_word' id='word_1_291' title='bbox 1301 3432 1585 3514; x_wconf 73' lang='lat' dir='ltr'>Quodlib.</span> <span class='ocrx_word' id='word_1_292' title='bbox 1621 3433 1732 3496; x_wconf 90' lang='lat' dir='ltr'>XI.</span> <span class='ocrx_word' id='word_1_293' title='bbox 1769 3434 1888 3497; x_wconf 89' lang='lat' dir='ltr'>art.</span> <span class='ocrx_word' id='word_1_294' title='bbox 1919 3434 2059 3497; x_wconf 85' lang='lat'>13.:</span> <span class='ocrx_word' id='word_1_295' title='bbox 2093 3434 2419 3499; x_wconf 79' lang='lat' dir='ltr'>&lt;Verbum</span> <span class='ocrx_word' id='word_1_296' title='bbox 2447 3435 2761 3500; x_wconf 90' lang='lat' dir='ltr'>Domini...</span> 
     </span>
     <span class='ocr_line' id='line_1_32' title="bbox 291 3534 2768 3619; baseline -0 -19"><span class='ocrx_word' id='word_1_297' title='bbox 291 3537 359 3601; x_wconf 92' lang='lat' dir='ltr'>de</span> <span class='ocrx_word' id='word_1_298' title='bbox 396 3536 788 3602; x_wconf 87' lang='lat' dir='ltr'>correctione</span> <span class='ocrx_word' id='word_1_299' title='bbox 824 3534 1117 3613; x_wconf 81' lang='lat' dir='ltr'>fraterna,</span> <span class='ocrx_word' id='word_1_300' title='bbox 1150 3536 1384 3599; x_wconf 85' lang='lat' dir='ltr'>servari</span> <span class='ocrx_word' id='word_1_301' title='bbox 1422 3535 1603 3600; x_wconf 92' lang='lat' dir='ltr'>debet</span> <span class='ocrx_word' id='word_1_302' title='bbox 1632 3535 1973 3600; x_wconf 89' lang='lat' dir='ltr'>secundum</span> <span class='ocrx_word' id='word_1_303' title='bbox 2005 3537 2171 3618; x_wconf 90' lang='lat' dir='ltr'>quod</span> <span class='ocrx_word' id='word_1_304' title='bbox 2217 3536 2515 3619; x_wconf 85' lang='lat' dir='ltr'>dependet</span> <span class='ocrx_word' id='word_1_305' title='bbox 2547 3556 2584 3599; x_wconf 88' lang='lat' dir='ltr'>a</span> <span class='ocrx_word' id='word_1_306' title='bbox 2617 3536 2768 3599; x_wconf 85' lang='lat' dir='ltr'>cari·</span> 
     </span>
     <span class='ocr_line' id='line_1_33' title="bbox 292 3638 2768 3723; baseline -0.001 -19"><span class='ocrx_word' id='word_1_307' title='bbox 292 3643 418 3706; x_wconf 88' lang='lat' dir='ltr'>tate</span> <span class='ocrx_word' id='word_1_308' title='bbox 448 3643 516 3706; x_wconf 90' lang='lat' dir='ltr'>et</span> <span class='ocrx_word' id='word_1_309' title='bbox 548 3640 693 3706; x_wconf 90' lang='lat' dir='ltr'>ideo</span> <span class='ocrx_word' id='word_1_310' title='bbox 728 3639 884 3717; x_wconf 91' lang='lat' dir='ltr'>dico,</span> <span class='ocrx_word' id='word_1_311' title='bbox 917 3640 1082 3721; x_wconf 90' lang='lat' dir='ltr'>quod</span> <span class='ocrx_word' id='word_1_312' title='bbox 1114 3658 1353 3723; x_wconf 89' lang='lat' dir='ltr'>semper</span> <span class='ocrx_word' id='word_1_313' title='bbox 1383 3658 1525 3703; x_wconf 91' lang='lat' dir='ltr'>cum</span> <span class='ocrx_word' id='word_1_314' title='bbox 1556 3638 1782 3703; x_wconf 89' lang='lat' dir='ltr'>debitis</span> <span class='ocrx_word' id='word_1_315' title='bbox 1830 3639 2318 3703; x_wconf 86' lang='lat' dir='ltr'>circumstantiis</span> <span class='ocrx_word' id='word_1_316' title='bbox 2366 3638 2768 3723; x_wconf 84' lang='lat' dir='ltr'>intelligenda</span> 
     </span>
     <span class='ocr_line' id='line_1_34' title="bbox 290 3740 2769 3825; baseline -0.001 -17"><span class='ocrx_word' id='word_1_317' title='bbox 290 3750 452 3810; x_wconf 88' lang='lat' dir='ltr'>sunt.</span> <span class='ocrx_word' id='word_1_318' title='bbox 503 3743 843 3810; x_wconf 88' lang='lat' dir='ltr'>Sciendum</span> <span class='ocrx_word' id='word_1_319' title='bbox 882 3745 978 3807; x_wconf 90' lang='lat' dir='ltr'>est</span> <span class='ocrx_word' id='word_1_320' title='bbox 1024 3744 1255 3818; x_wconf 87' lang='lat' dir='ltr'>autem,</span> <span class='ocrx_word' id='word_1_321' title='bbox 1297 3743 1462 3825; x_wconf 91' lang='lat' dir='ltr'>quod</span> <span class='ocrx_word' id='word_1_322' title='bbox 1508 3742 1572 3806; x_wconf 90' lang='lat' dir='ltr'>in</span> <span class='ocrx_word' id='word_1_323' title='bbox 1634 3740 1996 3806; x_wconf 90' lang='lat' dir='ltr'>criminibus</span> <span class='ocrx_word' id='word_1_324' title='bbox 2043 3740 2373 3824; x_wconf 87' lang='lat' dir='ltr'>tripliciter</span> <span class='ocrx_word' id='word_1_325' title='bbox 2417 3740 2769 3823; x_wconf 86' lang='lat' dir='ltr'>proceditur</span> 
     </span>
     <span class='ocr_line' id='line_1_35' title="bbox 290 3843 2771 3929; baseline -0.002 -17"><span class='ocrx_word' id='word_1_326' title='bbox 290 3848 638 3914; x_wconf 84' lang='lat' dir='ltr'>secundum</span> <span class='ocrx_word' id='word_1_327' title='bbox 685 3846 842 3910; x_wconf 88' lang='lat' dir='ltr'>iura.</span> <span class='ocrx_word' id='word_1_328' title='bbox 892 3844 1051 3925; x_wconf 85' lang='lat' dir='ltr'>Quia</span> <span class='ocrx_word' id='word_1_329' title='bbox 1087 3845 1289 3929; x_wconf 90' lang='lat' dir='ltr'>primo</span> <span class='ocrx_word' id='word_1_330' title='bbox 1336 3864 1443 3928; x_wconf 88' lang='lat' dir='ltr'>per</span> <span class='ocrx_word' id='word_1_331' title='bbox 1488 3843 1974 3926; x_wconf 84' lang='lat' dir='ltr'>inquisitionem,</span> <span class='ocrx_word' id='word_1_332' title='bbox 2016 3845 2079 3907; x_wconf 85' lang='lat' dir='ltr'>et</span> <span class='ocrx_word' id='word_1_333' title='bbox 2111 3843 2226 3908; x_wconf 93' lang='grc'><strong>1166</strong></span> <span class='ocrx_word' id='word_1_334' title='bbox 2272 3845 2367 3907; x_wconf 91' lang='grc'>661</span> <span class='ocrx_word' id='word_1_335' title='bbox 2412 3843 2476 3907; x_wconf 88' lang='grc'>111</span> <span class='ocrx_word' id='word_1_336' title='bbox 2503 3843 2771 3927; x_wconf 88' lang='lat' dir='ltr'>peccatis</span> 
     </span>
     <span class='ocr_line' id='line_1_36' title="bbox 290 3945 2767 4033; baseline -0.002 -18"><span class='ocrx_word' id='word_1_337' title='bbox 290 3950 556 4033; x_wconf 89' lang='lat' dir='ltr'>publicis</span> <span class='ocrx_word' id='word_1_338' title='bbox 589 3951 660 4014; x_wconf 90' lang='grc'>61</span> <span class='ocrx_word' id='word_1_339' title='bbox 691 3966 812 4013; x_wconf 86' lang='grc'><strong>11611</strong></span> <span class='ocrx_word' id='word_1_340' title='bbox 843 3946 1025 4012; x_wconf 88' lang='lat' dir='ltr'>debet</span> <span class='ocrx_word' id='word_1_341' title='bbox 1054 3947 1207 4024; x_wconf 88' lang='lat' dir='ltr'>fieri,</span> <span class='ocrx_word' id='word_1_342' title='bbox 1248 3948 1367 4012; x_wconf 90' lang='lat' dir='ltr'>nisi</span> <span class='ocrx_word' id='word_1_343' title='bbox 1405 3946 1727 4029; x_wconf 87' lang='lat' dir='ltr'>praecedet</span> <span class='ocrx_word' id='word_1_344' title='bbox 1768 3946 2004 4011; x_wconf 89' lang='lat' dir='ltr'>clamor</span> <span class='ocrx_word' id='word_1_345' title='bbox 2049 3945 2569 4029; x_wconf 86' lang='lat' dir='ltr'>congregationis.</span> <span class='ocrx_word' id='word_1_346' title='bbox 2605 3946 2767 4010; x_wconf 86' lang='lat' dir='ltr'>Item</span> 
     </span>
     <span class='ocr_line' id='line_1_37' title="bbox 292 4046 2771 4135; baseline -0.002 -18"><span class='ocrx_word' id='word_1_347' title='bbox 292 4072 394 4135; x_wconf 89' lang='lat' dir='ltr'>per</span> <span class='ocrx_word' id='word_1_348' title='bbox 423 4051 974 4118; x_wconf 90' lang='lat' dir='ltr'>denuntiationem</span> <span class='ocrx_word' id='word_1_349' title='bbox 1004 4052 1067 4115; x_wconf 90' lang='lat' dir='ltr'>et</span> <span class='ocrx_word' id='word_1_350' title='bbox 1106 4050 1564 4115; x_wconf 87' lang='lat' dir='ltr'>accusationem</span> <span class='ocrx_word' id='word_1_351' title='bbox 1611 4051 1675 4113; x_wconf 90' lang='lat' dir='ltr'>et</span> <span class='ocrx_word' id='word_1_352' title='bbox 1722 4050 1837 4113; x_wconf 91' lang='grc'><strong>1166</strong></span> <span class='ocrx_word' id='word_1_353' title='bbox 1874 4051 1970 4113; x_wconf 90' lang='grc'>661</span> <span class='ocrx_word' id='word_1_354' title='bbox 2000 4049 2063 4112; x_wconf 88' lang='grc'>111</span> <span class='ocrx_word' id='word_1_355' title='bbox 2102 4047 2427 4131; x_wconf 88' lang='lat' dir='ltr'>privatis...</span> <span class='ocrx_word' id='word_1_356' title='bbox 2456 4046 2521 4112; x_wconf 91' lang='lat' dir='ltr'>Si</span> <span class='ocrx_word' id='word_1_357' title='bbox 2559 4052 2771 4113; x_wconf 86' lang='lat' dir='ltr'>autem</span> 
     </span>
     <span class='ocr_line' id='line_1_38' title="bbox 294 4151 2773 4237; baseline -0.002 -17"><span class='ocrx_word' id='word_1_358' title='bbox 294 4155 679 4237; x_wconf 89' lang='lat' dir='ltr'>procedatur</span> <span class='ocrx_word' id='word_1_359' title='bbox 715 4173 822 4236; x_wconf 91' lang='lat' dir='ltr'>per</span> <span class='ocrx_word' id='word_1_360' title='bbox 854 4153 1405 4226; x_wconf 84' lang='lat' dir='ltr'>denuntiationem,</span> <span class='ocrx_word' id='word_1_361' title='bbox 1443 4153 1590 4216; x_wconf 89' lang='lat' dir='ltr'>tunc</span> <span class='ocrx_word' id='word_1_362' title='bbox 1637 4152 1818 4216; x_wconf 90' lang='lat' dir='ltr'>debet</span> <span class='ocrx_word' id='word_1_363' title='bbox 1863 4151 2219 4234; x_wconf 88' lang='lat' dir='ltr'>praecedere</span> <span class='ocrx_word' id='word_1_364' title='bbox 2256 4151 2529 4215; x_wconf 80' lang='lat' dir='ltr'>fraterna</span> <span class='ocrx_word' id='word_1_365' title='bbox 2565 4151 2773 4217; x_wconf 89' lang='lat' dir='ltr'>admo·</span> 
     </span>
     <span class='ocr_line' id='line_1_39' title="bbox 295 4254 2764 4341; baseline -0.002 -16"><span class='ocrx_word' id='word_1_366' title='bbox 295 4260 481 4335; x_wconf 82' lang='lat' dir='ltr'>nitio;</span> <span class='ocrx_word' id='word_1_367' title='bbox 525 4259 687 4341; x_wconf 80' lang='lat' dir='ltr'>quia</span> <span class='ocrx_word' id='word_1_368' title='bbox 714 4256 855 4321; x_wconf 91' lang='lat' dir='ltr'>finis</span> <span class='ocrx_word' id='word_1_369' title='bbox 886 4257 1072 4321; x_wconf 89' lang='lat' dir='ltr'>huius</span> <span class='ocrx_word' id='word_1_370' title='bbox 1097 4257 1194 4321; x_wconf 90' lang='lat' dir='ltr'>est</span> <span class='ocrx_word' id='word_1_371' title='bbox 1217 4256 1564 4321; x_wconf 87' lang='lat' dir='ltr'>emendatio</span> <span class='ocrx_word' id='word_1_372' title='bbox 1598 4256 1862 4338; x_wconf 77' lang='lat' dir='ltr'>proximi</span> <span class='ocrx_word' id='word_1_373' title='bbox 1893 4254 2119 4319; x_wconf 91' lang='grc'><strong>611666</strong></span> <span class='ocrx_word' id='word_1_374' title='bbox 2145 4255 2379 4318; x_wconf 82' lang='lat' dir='ltr'>servari</span> <span class='ocrx_word' id='word_1_375' title='bbox 2410 4254 2764 4320; x_wconf 84' lang='grc'><strong>6611616166</strong></span> 
     </span>
     <span class='ocr_line' id='line_1_40' title="bbox 295 4357 2773 4441; baseline -0.002 -13"><span class='ocrx_word' id='word_1_376' title='bbox 295 4362 610 4428; x_wconf 83' lang='lat' dir='ltr'>fraternae</span> <span class='ocrx_word' id='word_1_377' title='bbox 645 4361 1061 4425; x_wconf 87' lang='lat' dir='ltr'>correctionis.</span> <span class='ocrx_word' id='word_1_378' title='bbox 1080 4360 1313 4425; x_wconf 87' lang='lat' dir='ltr'>Utrum</span> <span class='ocrx_word' id='word_1_379' title='bbox 1337 4361 1548 4424; x_wconf 88' lang='lat' dir='ltr'>autem</span> <span class='ocrx_word' id='word_1_380' title='bbox 1572 4359 1792 4423; x_wconf 90' lang='lat' dir='ltr'>statim</span> <span class='ocrx_word' id='word_1_381' title='bbox 1817 4378 1959 4423; x_wconf 91' lang='lat' dir='ltr'>cum</span> <span class='ocrx_word' id='word_1_382' title='bbox 1991 4358 2133 4441; x_wconf 90' lang='lat' dir='ltr'>quis</span> <span class='ocrx_word' id='word_1_383' title='bbox 2164 4358 2284 4422; x_wconf 88' lang='lat' dir='ltr'>scit</span> <span class='ocrx_word' id='word_1_384' title='bbox 2305 4357 2563 4423; x_wconf 88' lang='lat' dir='ltr'>fratrem</span> <span class='ocrx_word' id='word_1_385' title='bbox 2587 4378 2773 4423; x_wconf 90' lang='lat' dir='ltr'>suum</span> 
     </span>
     <span class='ocr_line' id='line_1_41' title="bbox 298 4460 2775 4548; baseline -0.003 -18"><span class='ocrx_word' id='word_1_386' title='bbox 298 4485 603 4548; x_wconf 85' lang='lat' dir='ltr'>peccasse,</span> <span class='ocrx_word' id='word_1_387' title='bbox 642 4462 867 4527; x_wconf 89' lang='lat' dir='ltr'>debeat</span> <span class='ocrx_word' id='word_1_388' title='bbox 896 4463 1259 4528; x_wconf 88' lang='lat' dir='ltr'>denuntiare</span> <span class='ocrx_word' id='word_1_389' title='bbox 1282 4462 1581 4545; x_wconf 82' lang='lat' dir='ltr'>praelate,</span> <span class='ocrx_word' id='word_1_390' title='bbox 1610 4461 1768 4534; x_wconf 91' lang='lat' dir='ltr'>dico,</span> <span class='ocrx_word' id='word_1_391' title='bbox 1795 4461 1962 4543; x_wconf 92' lang='lat' dir='ltr'>quod</span> <span class='ocrx_word' id='word_1_392' title='bbox 1994 4461 2056 4524; x_wconf 92' lang='lat' dir='ltr'>in</span> <span class='ocrx_word' id='word_1_393' title='bbox 2088 4460 2229 4524; x_wconf 90' lang='lat' dir='ltr'>istis</span> <span class='ocrx_word' id='word_1_394' title='bbox 2269 4460 2775 4545; x_wconf 85' lang='lat' dir='ltr'>distinguendum</span> 
     </span>
     <span class='ocr_line' id='line_1_42' title="bbox 299 4561 2776 4647; baseline -0.004 -15"><span class='ocrx_word' id='word_1_395' title='bbox 299 4571 396 4633; x_wconf 90' lang='lat' dir='ltr'>est</span> <span class='ocrx_word' id='word_1_396' title='bbox 426 4568 502 4634; x_wconf 90' lang='lat' dir='ltr'>de</span> <span class='ocrx_word' id='word_1_397' title='bbox 533 4564 1001 4631; x_wconf 87' lang='lat' dir='ltr'>conditionibus</span> <span class='ocrx_word' id='word_1_398' title='bbox 1038 4565 1272 4630; x_wconf 89' lang='lat' dir='ltr'>subditi</span> <span class='ocrx_word' id='word_1_399' title='bbox 1303 4566 1366 4629; x_wconf 90' lang='lat' dir='ltr'>et</span> <span class='ocrx_word' id='word_1_400' title='bbox 1396 4565 1682 4647; x_wconf 88' lang='lat' dir='ltr'>praelati.</span> <span class='ocrx_word' id='word_1_401' title='bbox 1716 4562 1880 4627; x_wconf 89' lang='lat' dir='ltr'>Nam</span> <span class='ocrx_word' id='word_1_402' title='bbox 1927 4563 1980 4626; x_wconf 91' lang='lat' dir='ltr'>si</span> <span class='ocrx_word' id='word_1_403' title='bbox 2028 4581 2142 4646; x_wconf 86' lang='lat' dir='ltr'>ego</span> <span class='ocrx_word' id='word_1_404' title='bbox 2191 4562 2337 4641; x_wconf 88' lang='lat' dir='ltr'>scio,</span> <span class='ocrx_word' id='word_1_405' title='bbox 2373 4563 2537 4644; x_wconf 89' lang='lat' dir='ltr'>quod</span> <span class='ocrx_word' id='word_1_406' title='bbox 2583 4561 2776 4624; x_wconf 84' lang='lat' dir='ltr'>frater</span> 
     </span>
    </p>
   </div>
  </div>
 </body>
</html>
