3497 5147
377 353 560 432 [1040]
802 370 884 409 AN
921 370 1281 418 ALIQUANDO
1318 370 1544 412 monim·
1579 370 1948 413 mosomum
1985 370 2418 412 Ponam-ronam
2731 359 2838 412 769

379 467 546 532 dicta
578 469 726 531 sunt
771 467 833 530 in
881 468 961 530 tr.
995 468 1070 530 de
1108 466 1399 532 Peccatis
1428 469 1543 533 sub
1578 469 1678 551 gg.
1712 468 1884 532 XXI.
1919 468 2122 533 XXII.
2158 469 2360 551 quoad
2393 470 2603 534 motus
2641 471 2842 534 carnis

380 570 805 655 insurgentes;
839 588 985 633 nam
1018 569 1230 634 eadem
1263 571 1358 635 est
1389 571 1692 652 quaestio.
1727 569 1933 652 Atque
1966 571 2116 634 haec
2147 572 2241 634 est
2265 570 2546 635 doctrina
2578 591 2626 635 s.
2654 572 2838 654 Alph.

378 672 513 736 heic
562 692 619 735 n.
662 672 812 735 479.
855 697 889 728 «
928 671 1188 751 Quando
1215 672 1463 737 emissio
1513 673 1743 754 incepit
1789 673 1851 736 in
1900 692 2136 749 somno,
2177 673 2283 737 sed
2316 673 2532 757 postea
2563 693 2845 738 consum-

376 775 587 839 matur
618 775 679 838 in
713 775 952 860 vigilia,
988 793 1059 839 eo
1097 792 1266 851 casn,
1300 774 1485 840 modo
1535 774 1701 839 absit
1747 793 2079 839 consensus
2111 775 2175 839 in
2225 774 2696 840 delectationem
2743 777 2843 839 vel

378 877 729 960 proximum
774 895 1108 942 consensus
1154 877 1497 960 periculum
1528 897 1599 941 ex
1630 878 1966 960 praeterita
2014 878 2407 959 experientia,
2441 896 2560 943 non
2594 879 2843 943 tenetur

377 981 564 1046 homo
610 981 788 1044 illam
834 980 1144 1057 cohibere3
1185 980 1332 1062 quia
1363 980 1803 1044 difficillimum
1851 983 1964 1057 est,
2000 982 2274 1044 avertere
2323 980 2556 1044 exitum
2588 981 2840 1045 seminis

377 1083 505 1147 iam
547 1103 583 1147 a
620 1083 849 1147 lumbis
882 1082 1089 1160 decisi,
1125 1084 1198 1147 ut
1242 1083 1654 1147 communiter
1686 1082 1902 1145 dicunt
1939 1082 2119 1145 DD...
2170 1084 2321 1145 tunc
2367 1082 2530 1145 enim
2566 1082 2673 1146 ille
2706 1083 2842 1164 pol-

376 1186 678 1250 lutionem
726 1205 846 1250 non
893 1185 1051 1261 vult,
1086 1185 1192 1249 sed
1237 1203 1402 1249 mere
1425 1185 1667 1268 patitur
1691 1209 1752 1248 ».
1789 1183 2044 1249 Subdit:
2091 1208 2125 1241 α
2157 1184 2381 1247 saltem
2414 1186 2563 1248 tunc
2594 1185 2845 1264 eaepedit

376 1288 555 1373 signo
588 1289 785 1354 crucis
833 1307 896 1352 se
927 1288 1167 1352 munire
1217 1289 1403 1369 atque
1450 1291 1720 1351 mentem
1771 1287 1848 1350 ab
1885 1287 1994 1351 illa
2027 1287 2198 1370 turpi
2246 1287 2626 1371 cogitatione
2675 1307 2844 1351 aver-

375 1390 559 1456 tendo
595 1410 665 1455 ac
702 1390 953 1455 nomina
983 1390 1379 1456 sanctissima
1427 1391 1569 1455 Iesu
1601 1392 1665 1453 et
1704 1389 1944 1453 Mariae
1989 1389 2351 1468 invocando,
2387 1407 2491 1453 eos
2536 1388 2842 1454 ferventer

376 1493 629 1576 precari,
656 1513 731 1557 ne
764 1493 963 1557 ullum
999 1493 1246 1574 lapsum
1279 1493 1647 1575 permittant
1680 1517 1741 1553 ».
1777 1490 1869 1555 Cf.
1904 1492 1946 1554 1.
1975 1512 2025 1556 c.
2054 1491 2398 1556 doctrinam
2437 1511 2486 1556 s.
2527 1492 2837 1557 Doctoris.

465 1594 634 1659 Idem
681 1614 863 1677 porro
910 1594 1231 1659 dicendum
1268 1594 1441 1674 (nam
1474 1594 1687 1658 eadem
1712 1596 1808 1658 est
1845 1593 2056 1676 ratio),
2084 1594 2138 1657 si
2175 1593 2274 1658 hic
2306 1594 2576 1669 effectus,
2612 1595 2841 1677 absque

373 1698 641 1763 hominis
672 1699 1122 1781 cooperatione,
1162 1697 1380 1782 sponte
1413 1698 1652 1762 oriatur
1682 1696 1746 1759 in
1794 1696 2031 1780 vigilia.

465 1798 555 1864 Cf.
591 1798 993 1883 Capellmann
1048 1819 1146 1885 op.
1182 1801 1286 1865 cit.
1322 1821 1380 1882 p.
1425 1801 1552 1874 89..
1603 1817 1770 1880 seqq.
1813 1799 1920 1881 qui
1968 1801 2031 1862 et
2067 1799 2393 1882 physicum
2442 1799 2710 1864 medium
2763 1801 2838 1863 ad

376 1902 781 1967 cohibendum
815 1903 978 1967 hunc
1010 1902 1294 1966 effectum
1328 1902 1426 1965 vel
1458 1900 1974 1984 praevertendum
2013 1901 2314 1985 suggerit.

462 2004 600 2069 Non
633 2005 951 2087 loquimur
983 2004 1055 2068 de
1081 2004 1422 2086 pollutione
1450 2004 1734 2083 passiva,
1762 2022 1920 2084 quae
1954 2003 2295 2086 generatim
2323 2004 2385 2067 in
2412 2004 2632 2088 vigilia
2667 2005 2839 2087 sequi

375 2108 550 2184 solet,
592 2107 900 2192 contingit
935 2108 1145 2171 autem
1194 2106 1411 2189 sponte
1445 2106 1673 2187 absque
1712 2105 1843 2168 ullo
1892 2123 2074 2169 sensu
2107 2104 2473 2188 voluptatiS,
2520 2106 2648 2172 imo
2697 2127 2839 2170 cum

376 2210 584 2291 aliquo
632 2228 811 2274 sensu
860 2208 1091 2274 doloris
1137 2209 1202 2272 in
1250 2208 1500 2292 organis
1532 2207 1971 2292 generationis,

464 2311 635 2377 Haec
658 2331 799 2375 cum
830 2312 1201 2393 quibusdam
1248 2310 1506 2374 debetur
1552 2309 2025 2373 infirmitatibus
2076 2310 2214 2374 tum
2264 2309 2617 2392 praeteritis
2663 2311 2725 2374 in
2773 2331 2837 2374 re

374 2433 631 2479 venerea
648 2413 1010 2479 excessibus
1035 2411 1192 2477 Cum
1225 2432 1296 2477 ea
1320 2414 1589 2495 nequeat
1611 2412 1916 2494 impediri,
1951 2413 2167 2494 nequit
2198 2412 2498 2496 imputari
2531 2413 2608 2477 ad
2640 2414 2836 2478 ullam

375 2517 640 2600 culpam.
677 2513 770 2581 Of.
796 2515 978 2580 Auct.
1015 2517 1119 2581 cit.
1155 2537 1213 2599 p.
1250 2517 1355 2580 92.

478 2660 687 2712 xxxu.
715 2659 760 2713 4.
801 2658 1006 2714 Licitum
1046 2664 1121 2711 est
1157 2660 1220 2712 ob
1260 2660 1403 2710 llnem
1441 2663 1716 2720 honestum,
1747 2672 1793 2709 v.
1825 2672 1898 2722 gr.
1941 2656 2231 2710 minuendae
2272 2656 2569 2722 tentationis,
2596 2658 2840 2729 sanitatis,

374 2742 738 2808 tranquillitatis
775 2742 938 2804 animi,
978 2750 1145 2809 optare
1190 2740 1398 2808 simplici
1452 2744 1621 2794 affectu
1671 2748 1987 2807 spontaneam
2040 2747 2088 2794 et
2128 2745 2398 2796 naturalem
2438 2744 2835 2798 exonerationem

372 2836 590 2893 naturae,
615 2829 763 2882 modo
799 2825 1094 2881 desiderium
1131 2826 1253 2881 illud
1293 2841 1387 2879 non
1426 2826 1488 2879 sit
1525 2840 1672 2879 causa
1711 2829 1884 2879 efficax
1924 2826 2227 2892 pollutionis.
2264 2826 2501 2882 Similiter
2539 2828 2652 2883 licet
2691 2830 2835 2883 etiam

373 2915 433 2966 de
459 2928 514 2967 ea
541 2914 772 2977 gaudere,
802 2911 879 2965 via
905 2910 1112 2965 naturali
1136 2919 1185 2965 et
1210 2910 1314 2964 sine
1342 2917 1543 2977 peccato
1570 2913 1720 2975 lacta;
1748 2908 1861 2975 quia
1888 2908 2135 2964 obiectum
2162 2910 2306 2965 istius
2339 2912 2570 2966 desiderii
2599 2920 2649 2967 et
2672 2913 2837 2978 gaudii

370 3012 467 3051 non
492 3005 568 3050 est
592 3000 798 3051 malum:
823 3011 1098 3062 quanquam
1124 2994 1365 3050 eiusmodi
1386 2994 1630 3048 desideria
1659 2993 1897 3060 simplicia
1924 2994 2114 3049 inutilia
2148 3011 2257 3050 esse
2287 3011 2376 3051 nec
2404 2997 2619 3064 periculo
2646 3014 2835 3064 carere,

370 3082 565 3147 quidam
605 3085 727 3136 bene
765 3086 1046 3136 observent.
1072 3083 1209 3135 Lesa
1236 3083 1284 3133 d.
1324 3080 1401 3133 14.
1432 3096 1477 3133 n.
1516 3081 1600 3133 15.
1629 3081 1798 3142 Laym.
1828 3094 1875 3132 n.
1909 3080 1992 3132 -17,

457 3207 549 3273 Cf.
585 3209 751 3274 dicta
782 3209 845 3273 in
877 3210 956 3272 tr.
996 3207 1071 3270 de
1102 3206 1394 3271 Peccatis
1423 3207 1559 3272 sub.
1600 3208 1656 3289 ξ.
1692 3206 1866 3269 XVI.

474 3332 707 3385 xxxin.
732 3333 781 3384 5.
808 3331 860 3383 Si
899 3330 1008 3395 quis
1038 3334 1251 3382 tacturus
1276 3343 1379 3382 rem
1407 3330 1615 3395 aliquam
1642 3330 1970 3383 necessariam
1999 3333 2077 3383 vel
2110 3330 2291 3383 licitam
2320 3338 2367 3384 et
2395 3336 2666 3401 honestam,
2696 3353 2834 3403 prae-

367 3415 503 3469 videt
538 3414 648 3469 inde
687 3414 976 3469 naturaliter
1002 3420 1279 3466 secuturam
1308 3414 1625 3479 pollutionem
1652 3413 1821 3478 (idque
1848 3414 2002 3467 multo
2030 3413 2181 3477 magis
2222 3416 2352 3469 valet
2381 3418 2443 3469 de
2471 3417 2830 3490 distillatione),

366 3512 511 3563 quam
548 3506 708 3553 tamen
745 3499 827 3551 ille
868 3500 1001 3551 nullo
1039 3497 1186 3549 modo
1226 3496 1345 3550 velit
1375 3511 1461 3550 nec
1500 3497 1737 3561 intendat,
1766 3504 1894 3561 tunc,
1924 3497 2070 3549 modo
2108 3497 2235 3551 absit
2273 3498 2539 3565 periculum
2565 3516 2834 3557 consensus

366 3580 415 3634 in
456 3582 842 3644 delectationem,
868 3596 962 3636 non
1003 3588 1194 3634 tenetur
1232 3579 1472 3634 abstinere
1513 3595 1539 3633 a
1578 3579 1662 3633 tali
1704 3580 1894 3632 actione
1908 3594 1925 3642 3
1953 3579 2062 3644 quia
2104 3582 2422 3646 prosequenti
2460 3598 2603 3637 suum
2628 3585 2706 3638 ius
2737 3603 2831 3641 non

365 3663 636 3732 imputatur
660 3670 860 3722 effectus
898 3683 986 3735 per
1025 3666 1251 3721 accidens
1289 3675 1337 3721 et
1374 3672 1565 3733 praeter
1604 3662 1927 3718 intentionem
1969 3672 2180 3719 secutus
2212 3666 2335 3720 Hinc
2375 3681 2470 3722 non
2497 3671 2723 3723 obstante
2751 3688 2828 3737 pe-

370 3750 528 3804 riculo
552 3751 849 3816 pollutionis,
866 3752 977 3807 licet
997 3751 1170 3806 audire
1190 3752 1523 3806 confessiones
1545 3749 1821 3813 mulierum,
1838 3751 2037 3803 studere
2058 3750 2254 3804 casibus
2275 3752 2617 3818 conscientiae,
2635 3762 2833 3821 tangere

368 3850 421 3890 se
444 3850 506 3889 cx
530 3836 836 3902 necessitate,
857 3837 1056 3891 leminas
1080 3843 1223 3892 cante
1248 3845 1425 3892 etcum
1450 3834 1739 3889 necessitate
1762 3833 1962 3900 alloqui,
1983 3835 2214 3899 osculari,
2236 3838 2465 3904 amplecti
2483 3838 2622 3894 iuxta
2649 3856 2833 3898 morem

370 3921 573 3988 patriae,
599 3921 641 3974 si
666 3921 848 3987 alioqui
883 3922 1096 3976 incivilis
1121 3924 1374 3977 habendus
1412 3927 1559 3975 esset.
1586 3921 1728 3987 Quod
1757 3919 1799 3972 si
1831 3927 1988 3972 tamen
2029 3919 2298 3987 periculum
2336 3931 2467 3977 esset
2496 3926 2831 3982 consentiendi

366 4007 416 4059 in
435 4004 804 4059 delectationem
829 4007 979 4071 (quod
1006 4005 1248 4071 colligitur
1267 4006 1396 4069 inde,
1416 4005 1458 4059 si
1477 4004 1673 4071 saepius
1700 4019 1764 4057 ex
1792 4003 1936 4057 simili
1966 4004 2224 4059 occasione
2248 4009 2518 4063 mortaliter
2540 4010 2603 4063 sit
2622 4013 2831 4079 lapsus),

371 4105 394 4141 a
422 4104 567 4143 causa
595 4089 696 4157 illa,
715 4090 1028 4155 quantumvis
1057 4090 1201 4154 licita,
1221 4091 1559 4145 abstinendum
1582 4096 1737 4155 esset;
1761 4088 1964 4156 proinde
1991 4090 2318 4145 confessarius
2340 4093 2425 4145 tali
2444 4109 2561 4147 casu
2586 4102 2834 4153 teneretur

369 4175 642 4241 relinquere
668 4174 896 4229 officium.
913 4175 1021 4230 Fill.
1042 4178 1218 4229 Sancb.
1241 4180 1272 4228 l.
1295 4179 1342 4230 9.
1366 4178 1412 4230 d.
1442 4175 1524 4228 45.
1548 4176 1722 4227 Navar.
1746 4190 1789 4228 c.
1821 4176 1898 4227 16.
1923 4177 2091 4240 Laym.
2113 4191 2160 4229 n.
2187 4180 2266 4230 16.
2290 4180 2452 4231 Monet
2477 4187 2639 4234 autem
2660 4183 2830 4246 Laym.

368 4275 497 4328 eum,
525 4259 606 4327 qui
643 4260 690 4313 in
726 4259 1001 4314 actionibus
1040 4259 1257 4313 honestis
1294 4268 1342 4315 et
1382 4259 1585 4313 utilibus
1624 4262 1768 4313 talem
1807 4258 2048 4312 miseriam
2087 4259 2359 4326 experitur,
2400 4261 2591 4318 {acilius
2629 4265 2829 4322 liberari

364 4347 737 4412 contemnende,
766 4360 909 4412 quam
949 4344 1283 4412 aestimando;
1310 4343 1420 4410 quia
1460 4342 1805 4408 imaginatione
1844 4351 1892 4397 et
1933 4342 2103 4397 timore
2144 4352 2363 4410 augetur.

459 4450 673 4526 1040.
707 4455 878 4520 Haec
924 4454 1210 4538 spectant
1256 4453 1334 4518 ad
1380 4451 1727 4518 doctrinam
1774 4451 1849 4516 de
1881 4452 2236 4517 voluntario
2279 4455 2352 4518 in
2375 4477 2602 4535 cau-sm
2632 4460 2706 4524 cf.
2750 4465 2827 4527 tr.

366 4560 442 4623 de
472 4559 742 4624 Actibus
777 4558 1069 4623 humanis
1116 4576 1216 4620 nn.
1269 4556 1375 4620 26.
1410 4572 1575 4636 seqq.
1611 4554 1683 4618 In
1729 4555 1848 4619 hac
1894 4574 1957 4619 re
2012 4555 2192 4622 docet
2245 4577 2293 4623 s.
2335 4559 2518 4643 Alph.
2568 4584 2626 4626 n.
2677 4566 2826 4629 483.

525 4683 810 4726 Batauam.
839 4705 893 4716 —
922 4679 1094 4725 Horal.
1122 4680 1257 4724 Tom.
1289 4679 1360 4722 n.
2665 4687 2720 4729 49
