3497 5147
689 386 796 440 516
832 398 1044 439 TRACT.
1067 399 1148 439 vr.
1169 396 1329 439 sacr.
1352 397 1416 436 11.
1444 397 1529 436 ma
1552 394 1833 437 SECUNDO
1857 393 2073 434 Panno·
2104 392 2438 448 Dnoanom.
2457 391 2591 432 cap,
2613 390 2702 430 111.
2726 388 2870 431 nnn.
2890 388 2972 428 vr.
3009 368 3150 446 [678]

796 496 921 548 Lvt.
951 497 998 546 5.
1027 495 1198 548 Nullus
1222 492 1612 559 supradictorum
1646 497 1807 558 potest
1833 489 2019 544 directe
2044 489 2242 543 irritare
2272 496 2385 542 vota
2412 486 2739 558 emissaante
2777 483 3146 546 subiectionem,

690 595 739 632 v.
754 595 822 644 gr.
841 586 951 632 ante
971 578 1356 633 matrimonium:
1380 582 1504 630 lacta
1531 592 1649 631 vero
1670 576 1797 629 intra
1821 582 2013 641 tempus
2036 573 2372 638 subiectionis,
2395 575 2456 626 dc
2479 588 2532 626 re
2559 571 2803 639 implenda
2826 576 2938 636 post
2962 577 3148 634 tempus

686 665 1019 727 subiectionis,
1048 680 1095 718 v.
1122 679 1194 729 gr.
1219 663 1269 717 in
1303 666 1575 730 pubertate,
1607 664 1683 715 vel
1710 669 1823 728 post
1848 661 2034 714 obitum
2063 658 2240 726 mariti,
2269 666 2472 726 possunt
2501 657 2716 711 irritare.
2745 658 2867 709 Bon.
2896 658 2926 708 Ι.
2954 670 2998 708 0.

779 786 950 860 678.
984 791 1206 876 Excipe
1239 792 1407 880 vota,
1442 809 1599 872 quae
1631 788 2072 872 praecesserint
2106 787 2464 878 religiosam
2495 784 2960 874 professionem,
2995 780 3146 845 Nam

688 893 837 982 haec
867 877 1241 976 professione
1287 894 1419 976 ipso
1468 893 1653 970 facto,
1690 893 1740 956 si
1773 892 2067 977 profitens
2105 893 2491 956 commutare
2523 888 2887 963 intenderit,
2927 887 3147 951 exstin-

687 998 986 1080 guuntur,
1015 998 1087 1060 ut
1118 996 1344 1060 dicitur
1367 1016 1500 1079 cap.
1542 992 1906 1074 Screpteaerae
1930 996 1990 1057 4.
2032 995 2104 1058 de
2155 993 2287 1058 Vot.
2311 1013 2331 1055 .·
2371 1017 2406 1052 «ι
2446 992 2612 1056 Reus
2651 989 2834 1054 fracti
2875 989 3007 1054 voti
3048 988 3147 1052 ali-

687 1099 993 1179 quatenus
1026 1117 1148 1163 non
1184 1098 1467 1172 habetur,
1494 1098 1600 1179 qui
1631 1097 1973 1180 temporale
2007 1095 2457 1180 obsequiumin
2477 1096 2841 1179 perpetuam
2878 1091 3146 1156 noscitur

685 1199 1003 1283 religionis
1038 1200 1493 1264 observantiam
1525 1202 1910 1264 commutare
1947 1224 2008 1262 ».

778 1300 874 1364 An
907 1302 958 1365 si
992 1320 1027 1364 a
1059 1304 1232 1366 statu
1264 1303 1553 1388 religioso
1587 1302 1888 1378 deficeret,
1930 1303 2077 1367 vota
2115 1301 2533 1366 reviviscunt?
2565 1297 2744 1379 Quod
2781 1297 3141 1362 exstinctum

689 1403 805 1494 est,
836 1423 942 1485 per
973 1423 1036 1468 se
1068 1404 1271 1494 ipsum
1302 1423 1424 1470 non
1455 1405 1798 1470 reviviscit:
1827 1407 1894 1467 at
1923 1404 2014 1468 ita
2040 1404 2244 1486 quoad
2277 1403 2636 1487 profitentes
2662 1402 2812 1465 vota
2847 1400 3140 1482 simplicia

688 1507 945 1569 cautum
992 1507 1087 1572 est
1130 1507 1194 1571 in
1232 1504 1797 1572 Constitutionibus
1839 1507 2086 1571 nostrae
2135 1505 2484 1583 SocietatiS‚
2518 1506 2591 1569 ut
2637 1503 2692 1568 si
2741 1502 3142 1568 scholasticus

689 1606 1065 1686 dimittatur,
1098 1609 1248 1672 dum
1280 1610 1654 1674 auctoritate
1685 1609 2033 1692 Praepositi
2066 1607 2385 1695 Generalis
2424 1606 2792 1690 auferuntur
2828 1607 2980 1670 vota
3010 1605 3141 1669 sim-

688 1710 892 1798 plicia,
918 1710 1167 1800 ¹quibus
1223 1731 1287 1775 se
1346 1711 1411 1775 in
1466 1711 1789 1795 Religione
1853 1711 2284 1790 obstrinxerat,
2340 1709 2460 1792 ipsi
2524 1711 2734 1774 tamen
2782 1707 3133 1784 declaretur,

689 1813 1049 1877 reviviscere
1098 1813 1508 1900 obligationes
1556 1815 1867 1889 votorum,
1917 1813 1970 1877 si
2016 1833 2175 1895 quae
2220 1812 2507 1888 habebat,
2559 1830 2701 1902 cum
2762 1810 3141 1895 Religionem

688 1917 1002 2000 ingressus
1035 1918 1131 1981 est
1178 1918 1289 1980 aut
1326 1921 1474 1982 vota
1511 1917 1829 2002 religionis
1862 1917 2090 2004 emisit.
2118 1915 2209 1981 Cf.
2245 1918 2325 1981 tr.
2359 1915 2471 1979 IX.
2497 1934 2547 1979 0.
2593 1914 2652 1978 1.
2678 1934 2739 1977 11.
2776 1913 2884 1978 60.

778 2018 994 2082 Altera
1025 2038 1167 2102 pars
1192 2021 1398 2102 patet;
1420 2019 1586 2101 quia,
1613 2039 1756 2084 cum
1788 2038 2047 2102 persona
2080 2018 2280 2085 adhuc
2303 2018 2582 2083 subiecta
2605 2017 2707 2092 sit,
2733 2035 2806 2081 ea
2833 2019 2988 2080 vota
3010 2015 3145 2079 sunt

689 2120 973 2198 materia,
1011 2121 1076 2184 in
1101 2141 1286 2203 quam
1314 2121 1732 2208 directecadit
1769 2123 2045 2204 potestas
2069 2120 2375 2186 irritandi.

796 2271 943 2322 LVll.
970 2272 1019 2322 6.
1054 2271 1254 2331 Votum,
1282 2270 1342 2322 de
1368 2284 1464 2336 quo
1492 2268 1691 2323 dubium
1718 2276 1808 2334 est,
1838 2277 1998 2323 utrum
2023 2269 2242 2323 emiseris
2280 2276 2502 2336 tempore
2527 2267 2772 2332 libertatis
2796 2281 2859 2319 an
2888 2265 3140 2320 subiectio·

692 2353 782 2420 niS‚
805 2369 899 2408 non
927 2369 1070 2421 posse
1097 2354 1293 2408 irritare
1317 2354 1645 2420 superiorem,
1671 2356 1816 2408 docet
1841 2357 1980 2408 Salas
2015 2357 2056 2407 1.
2085 2356 2132 2407 2.
2160 2370 2206 2421 q.
2237 2356 2320 2407 2¹.
2349 2357 2398 2407 et
2422 2354 2614 2410 Caram.
2637 2353 2670 2407 l.
2694 2355 2746 2406 8.
2773 2366 2816 2405 0.
2847 2354 2891 2404 t.
2913 2354 2964 2404 d.
2993 2353 3034 2402 t.
3052 2350 3138 2410 Sed

688 2438 983 2492 contrarium
1026 2445 1189 2492 tenent
1227 2441 1371 2491 Suar.
1395 2439 1571 2491 Saneh.
1601 2439 1718 2490 Bon.
1747 2444 1840 2492 etc.
1866 2453 1974 2491 cum
2001 2440 2144 2516 Bard.
2173 2442 2204 2491 l.
2238 2441 2287 2492 ὃ.
2314 2453 2357 2493 0.
2387 2442 2432 2491 t.
2459 2439 2509 2506 S.
2536 2439 2621 2491 28.

748 2556 964 2631 2679..
986 2559 1307 2626 Claritatis
1345 2560 1553 2645 gratia
1591 2558 1904 2646 distingue
1936 2562 2245 2645 triplicem
2282 2582 2517 2628 casum.

872 2664 936 2725 1⁰
961 2664 1052 2727 De
1090 2663 1217 2727 filio
1244 2663 1307 2726 et
1330 2662 1414 2725 sit
1445 2661 1723 2739 dubium,
1753 2683 1830 2728 an
1856 2664 2178 2729 excesserit
2208 2665 2621 2747 pubertatem,
2656 2663 2807 2728 dum
2840 2664 3037 2728 vovit.
3069 2662 3145 2725 Et

688 2765 763 2830 de
792 2767 908 2830 hoc
939 2786 1087 2830 casu
1119 2765 1310 2830 etiam
1334 2784 1383 2828 s.
1410 2765 1593 2847 Alph.
1614 2765 1720 2829 lib.
1744 2768 1806 2830 3.
1841 2786 1901 2830 n.
1930 2769 2077 2831 229.
2113 2768 2177 2832 et
2201 2766 2668 2843 237.concedit‚
2701 2768 2948 2850 patrem
2977 2784 3143 2850 posse

685 2868 951 2946 irritare,
992 2868 1138 2949 quia
1163 2867 1465 2950 possessio
1503 2868 1633 2932 stat
1666 2888 1775 2950 pro
1809 2870 2119 2952 potestate
2155 2869 2374 2952 patris.

866 2972 936 3033 2ο
966 2971 1056 3035 De
1104 2969 1420 3053 Religioso
1468 2971 1530 3033 et
1576 2969 1662 3033 sit
1706 2970 1985 3048 dubium,
2042 2989 2119 3035 an
2174 2974 2394 3036 votum
2446 2971 2635 3037 fuerit
2672 2974 2819 3038 ante
2864 2975 2966 3038 vel
3013 2973 3146 3057 post

686 3073 1147 3158 professionem.

777 3176 836 3241 S.
865 3177 1047 3259 Alph.
1077 3197 1135 3239 11.
1165 3175 1312 3239 237.
1340 3179 1547 3260 negat,
1576 3177 1926 3258 praelatum
1955 3194 2133 3259 posse
2158 3178 2309 3242 haec
2339 3178 2490 3243 vota
2518 3177 2786 3245 irritare.
2813 3176 2936 3241 Sed
2959 3177 3142 3242 videri

688 3282 895 3365 potest
938 3279 1218 3360 quaestio
1267 3279 1529 3343 inutilis.
1578 3278 1742 3342 Nam
1789 3278 2055 3343 diximus
2101 3279 2164 3343 vi
2210 3279 2606 3362 professionis
2654 3279 2867 3344 omnia
2913 3298 3142 3362 praece·

687 3383 896 3448 dentia
945 3385 1092 3447 vota
1129 3402 1235 3466 per
1269 3382 1822 3448 commutationem
1855 3382 2165 3467 exstingui
2209 3402 2347 3462 sup.
2393 3401 2454 3446 n.
2491 3381 2640 3446 678.
2675 3380 2909 3465 Reipsa
2942 3386 3134 3448 tamen

686 3507 808 3553 non
845 3486 940 3551 est
969 3485 1237 3559 inutilis;
1273 3486 1419 3567 quia
1459 3486 1666 3567 potest
1696 3485 1836 3566 quis
1869 3504 1906 3548 a
1938 3486 2112 3550 statu
2146 3486 2437 3570 religioso
2480 3482 2734 3549 deficere
2774 3504 2850 3549 ac
2895 3482 3134 3570 proinde

687 3591 947 3674 possunt
975 3588 1336 3654 reviviscere
1366 3586 1696 3651 identidem
1728 3586 2155 3670 praecedentia
2178 3589 2346 3666 vota,
2373 3589 2448 3651 ut
2482 3586 2630 3652 ibid.
2666 3586 2961 3653 diximus.
2988 3583 3134 3667 Quid

682 3693 913 3774 itaque,
950 3691 1026 3755 ad
1058 3690 1440 3774 propositam
1478 3690 1948 3771 quaestionem?
1983 3689 2295 3754 Nimirum
2333 3689 2499 3772 quod
2528 3690 2592 3754 in
2625 3708 2752 3772 seq.
2787 3709 2851 3772 q.
2887 3690 3133 3754 dicetur.

862 3795 930 3855 3⁰
962 3794 1053 3856 De
1086 3811 1274 3856 uxore
1312 3792 1375 3855 et
1410 3791 1668 3855 dubium
1701 3792 1804 3868 sit,
1841 3811 1918 3855 an
1952 3793 2170 3856 votum
2200 3792 2390 3858 fuerit
2421 3794 2564 3856 ante
2597 3792 2695 3856 vel
2745 3794 2891 3875 post
2935 3792 3141 3857 matri·

682 3895 960 3958 monium
992 3894 1401 3959 contractum.
1504 3890 1509 3895 ’

771 3996 831 4060 S.
866 3995 1050 4078 Alph.
1083 4015 1142 4059 n.
1179 3994 1326 4056 237.
1362 3997 1569 4079 negat,
1598 3996 1800 4060 virum
1838 4015 2015 4079 posse
2046 3997 2197 4060 haec
2243 3996 2474 4062 directe
2507 3996 2784 4074 irritare3
2825 3998 2973 4082 quia
3017 3998 3133 4079 (in-

680 4102 846 4181 quit)
881 4103 1100 4164 votum
1134 4098 1230 4161 est
1260 4098 1501 4161 certum
1532 4100 1595 4161 et
1640 4099 1943 4181 possessio
1978 4098 2096 4161 viri
2127 4099 2223 4163 est
2253 4097 2462 4164 dubia.

765 4207 852 4268 At
897 4204 1163 4269 Sanchez
1196 4221 1320 4267 non
1366 4202 1719 4283 acquiescit,
1756 4204 1860 4285 qui
1899 4200 2138 4268 Moral.
2174 4204 2281 4267 lib.
2310 4205 2371 4268 4.
2407 4223 2539 4287 cap.
2574 4205 2681 4269 32.
2716 4225 2775 4270 n.
2815 4206 2873 4271 7.
2923 4210 3126 4271 contra

681 4308 917 4389 arguit3
952 4307 1096 4387 quia
1134 4305 1439 4389 possessio
1472 4323 1758 4387 praesens
1790 4300 2133 4370 voluntatis
2164 4307 2297 4371 eius
2345 4307 2580 4373 subditi
2633 4309 2731 4373 est
2761 4310 2945 4387 certa,
2993 4326 3123 4372 011111

679 4410 917 4471 certum
942 4409 1043 4485 sit,
1078 4409 1252 4472 illam
1278 4427 1409 4472 esse
1441 4406 1800 4490 coniugem:
1835 4409 2107 4492 exceptio
2147 4411 2359 4473 autem
2385 4409 2463 4473 ab
2500 4409 2611 4474 ina
2648 4412 2855 4493 quoad
2885 4431 2955 4475 ea
2985 4412 3120 4474 vota

678 4512 774 4575 est
819 4509 1004 4573 dubia
1054 4529 1124 4575 ac
1162 4509 1413 4593 proinde
1446 4506 1633 4571 dubia
1671 4512 1767 4573 est
1798 4510 2099 4592 possessio
2149 4513 2440 4576 votorum
2478 4512 2684 4594 quoad
2717 4531 2895 4578 suam
2941 4510 3118 4576 firmi-

677 4613 873 4677 tatem
902 4613 967 4675 et
995 4610 1530 4693 independentiam
1562 4630 1597 4673 a
1632 4611 1956 4676 voluntate
1985 4613 2339 4695 superioris,
2375 4615 2490 4679 aut
2514 4610 2631 4679 sub
2661 4616 2798 4681 sola
2831 4616 3111 4699 opinione.
