3497 5147
327 356 461 442 [261]
893 381 978 422 116
1017 380 1354 423 somnam.
1393 381 1477 422 An
1513 381 1726 424 nomm
1765 383 2171 426 omnmouu
2681 372 2782 425 191

329 500 358 544 6
400 478 669 563 propriis
714 476 911 556 bonis,
947 478 1021 541 ut
1067 476 1505 542 concludamus
1552 480 1755 543 multo
1802 481 2009 545 minus
2057 481 2266 545 adesse
2313 481 2779 565 obligationem,

338 581 433 646 ubi
472 580 686 664 agitur
715 580 790 643 (16
823 579 1057 643 6116616.
1099 579 1234 642 Iam
1265 578 1535 644 vidimus
1567 579 1914 645 doctrinam
1947 602 2018 646 ex
2055 601 2104 646 S.
2142 583 2382 647 Thema
2420 601 2555 665 sup.
2590 603 2648 646 n.
2677 584 2780 647 cit.

412 682 568 748 Heic
598 682 771 759 adde,
806 682 870 745 in
902 681 998 746 his
1032 680 1167 745 fieri
1207 699 1402 761 posse,
1438 682 1511 746 ut
1542 683 1905 748 scandalum
1951 703 2073 750 non
2120 685 2205 749 sit
2248 704 2413 750 mere
2445 687 2785 769 acceptum,

332 785 428 851 sed
473 784 931 867 quodammodo
981 784 1203 847 datum
1249 784 1498 865 propter
1548 785 2016 866 ignorantiam:
2048 808 2107 851 v.
2145 807 2240 871 gr.
2274 807 2418 852 cum
2462 787 2791 872 ignoratur

329 888 419 952 ius
448 886 752 972 exigentis
784 887 898 950 aut
928 905 1070 949 cum
1104 883 1341 950 exactio
1375 885 1558 950 nimis
1590 887 1744 952 dura
1796 888 2058 964 videtur,
2093 892 2169 954 ut
2204 890 2357 972 puta
2397 890 2450 954 si
2482 889 2788 972 parochus

328 991 457 1056 iura
487 989 687 1055 stolae
719 988 931 1073 exigat
962 1007 998 1051 a
1037 987 1432 1070 pauperculo.
1473 988 1547 1052 In
1585 989 1682 1053 his
1727 1009 1874 1055 sane
1921 992 2264 1057 necessaria
2295 994 2392 1057 est
2423 990 2785 1066 admonitio,

328 1111 444 1175 qua
474 1091 840 1156 scandalum
871 1090 1138 1154 sedetur.

409 1194 603 1258 Addit
632 1212 682 1258 s.
715 1193 900 1276 Alph.
941 1212 1012 1256 ex
1044 1192 1366 1276 Laymann
1413 1194 1477 1257 et
1523 1194 1682 1271 aliis,
1718 1195 1773 1258 si
1818 1215 1893 1259 66
1940 1215 2045 1279 per
2093 1198 2496 1262 monitionem
2538 1195 2788 1278 quidem

328 1299 514 1363 cesset
546 1295 906 1360 scandalum
938 1295 1154 1378 populi
1188 1296 1251 1358 et
1284 1294 1608 1360 immineat
1645 1316 1875 1382 magna
1898 1298 2161 1377 iactura,
2189 1299 2486 1382 expedire,
2521 1301 2595 1363 ut
2619 1317 2788 1382 prae-

331 1400 490 1463 latus
522 1399 814 1481 procuret
845 1416 1165 1461 assensum
1206 1395 1531 1474 Ecclesiae,
1559 1401 1633 1461 61
1665 1398 1945 1464 debitum
1968 1402 2357 1466 remittatur:
2392 1401 2539 1466 licet
2561 1401 2790 1466 subdat

331 1502 666 1587 Laymann,
694 1500 1035 1584 pensandas
1060 1519 1189 1564 esse
1214 1499 1714 1566 circumstantias
1738 1523 1810 1567 ex
1832 1503 1909 1568 iis
1942 1505 2310 1578 rationibus,
2343 1523 2499 1586 quas
2521 1503 2791 1568 vidimus

345 1606 402 1669 in
429 1624 478 1669 s.
520 1605 782 1669 Thoma.

434 1789 615 1841 Lxlx.
645 1791 691 1842 2.
724 1786 775 1840 Si
816 1786 988 1841 semina
1029 1794 1194 1840 utatur
1231 1793 1368 1839 veste
1409 1786 1538 1840 virili
1573 1788 1651 1841 vel
1692 1794 1874 1853 contra,
1918 1795 2101 1843 tantum
2143 1806 2203 1844 ex
2247 1789 2462 1853 levitate,
2506 1790 2609 1844 sine
2645 1805 2794 1857 prava

336 1873 598 1926 intentione
638 1880 717 1926 aut
748 1869 970 1938 periculo
1010 1871 1226 1926 scandali
1265 1879 1312 1924 et
1353 1870 1582 1936 libidinis,
1611 1873 1802 1926 veniale
1845 1881 2028 1927 tantum
2067 1874 2176 1939 erit,
2206 1874 2327 1928 alias
2365 1878 2584 1938 mortale,
2613 1878 2794 1929 nullum

343 1971 476 2020 vero,
503 1956 546 2010 si
569 1971 631 2011 ex
656 1957 961 2010 necessitate.
994 1956 1133 2010 Dian.
1159 1973 1205 2023 p.
1234 1959 1284 2010 ὃ.
1313 1964 1376 2009 tr.
1400 1958 1449 2009 7.
1484 1972 1526 2010 r.
1553 1959 1641 2011 32.
1666 1972 1728 2011 ex
1756 1974 1795 2012 6.
1824 1962 1918 2013 Th.
1944 1963 2048 2024 Syl.
2073 1968 2165 2014 etc.

416 2086 574 2159 261.
609 2089 932 2154 Resolutio
967 2090 1079 2164 est,
1116 2107 1248 2152 esse
1282 2089 1567 2167 mortale,
1601 2090 1657 2153 si
1694 2109 1766 2153 ex
1797 2089 2049 2155 libidine
2074 2092 2219 2157 fiat:
2257 2092 2515 2170 veniale,
2543 2094 2797 2159 6161116-

328 2191 557 2256 vitate:
594 2191 857 2268 nullum,
899 2190 950 2253 si
986 2210 1058 2253 ex
1091 2191 1476 2254 necessitate.
1516 2190 1574 2254 S.
1617 2191 1838 2256 Thom.
1868 2194 1927 2255 2.
1957 2195 2016 2256 2.
2052 2213 2109 2276 q.
2149 2194 2295 2259 169.
2332 2197 2449 2260 art.
2488 2196 2548 2259 2.
2584 2196 2660 2260 ad
2696 2197 2793 2260 3.:

332 2319 366 2353 ι
397 2292 626 2360 Cultus
659 2293 925 2357 exterior
967 2292 1152 2356 debet
1189 2295 1532 2376 competere
1566 2294 1907 2358 conditioni
1936 2316 2231 2379 personae
2270 2298 2605 2362 secundum
2636 2319 2798 2365 com·

324 2417 574 2462 munem
608 2396 1138 2462 consuetudinem.
1175 2396 1255 2458 Et
1283 2396 1419 2460 ideo
1454 2396 1526 2460 de
1558 2415 1621 2460 se
1656 2397 1954 2461 vitiosum
1987 2400 2099 2474 est,
2128 2398 2291 2481 quod
2323 2400 2545 2464 mulier
2578 2403 2799 2482 utatur

327 2504 491 2564 veste
523 2499 695 2563 virili
731 2500 845 2562 aut
876 2518 907 2562 e
940 2516 1237 2562 converso
1272 2500 1335 2561 et
1354 2500 1710 2579 praecipue,
1745 2499 1891 2582 quia
1925 2500 2042 2563 hoc
2078 2501 2286 2583 potest
2324 2520 2454 2565 esse
2488 2522 2675 2566 causa
2712 2504 2800 2568 la-

327 2603 548 2668 sciviae
582 2604 651 2667 et
684 2600 1033 2684 specialiter
1084 2601 1445 2681 prohibetur
1489 2602 1552 2666 in
1600 2602 1738 2686 lege
1772 2604 1956 2667 Dent.
2001 2603 2203 2667 XXII.
2226 2606 2323 2668 5.:
2359 2606 2506 2688 quia
2536 2606 2799 2690 gentiles

328 2706 438 2770 tali
465 2705 823 2770 mutatione
857 2703 1111 2767 habitus
1143 2703 1482 2766 utebantur
1507 2703 1585 2766 ad
1609 2705 2001 2770 idololatriae
2027 2707 2551 2789 superstitionem.
2581 2709 2804 2773 Potest

323 2809 532 2872 tamen
574 2805 949 2889 quandoque
979 2806 1096 2869 hoc
1126 2805 1265 2868 fieri
1296 2806 1427 2869 6166
1459 2807 1708 2887 peccato
1741 2809 1993 2891 propter
2040 2807 2316 2890 aliquam
2348 2810 2798 2889 necessitatem,

323 2911 419 2976 vel
449 2929 649 2975 cansa
679 2927 745 2973 se
779 2908 1129 2973 occultandi
1178 2908 1254 2971 ab
1303 2908 1606 2986 hostibus,
1641 2909 1740 2973 vel
1790 2912 2042 2993 propter
2079 2911 2386 2976 defectum
2423 2914 2796 2992 vestimenti,

323 3014 416 3077 vel
451 3014 714 3097 propter
753 3011 923 3076 aliud
963 3009 1324 3074 huiusmodi
1356 3035 1418 3074 ».

407 3113 470 3181 S.
507 3116 813 3189 Thomas,
848 3113 999 3177 dum
1033 3112 1186 3178 dicit
1207 3113 1561 3194 praecipue,
1594 3114 1800 3179 innuit
1830 3133 1903 3180 ex
1934 3115 2073 3180 aliis
2106 3117 2311 3181 causis
2344 3136 2521 3200 posse
2554 3136 2683 3183 esse
2715 3118 2802 3182 vi-

324 3218 585 3282 tiosum.
625 3216 710 3280 Et
741 3216 943 3298 reipsa
975 3215 1260 3279 indecens
1298 3218 1411 3292 est,
1448 3215 1611 3297 quod
1659 3217 1831 3280 nulla
1880 3221 2141 3302 urgente
2164 3238 2352 3283 causa
2385 3220 2609 3285 mulier
2636 3239 2802 3285 men-

322 3320 526 3385 tiatur
558 3338 633 3384 se
666 3317 890 3394 virum,
930 3318 1045 3381 aut
1077 3317 1172 3381 vir
1204 3317 1546 3382 mulierem.

405 3420 715 3488 Ceterum
746 3420 866 3483 huc
900 3419 1163 3484 materia
1184 3419 1308 3482 ista
1341 3421 1581 3502 spectat
1612 3422 1837 3499 solum,
1875 3425 2182 3505 quatenus
2214 3424 2365 3487 haec
2395 3425 2667 3490 mutatio
2692 3444 2803 3490 seu

321 3627 563 3692 sionem
619 3624 894 3709 praebet.

408 3728 598 3809 Quod
636 3745 784 3792 vero
812 3726 1080 3802 additur,
1109 3725 1346 3789 veniale
1372 3745 1521 3804 6666,
1549 3727 1603 3791 61
1634 3728 1746 3792 fiat
1780 3749 1851 3793 ex
1882 3747 2050 3793 mera
2081 3728 2339 3793 levitate
2365 3729 2648 3812 absitque
2674 3731 2806 3796 tam

316 3832 703 3897 scandalum
735 3848 924 3911 quam
961 3827 1224 3893 intentio
1258 3829 1373 3892 aut
1401 3829 1744 3911 periculum
1783 3830 2074 3905 libidinis,
2109 3849 2230 3895 non
2260 3832 2353 3897 ita
2387 3832 2810 3916 accipiendum

316 3938 434 4013 est,
463 3936 545 4000 ut
576 3933 918 3998 damnetur
948 3949 1174 4007 severe,
1202 3930 1257 3995 si
1306 3932 1552 4012 quando
1584 3953 1657 3997 ex
1688 3934 1824 3999 ioco
1856 3933 2005 3998 fiat:
2041 3953 2183 4000 cum
2214 3937 2279 4000 et
2308 3936 2481 4001 iocus
2512 3938 2810 4002 honestus

317 4056 454 4102 esse
503 4035 737 4120 possit.
787 4033 952 4097 Bene
999 4033 1322 4117 Laymann
1370 4032 1445 4096 de
1499 4032 1700 4097 Carit.
1729 4055 1862 4119 cap.
1895 4037 1995 4100 13.
2044 4037 2107 4101 in
2140 4037 2267 4101 fin.:
2301 4039 2492 4103 vestis
2538 4040 2810 4103 mutatio

327 4164 362 4197 <
394 4159 510 4224 per
560 4156 632 4202 se
665 4154 787 4200 non
836 4136 932 4215 est
967 4137 1318 4219 peccatum:
1353 4136 1459 4200 sed
1506 4138 1675 4204 iusta
1707 4158 1895 4203 66666
1934 4140 2325 4205 cohonestari
2360 4142 2588 4225 potest,
2624 4162 2681 4207 v.
2715 4162 2810 4231 gr.

318 4240 382 4307 in
431 4237 788 4308 comoediis
826 4263 887 4300 ».
929 4236 1107 4318 Quod
1140 4257 1284 4304 vero
1316 4238 1639 4325 Laymann
1686 4240 1880 4320 addit,
1921 4243 2158 4308 veniale
2199 4262 2329 4308 esse
2360 4263 2432 4308 ex
2468 4264 2517 4308 s.
2552 4244 2811 4323 Thoma,

320 4344 372 4407 si
419 4344 542 4407 fiat
593 4360 674 4405 ex
718 4339 996 4415 levitate,
1047 4340 1108 4403 id
1157 4360 1206 4403 s.
1260 4341 1530 4406 Thomas
1578 4362 1699 4407 non
1747 4344 1954 4422 habet,
2005 4348 2067 4408 et
2114 4345 2167 4408 si
2212 4346 2435 4411 levitas
2482 4346 2561 4410 ad
2606 4347 2814 4414 iocum

321 4444 667 4520 referatur,
719 4441 882 4508 idem
933 4441 1195 4508 dicimus
1241 4462 1312 4507 ac
1362 4443 1435 4509 de
1481 4445 1836 4513 comoediis.
