3497 5147
406 319 554 396 [973]
940 330 1021 373 Au
1060 330 1139 370 m·
1173 301 1419 378 QtJAN‘rA
1458 331 1729 374 vncos-ra
1767 335 1899 376 surr
1936 337 2167 382 oscum
2202 344 2332 385 mo.
2745 335 2850 389 719

1392 507 1570 576 Unde
1614 509 1897 576 resolves.

518 675 593 726 ln.
626 676 675 725 l.
710 673 904 736 Oscula,
931 672 1203 736 amplexus,
1229 676 1473 737 aspectuS,
1503 677 1663 724 tactus
1702 678 1750 723 et
1789 670 1967 724 similia
2005 672 2046 725 si
2085 681 2225 726 extra
2262 674 2620 728 matrimonium
2650 677 2778 736 flant,
2804 690 2866 730 ex

410 757 678 811 intentione
718 764 856 810 actus
894 754 1151 819 luxuriosi,
1185 757 1261 808 vel
1288 757 1354 808 ol)
1381 754 1756 809 delectationem
1786 769 2060 819 veneream,
2090 756 2277 810 etiamsi
2305 772 2398 811 non
2425 756 2558 810 illam
2587 760 2863 824 perlectam,

411 856 535 908 quae
573 849 649 896 est
685 841 733 895 in
772 840 1111 903 seminatione,
1153 847 1266 893 sunt
1303 846 1463 893 maten
1501 853 1695 906 semper
1732 847 1931 907 peccata
1970 840 2211 906 mortalia;
2254 841 2365 907 quia
2411 855 2470 895 eo
2512 840 2687 903 animo,
2726 849 2870 896 extra

413 926 793 991 illatrimoiiium‚
814 933 926 979 sunt
950 923 1193 992 impudica
1221 930 1268 982 et
1294 930 1467 978 natura
1485 938 1573 978 sua
1599 923 1711 978 talis
1736 923 2001 979 delectatio
2025 924 2182 978 tendit
2198 927 2259 978 ad
2287 924 2568 993 perlectam.
2593 924 2703 978 Fill.
2727 931 2762 977 t.
2783 927 2867 980 30.

409 1028 451 1065 c.
480 1015 527 1067 9.
557 1026 687 1065 num.
725 1010 836 1063 m.
865 1012 1002 1064 Less.
1027 1011 1060 1064 l.
1091 1009 1139 1062 4.
1165 1023 1209 1061 c.
1237 1010 1285 1061 3.
1313 1011 1361 1060 d.
1391 1011 1439 1063 8.
1468 1011 1687 1062 Sanchez
1712 1009 1745 1064 l.
1775 1010 1823 1062 9.
1850 1011 1898 1063 d.
1928 1009 2012 1063 46.
2037 1007 2191 1064 ¹*Hinc
2220 1009 2493 1077 proscripta
2530 1017 2604 1064 est
2643 1008 2867 1078 opposita

412 1096 577 1163 opinio
618 1099 678 1149 ab
719 1098 858 1147 Alex.
888 1094 993 1147 vll.
1025 1095 1223 1161 Propos.
1254 1094 1337 1146 40.
1365 1091 1395 1124 *

503 1217 679 1293 972.
715 1219 844 1285 Sub
873 1221 1137 1285 termino
1175 1219 1415 1285 similia
1444 1220 1723 1306 intellige
1747 1222 1934 1290 verba
1961 1222 2241 1300 obscena,
2267 1222 2648 1304 colloquium
2670 1226 2871 1308 turpe,

412 1325 744 1392 lectionem
774 1324 863 1390 rei
901 1323 1123 1406 turpis.

501 1428 695 1494 Porro
728 1445 802 1492 ex
831 1425 1014 1498 dictis
1061 1427 1230 1492 clara
1277 1427 1373 1491 est
1418 1427 1739 1492 resolutio.
1774 1427 1949 1498 Duas
1996 1429 2268 1493 rationes
2315 1427 2569 1494 subiicit
2597 1427 2697 1504 A„
2730 1430 2877 1511 quia

415 1533 592 1595 actus
640 1531 788 1594 sunt
833 1528 1147 1612 impudici,
1198 1529 1259 1592 h.
1300 1548 1350 1594 e.
1402 1528 1877 1595 delectationem
1923 1548 2246 1598 veneream
2293 1531 2602 1613 quaerunt
2663 1533 2878 1596 contra

415 1635 649 1699 rectam
681 1633 992 1700 rationem
1020 1633 1087 1698 et
1116 1632 1265 1714 quia
1304 1635 1530 1698 natura
1569 1652 1683 1698 sua
1723 1633 1871 1698 talis
1919 1633 2282 1699 delectactio
2320 1633 2522 1699 tendit
2570 1633 2648 1698 ad
2696 1634 2882 1716 perfe-

413 1741 602 1817 ctam,
650 1757 811 1821 quae
856 1740 953 1808 est
998 1739 1062 1804 in
1108 1739 1402 1806 effusione
1449 1738 1719 1806 seminis.
1757 1739 1927 1804 Haec
1973 1739 2173 1805 altera
2217 1740 2404 1816 ratio,
2445 1742 2518 1805 ut
2564 1740 2690 1804 alia
2726 1740 2880 1805 sita

417 1842 638 1925 priore,
673 1842 921 1923 oportet
950 1841 1025 1906 ut
1060 1840 1184 1905 sita
1216 1841 1301 1905 sit
1331 1839 1395 1905 in
1428 1841 1702 1924 periculo
1741 1841 2049 1925 perfectae
2079 1840 2529 1918 delectationiS,
2562 1842 2664 1906 cui
2693 1841 2880 1906 homo

413 1965 483 2012 se
526 1944 797 2028 exponit.
847 1943 1082 2012 Verum
1127 1943 1278 2010 haec
1323 1944 1732 2009 consideratio
1794 1944 1991 2012 officit
2050 1944 2354 2021 claritati3
2404 1944 2882 2011 commiscentur

414 2049 583 2116 enim
608 2047 899 2114 diversae
915 2046 1340 2129 quaestiones:
1368 2066 1530 2111 nunc
1555 2047 1768 2113 autem
1805 2048 1869 2114 in
1902 2047 2028 2113 ista
2049 2047 2258 2114 Resol.
2293 2047 2653 2130 spectantur
2677 2047 2882 2116 solum

418 2148 777 2217 huiusmodi
810 2151 986 2214 actus
1019 2150 1207 2231 prout
1238 2148 1440 2230 (extra
1471 2149 1945 2214 matrimonium
1977 2149 2223 2233 utique)
2255 2168 2327 2213 ex
2349 2148 2692 2214 intentione
2722 2149 2883 2214 fiunt

419 2270 710 2317 venereae
758 2250 1205 2317 delectationis.
1240 2251 1411 2316 Haec
1458 2251 1620 2316 ratio
1668 2252 1824 2316 satis
1858 2253 1970 2329 est,
2004 2253 2078 2316 ut
2111 2253 2363 2334 peccata
2400 2251 2529 2316 sint
2566 2251 2879 2317 mortalia.

418 2353 513 2422 Cf.
547 2375 605 2419 n.
649 2355 708 2419 9.
744 2354 794 2418 I.
835 2355 917 2420 ΙΙ.
968 2354 1111 2422 Huc
1157 2355 1400 2438 proprie
1447 2354 1689 2439 spectat
1733 2372 1907 2437 prop.
1943 2355 2049 2418 40.
2098 2353 2445 2438 proscripta
2493 2354 2572 2419 ab
2616 2353 2882 2418 Alexan-

406 2458 530 2525 dro
564 2457 706 2523 VH.
741 2457 1024 2540 superius
1056 2477 1118 2524 n.
1161 2457 1310 2524 966.
1345 2457 1624 2523 recitata.

529 2602 615 2655 lV.
644 2601 691 2652 2.
721 2601 866 2653 Tales
903 2606 1041 2653 actus
1079 2607 1189 2653 sunt
1227 2599 1445 2654 eiusdem
1486 2609 1687 2654 naturae
1715 2614 1824 2653 eum
1866 2600 2095 2667 perlectis
2133 2600 2239 2654 sive
2264 2599 2642 2654 consummatis:
2673 2598 2883 2666 ideoque

412 2685 467 2738 in
504 2682 809 2738 comesione
845 2681 1206 2748 explicandum,
1237 2692 1398 2737 utrum
1423 2684 1519 2737 sint
1558 2683 1713 2738 habiti
1750 2696 1862 2737 cum
1900 2683 2048 2737 simili
2084 2698 2205 2737 sexu
2233 2698 2294 2737 an
2332 2684 2551 2752 diverso,
2577 2698 2687 2737 cum
2729 2682 2883 2738 libera

422 2784 482 2824 an
518 2768 792 2833 coniugam,
818 2773 1041 2834 cognata,
1068 2782 1275 2836 persona
1313 2783 1451 2823 sacra
1489 2776 1582 2823 etc.
1615 2772 1753 2825 Less.
1780 2771 1828 2823 d.
1860 2770 1940 2823 ⁴5.
1968 2771 2146 2824 Sancli.
2173 2771 2205 2823 l.
2242 2771 2285 2823 l.
2311 2784 2356 2824 e.
2384 2772 2432 2823 Ξ.

511 2887 682 2961 973.
720 2890 1017 2957 Doctrina
1050 2890 1184 2954 heic
1219 2890 1451 2954 tradita
1487 2892 1564 2954 ab
1587 2892 1662 2955 A.
1688 2910 1761 2956 ea
1788 2893 1900 2968 est,
1929 2909 2118 2973 quam
2144 2889 2424 2956 dedimus
2450 2910 2551 2956 nn.
2581 2892 2731 2955 970.
2758 2909 2883 2972 seq.

420 2995 644 3060 Dicens
678 2994 912 3060 scilicet
942 2994 1102 3059 tales
1130 2996 1306 3058 actus
1340 2992 1614 3057 eiusdem
1639 3014 1769 3060 esse
1795 2995 2056 3059 naturae
2081 3015 2223 3060 cum
2255 2994 2561 3078 perfectiS,
2586 2994 2888 3079 intelligit

414 3096 582 3172 illos,
617 3099 868 3180 propter
914 3096 1266 3161 naturalem
1316 3095 1610 3171 ordinem,
1645 3116 1830 3178 quem
1877 3098 2108 3163 habent
2142 3096 2220 3161 ad
2251 3097 2572 3180 perfectos,
2606 3096 2768 3160 inter
2800 3116 2888 3161 se-

418 3200 586 3282 ipsos
633 3199 873 3265 differre
919 3200 1136 3282 specie,
1189 3196 1710 3281 quemadmodum
1774 3200 1934 3264 inter
1983 3220 2047 3265 se
2093 3199 2386 3264 differunt
2443 3198 2728 3281 perfecti:
2778 3199 2887 3280 qui

421 3322 636 3367 sensus
675 3304 851 3387 patet
881 3322 952 3366 ex
999 3302 1406 3377 conclusione,
1443 3319 1632 3383 quam
1665 3301 1739 3364 A.
1775 3302 2036 3387 colligit.
2079 3302 2236 3367 Cum
2284 3302 2480 3387 igitur
2528 3302 2704 3364 actus
2751 3319 2888 3383 per-

422 3406 568 3468 fecti
606 3405 870 3488 speciem
917 3423 1115 3477 suam,
1158 3421 1279 3484 qua
1328 3402 1637 3475 differunt,
1688 3407 1943 3468 sumant
1992 3406 2069 3468 ab
2118 3406 2356 3471 obiecto
2406 3406 2594 3488 prout
2638 3403 2699 3466 in
2750 3420 2888 3466 con-

424 3508 591 3571 creto
640 3526 781 3570 cum
829 3504 957 3568 suis
1005 3504 1489 3569 circumstantiis
1538 3504 1800 3582 exsistit,
1848 3504 2013 3568 idem
2061 3507 2227 3571 etde
2266 3507 2362 3573 his
2397 3507 2638 3572 actibus
2668 3505 2888 3587 imper·

407 3608 601 3671 ‘fectis
634 3607 958 3672 dicendum
984 3607 1135 3681 erit3
1164 3626 1309 3671 nam
1340 3609 1405 3671 et
1433 3606 1555 3689 ipsi
1594 3606 1906 3671 obiectum
1930 3607 1992 3670 in
2024 3614 2307 3675 concreto
2334 3611 2675 3695 attingunt,
2704 3610 2890 3692 prout

422 3710 555 3774 suis
589 3710 1074 3774 circumstantiis
1105 3710 1407 3774 vestitum
1439 3711 1553 3774 est.

514 3813 753 3877 Verum
790 3813 923 3877 heic
955 3815 1236 3895 quaestio
1273 3815 1491 3897 sponte
1532 3812 1767 3877 oritur:
1819 3831 1895 3875 an
1946 3810 2181 3875 scilicet
2213 3810 2275 3874 id
2308 3812 2381 3877 de
2416 3817 2700 3880 omnibus
2749 3833 2893 3879 enu-

425 3917 681 3981 meratis
709 3916 951 3982 actibus
975 3916 1350 4001 imperfectis
1383 3916 1609 3991 valeat,
1640 3935 1717 3980 an
1752 3915 1958 3980 solum
1982 3913 2055 3978 de
2082 3913 2414 3995 aliquibus.
2443 3915 2686 3981 Etenim
2713 3916 2891 3981 facile

425 4020 805 4097 admittitur,
840 4020 999 4084 hanc
1037 4019 1381 4084 doctrinam
1413 4019 1619 4083 valere
1649 4019 1713 4082 in
1765 4018 2013 4095 osculiS,
2049 4015 2451 4100 amplexibus,
2485 4019 2793 4081 tactibus:
2823 4021 2891 4082 at

423 4122 761 4188 difficultas
799 4126 895 4187 est
930 4122 999 4186 1⁰
1029 4121 1191 4186 circa
1224 4123 1530 4205 aspectus,
1566 4140 1721 4204 quos
1761 4123 1834 4186 A.
1883 4122 1948 4185 in
1998 4119 2203 4186 Resol.
2259 4115 2325 4183 1·
2356 4119 2576 4183 ceteris
2607 4119 2894 4184 adnume-

416 4227 604 4291 ravit.
661 4224 1085 4309 Supponimus
1133 4224 1382 4307 quidem
1429 4242 1531 4289 eos
1586 4244 1658 4289 ex
1710 4223 2056 4290 intentione
2111 4241 2404 4288 venereae
2460 4220 2893 4286 delectationis

423 4328 640 4393 haberi
664 4330 777 4393 aut
808 4326 1181 4391 continuari.
1222 4325 1519 4405 Quamvis
1558 4328 1832 4409 quidam,
1872 4346 2030 4410 quos
2061 4345 2111 4392 s.
2161 4325 2518 4408 Alphonsus
2563 4324 2772 4401 refert,
2808 4323 2895 4388 af·

426 4427 810 4495 firmaverint
850 4430 1137 4513 aspectus
1171 4431 1383 4511 turpes
1420 4428 1688 4506 induere,
1724 4447 1846 4494 non
1895 4449 2069 4496 secus
2117 4448 2190 4493 ac
2241 4430 2469 4505 tactuS,
2505 4427 2768 4511 speciem
2815 4427 2894 4491 ab

430 4530 669 4597 obiecto
702 4535 893 4617 prout
927 4551 992 4597 se
1031 4531 1225 4595 habet
1250 4531 1313 4594 in
1352 4532 1636 4596 concrete
1668 4552 1812 4597 cum
1858 4534 1988 4599 suis
2019 4531 2527 4609 circumstantiis
2562 4533 2636 4596 ut
2666 4530 2892 4596 ideirco
