3497 5147
388 346 533 416 [962]
939 346 945 353 ’
1064 357 1214 405 Qum
1252 358 1331 398 m·
1364 354 1729 405 QUOTUPLEX
1769 355 1862 398 srr
1898 355 2179 401 mxuma
2750 345 2852 400 711

387 457 692 522 damnata
738 455 816 520 ab
860 453 1209 519 Alexandro
1254 454 1400 518 VII.
1448 474 1508 518 n.
1553 455 1678 532 2Ο.,
1729 454 2064 537 postquam
2111 453 2285 532 dixit,
2329 473 2464 518 eam
2508 456 2575 519 in
2622 474 2686 520 se
2733 475 2857 521 non

390 578 519 625 esse
548 556 783 622 malam
815 575 926 620 nec
959 553 1149 619 aliam
1184 556 1498 620 malitiam
1529 556 1593 619 in
1627 575 1697 620 ea
1728 556 1984 639 reperiri
2021 574 2220 640 posse,
2255 556 2374 620 nisi
2406 575 2564 638 quae
2611 575 2862 641 genera-

390 661 507 728 tim
554 661 640 727 sit
684 661 749 724 in
783 662 948 736 actu,
990 658 1100 740 qui
1147 657 1224 722 ad
1270 658 1454 722 finem
1514 658 1948 744 rationabilem
2011 677 2135 724 non
2195 657 2520 736 referatur,
2568 660 2863 724 lectorem

390 765 662 832 remittit
707 762 786 829 ad
816 784 876 828 n.
914 763 1064 826 210.
1106 761 1380 826 eiusdem
1425 761 1589 838 libri,
1626 760 1727 824 ubi
1767 761 1840 825 de
1871 760 1993 825 fine
2033 763 2169 846 agit
2201 762 2378 826 actus
2425 761 2732 825 humanos
2769 780 2866 825 co-

393 871 790 935 honestante:
831 864 997 949 quod
1042 866 1255 928 tamen
1303 863 1743 948 argumentum
1791 881 1915 927 non
1962 864 2114 927 bene
2161 864 2317 928 satis
2373 865 2599 938 versat,
2649 862 2865 927 confu-

393 971 596 1036 siones
643 969 880 1034 scilicet
925 965 990 1031 in
1038 967 1197 1030 hanc
1241 965 1574 1030 materiam
1622 985 1659 1028 a
1706 965 2083 1030 iansenianis
2129 964 2417 1030 inductas
2450 984 2572 1030 non
2618 965 2869 1049 penitus

393 1072 675 1137 devitans
712 1094 774 1134 ».

483 1170 654 1244 962.
703 1197 737 1230 «
775 1169 1068 1236 Ceterum
1117 1188 1259 1234 cum
1292 1188 1363 1234 ea
1400 1169 1832 1235 delectationis
1852 1190 2017 1250 pare
2053 1169 2376 1234 sensibilis
2403 1189 2515 1235 seu
2547 1169 2869 1233 natutale‘s

396 1277 480 1343 sit
545 1276 802 1351 indoleS‚
869 1293 1059 1356 quam
1121 1272 1409 1350 diximuS,
1469 1272 1699 1338 mirum
1768 1273 1929 1338 forte
1964 1272 2295 1352 videbitur,
2354 1274 2518 1356 quod
2565 1293 2614 1337 s.
2676 1273 2864 1355 Alph.

394 1402 454 1446 n.
483 1381 633 1444 416.
669 1377 963 1443 distincta
994 1396 1251 1441 venerea
1299 1375 1726 1453 delectatione,
1762 1376 1835 1440 de
1894 1396 2017 1459 qua
2057 1397 2116 1441 n.
2151 1378 2427 1462 praeced.
2477 1378 2778 1460 disputat,
2831 1394 2868 1440 a

397 1482 671 1549 sensibili
716 1480 845 1545 sive
876 1478 1174 1556 naturali,
1223 1479 1652 1561 quaestionem
1699 1479 2025 1543 instituat:
2060 1498 2148 1543 an
2194 1479 2377 1542 detur
2395 1479 2690 1559 parvitas
2737 1499 2870 1542 ma-

401 1586 590 1649 teriae
636 1584 706 1647 in
751 1580 1154 1645 delectatione
1194 1579 1482 1645 sensibili
1510 1581 1637 1644 eive
1662 1581 1950 1644 naturali
1979 1581 2264 1662 quodque
2298 1581 2504 1655 addat,
2538 1580 2869 1646 tenendam

397 1705 526 1752 esse
573 1684 945 1750 sententiam
994 1684 1345 1767 negantem,
1388 1681 1694 1747 advocans
1734 1683 1799 1746 in
1847 1701 1983 1746 eam
2034 1683 2405 1768 suffragium
2437 1684 2712 1767 plurium
2763 1702 2869 1747 au-

396 1790 661 1866 ctorum‚
699 1806 857 1870 quos
890 1806 926 1850 a
974 1784 1567 1850 Salmanticensibus
1621 1786 1664 1850 l.
1722 1805 1774 1850 c.
1823 1805 1883 1849 n.
1925 1787 2032 1850 40.
2078 1786 2384 1871 allegatos
2422 1785 2591 1850 dicit.
2649 1785 2870 1850 Nonne

400 1892 611 1974 aliqua
656 1891 880 1954 saltem
936 1888 1255 1953 distinctio
1318 1887 1664 1952 adhibenda
1711 1889 1893 1951 erat?
1941 1886 2192 1953 Scilicet
2240 1906 2422 1973 aegre
2469 1889 2607 1970 quis
2654 1907 2872 1951 verum

399 2013 447 2059 s.
482 1994 667 2077 Alph.
702 2008 953 2056 sensum
980 1989 1362 2072 assequetur,
1398 1989 1516 2053 nisi
1542 1988 2059 2054 Salmanticenses
2099 1992 2299 2069 adeat,
2335 2009 2601 2074 quorum
2650 1990 2874 2054 doctri-

398 2115 545 2161 nam
591 2115 640 2160 s.
682 2094 919 2159 Doctor
963 2091 1323 2175 compendio
1362 2092 1626 2156 exhibet.
1662 2090 2179 2156 Salmanticenses
2217 2094 2429 2175 itaque
2467 2112 2586 2157 non
2620 2092 2693 2156 de
2726 2111 2874 2174 qua-

398 2198 553 2264 libet
599 2195 875 2262 sensibili
920 2194 1330 2260 delectatione
1362 2195 1659 2272 tractant‚
1695 2194 1801 2258 sed
1838 2213 2117 2277 expresse
2164 2196 2591 2276 quaestionem
2625 2196 2871 2280 agitant

401 2301 473 2366 de
505 2320 598 2374 ea,
633 2319 792 2383 quae
841 2300 1180 2381 quaeratur
1213 2316 1284 2362 ex
1336 2297 1582 2374 osculiS,
1632 2296 1907 2361 tactibus
1955 2298 2018 2361 et
2065 2297 2449 2380 amplexibus
2496 2299 2686 2362 etiam
2735 2318 2873 2381 per-

404 2422 591 2469 sonae
639 2400 891 2466 adultae
937 2401 1000 2465 et
1045 2400 1273 2464 diversi
1311 2418 1510 2465 sexus.
1546 2397 1639 2464 Of.
1687 2401 1731 2464 1.
1782 2420 1833 2465 c.
1883 2419 1943 2463 n.
1996 2401 2101 2463 34.
2135 2399 2218 2464 Et
2262 2399 2411 2464 licet
2454 2399 2602 2464 ibid.
2652 2421 2711 2464 n.
2763 2403 2868 2464 41.

408 2505 708 2584 asserant,
755 2501 1128 2585 speculative
1164 2522 1373 2566 veram
1420 2508 1481 2566 et
1512 2502 1905 2583 probabilem
1951 2501 2301 2583 opinionem
2347 2521 2495 2582 esse,
2523 2502 2691 2584 quod
2718 2503 2874 2566 eius·

404 2609 571 2674 modi
614 2612 811 2682 actua,
859 2607 918 2670 si
961 2605 1127 2686 fiant
1156 2606 1445 2685 praecise
1476 2606 1550 2669 ob
1583 2605 2049 2670 delectationem
2078 2604 2437 2669 naturalem
2470 2608 2533 2668 et
2546 2625 2712 2685 pure
2743 2625 2877 2668 sen—

402 2713 674 2785 sitivam,
707 2728 868 2791 quae
913 2708 1130 2772 sensui
1161 2710 1363 2772 taetus
1399 2708 1838 2789 correspondet
1858 2708 1930 2771 ob
1968 2708 2435 2789 proportionem
2478 2727 2618 2771 cam
2646 2706 2877 2771 obiecto

405 2812 711 2888 sensibili,
758 2809 1034 2875 metendo
1077 2809 1172 2872 ibi
1216 2814 1278 2873 et
1317 2808 1555 2874 secluso
1601 2811 1925 2875 ulterioris
1955 2809 2242 2892 periculo
2287 2808 2714 2875 delectationis
2743 2830 2877 2874 car-

406 2917 580 2982 nalis
626 2921 687 2980 et
728 2933 1042 2987 venereae,
1092 2917 1320 2976 meant
1363 2912 1548 2992 eulpa
1592 2914 1882 2992 mortali,·
1928 2915 2080 2995 quia
2130 2913 2280 2976 talis
2323 2912 2645 2978 delectatio
2691 2933 2768 2978 ex
2814 2932 2878 2977 se

404 3042 529 3085 non
577 3025 672 3083 est
713 3017 1038 3082 moraliter
1082 3016 1275 3089 mala,
1323 3014 1437 3080 sed
1477 3014 1849 3093 indifferens
1878 3037 2006 3081 non
2052 3036 2225 3081 secus
2269 3017 2499 3097 acipse
2524 3021 2742 3094 taetus,
2770 3018 2880 3097 qni

408 3124 655 3187 ratione
702 3121 804 3185 sui
848 3120 1137 3184 nominat
1194 3124 1399 3182 aetum
1463 3117 1940 3195 melfia-enim,
1987 3125 2061 3183 ut
2104 3118 2278 3183 docet
2323 3137 2371 3183 s.
2426 3119 2647 3183 Thom.
2700 3121 2760 3181 2.
2813 3122 2873 3183 2.

402 3246 460 3309 q.
508 3226 655 3290 154.
691 3243 747 3288 a.
789 3224 850 3286 4.
902 3227 963 3286 et
1005 3223 1410 3285 communiter
1458 3220 1778 3302 Theoloyi,
1813 3224 1874 3282 et
1916 3222 2006 3283 sie
2052 3222 2200 3301 fieri
2230 3225 2441 3303 potest
2484 3221 2557 3284 ob
2604 3220 2877 3301 aliquem

404 3328 599 3408 finem
643 3324 963 3387 honestam
984 3345 1005 3385 .-
1052 3325 1331 3386 attamen
1362 3322 1587 3388 merito
1619 3322 1896 3386 subdunt
1926 3320 2074 3386 ibid.
2109 3343 2167 3388 n.
2203 3326 2332 3403 48„
2368 3323 2532 3407 quod
2565 3342 2705 3387 cum
2732 3341 2878 3404 pro-

404 3433 543 3513 pter
590 3425 1050 3507 corruptionem
1096 3426 1406 3488 humanae
1454 3427 1715 3489 naturae
1788 3425 2090 3489 eiusmodi
2140 3429 2316 3491 actus
2381 3428 2482 3492 vix
2528 3426 2744 3491 deduci
2810 3425 2876 3489 in

405 3530 647 3613 praxim
703 3528 781 3593 ob
835 3525 1310 3590 delectationem
1351 3526 1711 3590 sensitivam
1761 3527 2020 3610 possint,
2063 3527 2213 3608 quin
2260 3531 2674 3614 coniungatur
2721 3524 2878 3590 dele·

409 3632 605 3696 ctatio
654 3629 919 3693 carnalis
954 3646 1023 3692 ac
1069 3646 1346 3704 venerea,
1404 3627 1627 3691 idcirco
1675 3628 1802 3692 fere
1849 3627 2088 3692 suberit
2136 3630 2375 3694 occasio
2425 3650 2496 3694 ac
2533 3628 2878 3715 periculum

409 3732 648 3818 peccati
692 3729 999 3805 mortalis,
1033 3730 1154 3796 nisi
1199 3730 1371 3795 iusta
1419 3746 1607 3794 causa
1640 3730 1791 3793 haec
1836 3730 1992 3793 fiant
2037 3754 2099 3792 ».
2133 3727 2381 3793 Scilicet
2432 3731 2756 3813 loquentes
2804 3733 2877 3796 de

409 3834 817 3901 delectatione
865 3832 1158 3911 sensibili,
1200 3852 1358 3915 qnae
1404 3832 1467 3896 in
1502 3832 1676 3915 praxi
1721 3832 1824 3896 vix
1858 3831 2100 3916 seiungi
2147 3832 2355 3913 potest
2387 3850 2422 3894 a
2469 3833 2876 3900 delectatione

408 3938 662 4015 carnali,
688 3937 763 4000 de
793 3937 963 4001 certa
995 3935 1264 4019 quadam
1296 3935 1703 4001 delectatione
1728 3934 2006 3999 sensibili
2029 3934 2203 4017 loqui
2229 3932 2535 3997 videntur.
2561 3936 2875 4002 Nimirum

410 4042 641 4118 oscula,
684 4038 1023 4123 amplexuS,
1080 4040 1289 4103 tactus
1332 4039 1619 4103 adhibere
1657 4056 1780 4103 non
1836 4038 2039 4102 solent
2085 4035 2366 4101 homines
2409 4035 2530 4099 nisi
2577 4039 2872 4117 personiS‚

408 4163 564 4228 quas
596 4142 909 4227 diligunt;
950 4141 1196 4224 quando
1246 4143 1457 4206 autem
1487 4141 1657 4205 iusta
1681 4158 1870 4206 causa
1904 4140 2086 4215 absit,
2123 4140 2195 4203 ut
2223 4137 2605 4203 consuetudo
2637 4138 2877 4219 patriae

409 4248 471 4312 et
502 4265 625 4312 non
658 4245 745 4309 sit
779 4245 991 4307 castus
1025 4261 1219 4319 amor,
1259 4244 1324 4307 in
1363 4244 1442 4307 iis
1488 4243 1818 4308 delectatio
1851 4242 2174 4325 quaeritur
2205 4259 2327 4305 non
2359 4258 2511 4323 pure
2557 4239 2874 4318 sensitiva,

409 4349 514 4415 sed
562 4349 786 4413 saltem
832 4364 924 4421 ea,
966 4364 1156 4427 qnam
1193 4344 1460 4409 diximus
1498 4347 1810 4411 carnalem
1842 4346 2226 4411 sensitivam.
2261 4344 2397 4407 Iam
2447 4362 2592 4408 vero
2643 4341 2873 4420 oscula,

411 4452 748 4535 amplexuS‚
786 4450 996 4513 tactus
1028 4448 1220 4512 etiam
1268 4448 1542 4531 partium
1590 4449 2013 4540 honestarum,
2048 4468 2118 4513 ex
2166 4447 2508 4512 intentione
2556 4447 2741 4511 huius
2780 4446 2879 4510 de-

410 4552 762 4619 lectationis
810 4550 1031 4627 habiti,
1069 4551 1312 4615 occasio
1344 4568 1475 4615 esse
1521 4554 1784 4633 possunt
1829 4554 1891 4616 et
1939 4551 2283 4636 periculum
2329 4550 2584 4635 gignere
2614 4548 2878 4614 delecta-
