3497 5147
717 361 826 420 718
921 375 1134 418 macr.
1163 377 1242 418 vr.
1264 375 1425 417 sacr.
1454 376 1537 418 vr.
1560 375 1646 416 mn
1669 375 1860 418 snxro
1886 376 1964 415 nrr
1987 374 2148 417 Nouo
2167 375 2383 418 mmo.
2411 376 2738 418 mmmmm.
2763 378 2906 420 nun.
2936 379 2974 419 1.
3030 363 3174 434 [971]

727 476 875 559 ipsis
899 476 1038 557 quis
1072 475 1409 559 experitur3
1438 474 1543 539 sed
1576 473 1852 538 affirmat
1881 473 1996 539 hos
2021 475 2198 540 actus
2224 474 2436 552 eadem
2458 476 2594 561 lege
2618 475 2964 560 prohibitos
2987 476 3178 542 fuisse

717 581 782 644 et
826 578 1266 664 intelligendos
1315 597 1445 643 esse
1492 577 1839 661 prohibitos
1888 597 1958 642 ac
2004 577 2122 642 dici
2170 580 2441 662 peccata,
2475 598 2598 661 qua
2642 579 2780 664 lege
2825 582 3003 645 actus
3049 600 3181 666 per·

721 681 869 747 fecti
912 681 1211 766 prohibiti
1243 683 1409 756 sunt,
1444 700 1515 746 eo
1548 680 1714 762 quod
1737 682 1887 745 sunt
1907 681 2284 746 naturaliter
2309 681 2406 745 illi
2438 682 2515 746 ad
2547 682 2660 747 hos
2693 681 2981 747 ordinati.
3009 680 3180 762 Quae

723 785 1031 851 ordinatio
1080 804 1202 850 non
1248 784 1402 848 facit
1447 787 1521 849 ut
1558 783 1806 848 malitia
1853 803 2067 849 eorum
2113 784 2198 848 sit
2243 787 2494 849 tantum
2538 783 2822 862 relativa,
2872 784 2978 850 sed
3015 785 3181 868 quod

720 888 847 952 sint
885 908 955 952 ex
988 892 1215 952 natura
1246 905 1359 950 sua
1398 886 1790 970 praeparatio
1831 888 1893 951 et
1930 886 2243 951 inchoatio
2279 888 2533 951 actuum
2563 887 2995 970 perfectorum,
3021 903 3180 968 quae

721 990 1050 1056 intrinsece
1083 989 1438 1074 participat,
1472 988 1620 1053 licet
1649 989 1858 1053 minus
1890 989 2172 1071 perfecte,
2205 989 2517 1053 malitiam
2549 989 2815 1054 aliorum
2851 990 3125 1053 actuum.

804 1093 887 1156 Et
924 1094 1073 1175 quia
1106 1091 1540 1175 imperfectum
1587 1090 1864 1155 revocari
1910 1091 2070 1156 solet
2118 1091 2194 1155 ad
2242 1092 2504 1174 speciem
2551 1091 2821 1174 perfecti,
2859 1092 2993 1156 ideo
3027 1091 3182 1156 dixit

719 1195 1057 1261 Caietanus
1091 1194 1345 1259 eandem
1373 1211 1503 1258 esse
1540 1194 1804 1276 speciem
1837 1195 2090 1258 actuum
2122 1195 2621 1277 imperfectorum
2653 1198 2716 1260 et
2747 1195 3178 1279 perfectorum.

719 1297 838 1364 Sed
874 1299 1024 1363 haec
1060 1298 1259 1363 obiter
1296 1296 1462 1362 dicta
1510 1297 1587 1361 ab
1620 1316 1691 1362 eo
1730 1297 1897 1361 sunt.
1932 1295 2172 1380 Reapse
2203 1297 2363 1360 enim
2402 1316 2620 1362 verum
2651 1299 2746 1362 est
2782 1296 2939 1361 illud
2963 1298 3183 1380 princi-

723 1401 915 1484 pium,
953 1420 1095 1464 cum
1139 1398 1202 1463 id
1242 1399 1407 1483 quod
1454 1398 1883 1482 imperfectum
1931 1400 2044 1475 est,
2076 1398 2240 1462 idem
2287 1401 2495 1482 potest
2532 1399 2785 1463 evadere
2818 1399 3176 1482 perfectum,

719 1505 794 1568 ut
826 1522 883 1567 v.
918 1524 979 1587 g.
1023 1501 1384 1585 imperfecta
1415 1501 1615 1565 virtus
1647 1500 2052 1575 fortitudinis,
2086 1501 2148 1564 in
2183 1500 2396 1565 eadem
2431 1502 2630 1584 specie
2662 1502 3021 1578 collocatur,
3055 1521 3178 1584 qua

722 1606 924 1671 virtus
972 1605 1260 1688 perfecta.
1296 1605 1381 1668 At
1429 1604 1481 1668 si
1530 1603 1961 1687 imperfectum
2007 1603 2091 1666 sit
2133 1603 2257 1667 tale
2305 1622 2450 1686 prae
2497 1604 2621 1669 alio
2669 1623 2704 1667 a
2752 1624 2816 1668 se
2863 1604 3174 1682 distincto,

718 1707 794 1772 ad
843 1706 1009 1789 quod
1060 1706 1401 1782 ordinatur,
1449 1724 1574 1770 non
1623 1724 1777 1788 opus
1826 1707 1937 1782 est,
1987 1706 2063 1769 ut
2106 1707 2442 1788 utrumque
2490 1705 2566 1770 ad
2614 1707 2870 1771 eandem
2916 1707 3178 1790 speciem

728 1810 1093 1888 reducatur3
1130 1829 1272 1873 cum
1318 1810 1654 1890 utrumque
1701 1826 1881 1872 suam
1927 1806 2177 1890 propria
2209 1808 2540 1872 essentiam
2585 1808 2831 1886 habeat,
2868 1810 2972 1874 sed
3019 1809 3176 1874 forte

716 1915 795 1980 ad
832 1916 993 1980 idem
1038 1934 1233 2000 genus
1278 1912 1688 1979 revocabitur.

807 2017 888 2081 Et
922 2036 1067 2081 sane
1101 2020 1276 2082 actus
1324 2014 1665 2099 imperfecti
1711 2015 1993 2079 luxuriae
2038 2034 2162 2080 non
2193 2016 2341 2079 sunt
2385 2015 2449 2080 in
2481 2015 2695 2080 eadem
2725 2017 2924 2100 specie
2955 2016 3178 2081 saltem

716 2119 929 2184 infima
977 2139 1047 2184 ac
1083 2120 1259 2184 actus
1307 2117 1581 2202 perfecti,
1612 2120 1684 2182 ut
1729 2117 1954 2182 idcirco
2000 2136 2124 2182 non
2162 2118 2316 2182 satis
2354 2118 2438 2183 sit
2471 2136 2757 2183 accusare
2803 2120 3013 2184 tactus
3060 2120 3176 2184 im-

722 2221 996 2305 pudicos,
1030 2221 1084 2286 si
1131 2221 1347 2285 habita
1380 2219 1501 2284 fuit
1534 2220 1776 2303 copula.
1811 2220 1881 2283 In
1916 2219 2195 2301 utrisque
2240 2219 2458 2301 utique
2498 2222 2591 2284 est
2621 2220 2866 2284 malitia
2905 2221 3177 2286 intentae

717 2324 1145 2390 delectationis
1195 2342 1510 2402 venereae,
1545 2323 1710 2405 quod
1757 2311 1981 2405 probat
2013 2341 2116 2387 eos
2156 2322 2233 2386 ad
2262 2322 2426 2386 idem
2472 2323 2748 2405 spectare
2794 2342 3022 2408 genus;
3072 2322 3176 2388 sed

716 2427 842 2491 alia
889 2430 983 2491 est
1030 2427 1272 2491 malitia
1322 2426 1599 2508 copulae,
1632 2426 1786 2507 puta
1821 2424 1918 2488 vel
1949 2423 2314 2489 fornicariae
2344 2425 2443 2489 vel
2476 2425 2893 2502 sodomiticae,
2929 2425 3050 2489 alia
3084 2429 3178 2489 ta—

719 2533 934 2596 ctuum
984 2529 1439 2596 tantummodo.
1473 2528 1668 2593 Actus
1701 2526 1865 2592 enim
1902 2527 2236 2593 secundum
2285 2548 2465 2594 suam
2510 2530 2841 2595 essentiam
2885 2528 3176 2595 differunt

720 2634 1083 2716 diversoque
1135 2632 1317 2697 modo
1366 2630 1588 2696 virtuti
1653 2633 2049 2714 opponuntur
2119 2622 2449 2697 castitatis.
2498 2632 2688 2698 Deest
2734 2652 2879 2698 sane
2935 2632 3175 2699 actibus

719 2736 1096 2820 imperfectis
1143 2735 1251 2798 illa
1289 2734 1555 2811 malitia,
1597 2734 1848 2817 propter
1878 2753 2066 2815 quam
2097 2735 2365 2817 primum
2400 2737 2577 2800 actus
2614 2736 2867 2820 perfecti
2897 2735 3175 2802 luxuriae

715 2838 1017 2921 prohibiti
1076 2840 1242 2915 sunt,
1293 2835 1535 2901 malitia
1584 2855 1799 2919 nempe
1848 2836 2160 2901 effusionis
2209 2836 2459 2902 seminis
2503 2837 2603 2902 vel
2649 2841 2865 2903 contra
2911 2837 3095 2904 finem
3140 2857 3176 2903 a

716 2944 945 3004 natura
975 2940 1032 3004 ei
1068 2940 1537 3024 praestitutum,
1572 2939 1670 3003 vel
1701 2942 1876 3003 extra
1909 2958 2049 3003 eum
2089 2939 2364 3004 ordinem
2395 2959 2579 3021 quem
2616 2944 2844 3006 natura
2875 2941 3175 3025 praefixit.

723 3044 865 3109 Huc
910 3043 1061 3108 facit
1108 3062 1279 3127 prop.
1317 3044 1421 3107 25.
1454 3044 1615 3107 inter
1661 3042 1989 3107 damnatas
2038 3042 2114 3106 ab
2161 3042 2507 3108 Alexandro
2557 3043 2697 3108 VII.
2741 3069 2774 3103 «
2808 3043 2928 3125 Qui
2960 3045 3179 3111 habuit

716 3147 1005 3229 copulam
1056 3164 1200 3211 cum
1269 3130 1497 3222 soluta,
1548 3145 1856 3209 satisfacit
1902 3144 2300 3210 confessionis
2360 3148 2706 3229 praecepto,
2757 3146 2959 3212 dicens
3014 3164 3180 3212 com-

720 3249 863 3313 misi
910 3268 1052 3313 cum
1101 3250 1315 3313 soluta
1361 3268 1551 3333 grave
1598 3251 1921 3332 peccatum
1966 3249 2181 3312 contra
2227 3248 2602 3325 castitatem,
2651 3268 2772 3313 non
2821 3249 3175 3334 explicando

717 3351 1006 3434 copulam
1038 3376 1098 3416 ».

806 3450 958 3525 371.
995 3456 1169 3520 Inter
1200 3474 1262 3519 se
1300 3472 1445 3519 vero
1496 3455 1671 3517 actus
1718 3453 2061 3536 imperfecti
2107 3451 2580 3537 distinguuntur
2625 3454 2823 3538 specie
2855 3473 2925 3519 eo
2971 3456 3175 3539 pacto,

716 3577 839 3640 quo
890 3560 1067 3621 actus
1100 3557 1372 3641 perfecti,
1410 3556 1487 3621 ad
1535 3574 1689 3637 quos
1720 3555 2093 3620 naturaliter
2125 3555 2406 3620 tendunt.
2441 3553 2541 3619 Sic
2571 3558 2780 3621 tactus
2813 3557 3006 3621 soluti
3036 3574 3178 3622 cum

715 3661 925 3726 soluta
960 3660 1254 3726 differunt
1288 3679 1320 3724 a
1359 3660 1635 3724 tactibus
1667 3679 1809 3723 cum
1845 3678 2034 3724 uxore
2067 3659 2343 3736 alterius,
2369 3659 2533 3723 sicut
2555 3659 2880 3725 fornicatio
2914 3662 2977 3724 et
3010 3660 3178 3725 adul·

713 3764 977 3828 terium:
1027 3766 1234 3827 tactus
1282 3782 1422 3828 cum
1470 3781 1727 3846 persona
1777 3760 2048 3826 eiusdem
2094 3779 2273 3825 sexus
2321 3780 2372 3825 a.
2412 3761 2684 3826 tactibus
2731 3781 2870 3826 cum
2918 3781 3175 3846 persona

716 3866 946 3930 diversi
992 3885 1171 3930 sexus
1213 3865 1362 3946 (nisi
1411 3865 1570 3929 aliae
1620 3864 1826 3928 adsint
1872 3863 2423 3947 circumstantiae),
2472 3863 2636 3929 sicut
2680 3864 2960 3929 sodomia
2993 3885 3028 3929 a
3061 3864 3178 3930 for·

720 3968 1029 4034 nicatione
1064 3972 1177 4034 etc.
1213 3968 1401 4033 Ratio
1436 3969 1549 4045 est,
1585 3968 1732 4049 quia
1769 3968 1945 4032 actus
1977 3966 2319 4049 imperfecti
2356 3969 2524 4044 sunt,
2560 3970 2632 4031 ut
2663 3969 2752 4032 ait
2799 3986 2848 4033 s.
2884 3967 3174 4043 Thomas,

721 4072 1097 4137 naturaliter
1130 4072 1203 4135 ad
1244 4069 1545 4155 perfectos
1585 4068 1873 4135 ordinati.

722 4200 727 4207 ·
806 4176 978 4254 Quae
1006 4174 1288 4239 doctrina
1314 4173 1386 4237 de
1420 4172 1494 4236 iis
1527 4176 1690 4237 certe
1724 4171 1965 4235 actibus
1998 4172 2262 4237 externis
2296 4172 2644 4255 accipienda
2677 4175 2790 4251 est,
2826 4173 2934 4256 qui
2965 4174 3027 4239 in
3051 4192 3178 4239 cor·

719 4297 865 4360 pore
914 4276 1161 4361 proprio
1201 4276 1299 4341 vel
1348 4275 1605 4340 alterius
1638 4274 1887 4358 physice
1919 4275 2352 4353 terminantur,
2386 4278 2460 4340 ut
2497 4277 2643 4341 sunt
2680 4278 2909 4350 tactus,
2945 4278 3174 4353 oscula,

724 4381 1077 4461 amplexus:
1127 4379 1199 4443 de
1248 4378 1386 4443 aliis
1434 4395 1599 4453 vero,
1649 4378 1723 4440 ut
1769 4381 1916 4443 sunt
1963 4398 2012 4442 e.
2063 4398 2123 4462 g.
2165 4381 2470 4462 aspectuS‚
2519 4378 2724 4456 lectiO,
2773 4378 3172 4461 colloquium,

714 4480 990 4545 dicemus
1022 4481 1085 4544 in
1119 4480 1324 4545 Resol.
1360 4481 1420 4545 2.
