3497 5147
310 328 440 396 [625]
976 342 1144 391 Quam
1184 341 1586 390 nmmmwn
1622 343 1895 384 ara-ruma
1935 344 2076 386 νοτ-1
2649 338 2755 391 4251

307 439 525 502 bonum
566 440 921 522 oppositum
966 439 1063 504 illi
1107 439 1288 504 bono.
1342 440 1413 502 20
1443 437 1741 518 Quamvis
1790 440 1853 504 in
1886 442 2233 525 privatione
2282 446 2458 509 actus
2505 465 2626 510 non
2674 448 2760 510 sit

307 541 563 624 positiva
588 541 854 620 bonitaS‚
881 545 977 608 est
992 545 1201 608 tamen
1218 541 1522 625 quaedam
1548 542 1812 607 remotio
1830 543 2414 627 impedimentorum
2441 546 2517 610 ad
2532 548 2758 614 melius

306 644 673 728 operandum
720 647 781 710 et
828 666 898 710 ex
934 647 1051 711 hac
1097 647 1291 730 parte,
1340 645 1452 710 illa
1500 646 1774 710 carentia
1805 646 1969 711 inter
1999 648 2161 713 bona.
2199 648 2474 714 melioris
2522 651 2756 716 ordinis

303 749 713 830 computatur.
734 748 804 812 30
820 747 957 812 Etsi
980 748 1253 813 carentia
1278 749 1362 813 sit
1384 748 1532 831 quid
1555 748 1940 832 negativum,
1969 749 2371 816 nihilominus
2397 752 2556 817 velle
2579 753 2758 817 illam

302 853 468 914 actus
490 850 799 933 positivus
820 851 915 916 est
932 854 995 915 et
1019 852 1225 934 potest
1243 869 1374 916 esse
1393 851 1569 915 actus
1587 851 1810 915 melior
1828 870 2016 932 quam
2036 853 2328 918 voluntas
2350 854 2522 919 illius
2547 855 2755 920 boni*

395 988 575 1042 xxm.
604 990 653 1039 8.
680 987 731 1040 si
759 994 916 1041 tamen
943 986 1139 1054 aliquod
1161 990 1340 1042 bonum
1370 1001 1454 1055 per
1476 1003 1529 1041 se
1557 995 1605 1041 et
1631 990 1856 1042 absolute
1883 987 2042 1042 minus
2068 991 2208 1043 fleret
2230 1005 2316 1056 per
2336 991 2562 1045 accidens
2592 992 2751 1047 maius

299 1074 484 1136 bonum,
513 1079 630 1126 tunc
669 1071 783 1126 talia
821 1086 1007 1125 vovere
1045 1075 1192 1136 valet,
1230 1079 1283 1126 ut
1322 1086 1370 1126 v.
1412 1087 1486 1138 gr.
1525 1072 1567 1124 si
1606 1071 1713 1137 quis
1757 1072 1942 1126 videret
1979 1073 2340 1140 susceptionem
2381 1075 2618 1130 Ordinum
2656 1075 2752 1130 sibi

295 1158 587 1210 damnosam.
614 1159 678 1208 V.
707 1158 828 1210 Bon.
858 1171 905 1224 p.
934 1159 981 1210 l.

375 1256 555 1330 824.
588 1259 828 1326 Votum
858 1280 980 1325 non
1029 1261 1292 1326 vovendi
1321 1261 1664 1346 generatim
1697 1263 1792 1326 est
1822 1261 2197 1327 invalidum:
2232 1262 2381 1345 quia
2412 1282 2520 1346 per
2551 1283 2615 1328 se
2648 1283 2752 1329 vo-

294 1382 422 1428 vere
455 1382 568 1428 seu
614 1363 812 1429 facere
849 1382 919 1428 ex
965 1366 1114 1429 voto
1154 1365 1251 1428 est
1279 1363 1521 1428 melius.
1555 1363 1642 1428 At
1679 1383 1788 1447 per
1812 1363 2089 1429 accidens
2121 1366 2329 1449 potest
2359 1383 2491 1430 esse
2523 1366 2596 1431 de
2628 1387 2753 1431 me-

291 1465 421 1530 liori
455 1466 641 1542 bono,
677 1465 732 1530 si
768 1465 909 1548 quis
940 1467 1166 1530 soleret
1197 1485 1248 1530 e.
1289 1486 1351 1550 g.
1392 1484 1523 1530 esse
1552 1465 1910 1548 imprudens
1940 1467 2005 1532 in
2044 1468 2343 1532 vovendo.

372 1569 465 1632 De
489 1570 772 1645 vovente,
807 1587 871 1632 se
908 1587 1032 1633 non
1063 1566 1378 1632 facturum
1402 1570 1551 1633 vota
1576 1569 1696 1632 nisi
1721 1568 1796 1632 de
1821 1568 2072 1633 licentia
2096 1569 2472 1648 confessarii,
2499 1570 2748 1654 s.Alph.

290 1691 344 1734 n.
377 1671 529 1735 210.
558 1672 708 1735 haec
739 1690 810 1735 ex
840 1671 1164 1756 Laymann
1201 1671 1421 1735 habet:
1465 1673 1530 1734 10
1562 1670 1843 1735 Primum
1875 1671 2031 1736 illud
2062 1673 2283 1736 votum
2307 1675 2403 1737 est
2439 1673 2745 1750 validum3

287 1774 427 1855 quia
479 1775 574 1838 est
619 1773 693 1837 de
737 1773 982 1839 meliori
1026 1774 1188 1838 bono
1236 1772 1440 1856 quoad
1488 1792 1649 1849 eum,
1699 1774 1808 1855 qui
1855 1774 2041 1839 nimis
2096 1793 2327 1858 pronus
2374 1775 2458 1840 sit
2514 1775 2590 1840 ad
2646 1794 2751 1840 vo·

291 1875 570 1940 vendum.
621 1878 690 1939 2⁰
722 1875 786 1941 Si
834 1876 973 1940 dein
1004 1875 1253 1960 proprio
1302 1877 1503 1940 marte
1549 1876 1802 1940 emittat
1849 1875 2017 1940 aliud
2075 1878 2315 1954 votum,
2365 1897 2422 1941 v.
2471 1897 2565 1962 gr.
2599 1877 2750 1942 ieiu-

287 1977 475 2041 nandi
519 1979 811 2062 quapiam
841 1977 958 2052 die,
993 1977 1500 2062 distinguendum
1540 1977 1685 2040 erit:
1721 1996 1866 2040 nam
1905 1977 2003 2041 vel
2048 1978 2248 2061 primo
2283 1981 2432 2044 voto
2471 1998 2535 2044 se
2580 1999 2748 2043 mere

286 2080 591 2166 obligavit
637 2081 715 2145 ad
759 2100 885 2146 non
914 2079 1261 2145 vovendum
1319 2080 1449 2144 sine
1494 2079 1745 2143 licentia
1796 2079 2171 2158 confessarii,
2230 2083 2293 2146 et
2337 2083 2489 2147 tunc
2532 2083 2748 2166 peccat

276 2185 495 2249 contra
515 2183 690 2269 prius
722 2184 941 2248 votum
988 2185 1051 2247 et
1093 2183 1345 2267 insuper
1376 2181 1711 2247 secundum
1761 2184 1979 2246 votum
2010 2183 2105 2246 est
2136 2182 2434 2263 validum,
2482 2203 2625 2248 cum
2662 2184 2747 2248 sit

279 2285 349 2351 de
381 2287 626 2352 obiecto
673 2287 865 2351 bono:
900 2286 998 2351 vel
1043 2285 1243 2369 primo
1292 2285 1440 2349 voto
1471 2303 1594 2349 non
1642 2284 1849 2349 solum
1901 2303 1965 2348 se
1999 2283 2305 2369 obligavit
2351 2284 2428 2349 ad
2473 2303 2596 2349 non
2644 2305 2748 2350 vo-

276 2390 543 2454 vendum
592 2389 723 2454 sine
753 2387 1112 2454 confessarii
1155 2387 1427 2463 licentia,
1461 2386 1566 2452 sed
1601 2387 1852 2469 insuper
1898 2385 2331 2451 includebatur
2375 2386 2441 2452 in
2476 2406 2547 2453 eo
2597 2389 2745 2453 actu

273 2491 559 2556 clausula
605 2491 681 2555 de
726 2490 1018 2555 nullitate
1064 2489 1456 2572 sequentium
1517 2489 1744 2553 talium
1817 2489 2152 2564 votorum3
2209 2490 2275 2552 et
2325 2490 2477 2553 tunc
2530 2490 2746 2572 peccat

271 2596 522 2678 quidem
550 2595 816 2660 secundo
864 2596 1011 2659 voto
1044 2593 1150 2658 sed
1180 2592 1296 2657 hoc
1321 2594 1418 2657 est
1444 2592 1690 2657 nullum
1715 2591 2138 2675 (praevalente
2168 2591 2404 2656 scilicet
2436 2611 2508 2657 ea
2539 2593 2743 2676 priore

267 2700 666 2782 intentione).
708 2698 1005 2763 Validum
1050 2698 1260 2762 tamen
1309 2697 1490 2773 esset,
1531 2696 1586 2761 si
1621 2695 1895 2778 primum
1938 2694 2096 2758 illud
2127 2697 2529 2762 retractasset
2557 2695 2743 2780 expli-

265 2803 383 2867 cite
422 2803 527 2868 vel
550 2801 854 2884 implicite
886 2820 968 2865 se.
1010 2798 1308 2873 vovendo,
1341 2798 1490 2863 dum
1527 2798 1698 2881 prius
1747 2796 1906 2863 illud
1947 2797 2251 2863 memoria
2288 2799 2584 2876 volveret,
2634 2818 2744 2865 vo-

263 2907 401 2969 tum
435 2903 803 2972 secundum.

348 3008 603 3074 Votum
649 3006 839 3072 etiam
900 3024 1023 3070 non
1075 3004 1323 3088 petendi
1375 3003 1896 3086 dispensationem
1945 3004 2059 3067 aut
2103 3004 2656 3069 commutationem
2705 3025 2743 3069 a

258 3113 407 3176 voto
459 3110 681 3195 potest
724 3127 855 3174 esse
900 3107 1163 3172 materia
1210 3106 1370 3182 voti3
1413 3106 1561 3188 quia
1609 3124 1716 3188 per
1763 3124 1827 3169 se
1874 3105 2106 3170 bonum
2154 3105 2218 3169 id
2267 3106 2364 3170 est
2408 3106 2471 3169 et
2514 3105 2740 3170 melius

256 3232 452 3295 quam
503 3211 869 3296 oppositum
913 3211 977 3274 et
1022 3209 1300 3293 alioquin
1347 3208 1757 3292 supponimus
1803 3227 1925 3273 non
1981 3206 2278 3291 impedire
2340 3209 2572 3272 bonum
2615 3227 2739 3272 me-

252 3316 377 3381 lius
428 3336 550 3383 seu
586 3316 1000 3381 mutationem
1027 3315 1094 3381 in
1128 3314 1387 3379 melius:
1421 3314 1693 3378 ceterum
1727 3311 1919 3377 etiam
1950 3312 2067 3376 hoc
2103 3313 2324 3376 votum
2369 3311 2739 3378 facultatem

251 3420 568 3503 relinquit
597 3420 844 3503 petendi
874 3420 1397 3503 dispensationem
1427 3419 1505 3483 ab
1536 3419 1653 3483 hoc
1684 3420 2020 3501 postremo,
2048 3418 2101 3482 si
2131 3417 2295 3481 ratio
2328 3417 2556 3503 exigat.
2577 3420 2738 3485 Item

249 3521 369 3587 hoc
417 3525 654 3589 votum
686 3523 894 3606 potest
930 3541 967 3586 a
1012 3522 1327 3605 superiore
1358 3521 1594 3586 irritari
1628 3538 1735 3585 seu
1771 3519 2054 3597 relaxari,
2103 3518 2350 3582 etiamsi
2394 3537 2516 3583 non
2563 3522 2741 3602 petat

246 3624 354 3690 ille
388 3625 511 3709 qui
547 3625 744 3690 vovit.

358 3752 566 3806 XXIV.
600 3750 652 3804 9.
676 3748 1033 3804 Matrimonium
1071 3747 1321 3803 ordinarie
1356 3745 1572 3800 invalide
1599 3751 1844 3812 vovetur3
1872 3743 1985 3810 quia
2014 3742 2264 3799 ordinarie
2292 3742 2467 3798 melior
2494 3751 2568 3800 est
2595 3747 2738 3801 caeli-

246 3836 413 3889 batus.
444 3833 575 3889 Dixi
612 3832 888 3900 ordinarie3
914 3832 1026 3901 quia
1066 3832 1228 3887 valide
1268 3839 1497 3895 vovetur,
1547 3833 1584 3882 l.
1620 3830 1661 3883 si
1688 3829 1798 3895 quis
1834 3831 1895 3882 ad
1936 3833 2029 3883 hoc
2067 3827 2330 3894 obligetur,
2359 3835 2443 3883 aut
2479 3830 2591 3896 quia
2630 3830 2738 3885 sine

242 3917 427 3972 iniuria
473 3924 571 3972 aut
608 3917 748 3982 gravi
783 3916 1095 3972 infamatione
1119 3931 1329 3984 sponsae
1357 3918 1436 3970 vel
1475 3915 1741 3969 liberorum
1784 3930 1845 3968 ex
1871 3930 1927 3968 ea
1967 3920 2334 3981 conceptorum,
2361 3929 2387 3968 a
2426 3917 2739 3983 sponsalibus

242 4016 342 4057 non
385 4008 570 4071 potest
605 4003 861 4057 recedere:
890 4005 965 4056 2:
996 4001 1037 4055 si
1063 4001 1114 4055 id
1138 4000 1349 4068 Reipub.
1378 4002 1520 4055 valde
1566 4000 1684 4054 utile
1727 4004 1940 4053 futurum
1982 3998 2322 4054 existimetur:
2360 4005 2414 4052 ut
2450 4000 2562 4068 quia
2602 4000 2740 4055 verbi

238 4089 401 4151 gratia
446 4103 517 4142 ex
563 4102 624 4141 eo
662 4094 890 4154 speratur
926 4101 1019 4153 pax
1044 4086 1173 4141 inter
1198 4085 1462 4153 Principes,
1490 4084 1750 4140 conversio
1777 4083 2161 4147 haereticorum,
2204 4083 2340 4148 regni
2377 4085 2737 4150 tranquillitas:

238 4174 287 4226 3.
328 4173 375 4226 si
416 4172 545 4240 quis
584 4176 649 4225 ob
686 4171 997 4236 fragilitatem
1036 4179 1086 4224 et
1120 4170 1440 4225 inveteratam
1480 4169 1881 4225 consuetudinem
1917 4169 2147 4237 peccandi
2174 4172 2300 4222 adeo
2340 4168 2404 4221 sit
2448 4182 2628 4234 pronus
2667 4172 2728 4221 ad

233 4259 460 4325 lapsum,
494 4263 555 4309 ut
594 4258 859 4322 prudentes
891 4254 1107 4309 iudicent
1145 4255 1420 4309 consultum
1447 4255 1492 4308 ci
1518 4270 1642 4317 esse,
1671 4262 1722 4308 ut
1757 4258 1934 4308 nubat:
1963 4255 2014 4308 in
2040 4269 2138 4320 quo
2166 4261 2325 4308 tamen
2352 4250 2521 4325 ultimo
2559 4254 2731 4316 Laym.

237 4348 286 4393 et
325 4341 418 4396 alii
461 4339 784 4393 dissentiunt.
812 4341 876 4393 V.
903 4341 1022 4393 Bon.
1053 4342 1083 4392 l.
1110 4353 1156 4391 e.
1181 4338 1289 4392 Fill.
1317 4354 1364 4392 n.
1390 4341 1437 4393 6.
1469 4341 1589 4393 Nav.
1618 4342 1761 4392 Suar.
1793 4342 1823 4391 l.
1861 4355 1903 4392 c.
1932 4341 2100 4404 Laym.
2132 4352 2178 4390 n.
2215 4340 2298 4391 ⁴2.

328 4441 533 4517 625.
575 4443 812 4509 Votum
857 4443 1241 4508 matrimonii
1288 4443 1477 4506 habet
1507 4441 1943 4508 difficultatem
1976 4441 2309 4526 propriam,
2352 4441 2498 4523 quia
2523 4443 2737 4506 matri-

230 4554 546 4620 monium
582 4552 676 4615 est
720 4553 925 4616 status
961 4550 1376 4615 immutabilis
1425 4551 1487 4613 et
1533 4568 1654 4613 non
1704 4553 1913 4634 potest
1957 4548 2329 4615 commutari
2376 4548 2440 4612 in
2487 4549 2730 4625 melina,

409 4672 715 4715 nanuum.
743 4692 795 4701 —
822 4667 993 4713 Moral.
1022 4667 1159 4711 Tom.
1191 4666 1257 4710 11.
2516 4665 2572 4706 31
