3497 5147
773 359 884 414 470
917 371 1129 414 rnAcr.
1159 373 1238 412 vr.
1260 371 1420 412 sacr.
1450 371 1516 411 11.
1538 370 1624 409 ms
1650 369 1929 412 suem-mo
1955 370 2172 413 Paline,
2199 371 2534 416 necamur.
2552 373 2679 415 οΑΡ.
2703 374 2786 414 111.
2807 374 2934 416 nun.
2957 376 3009 414 11.
3043 361 3160 430 {SOU}

776 475 941 538 sunt.
990 473 1078 535 At
1124 470 1287 534 enim
1334 469 1482 551 quid
1527 467 1822 532 differunt
1865 487 1996 533 rem
2044 469 2132 533 sic
2178 470 2522 548 immutari,
2574 473 2683 536 aut
2711 490 2833 536 rem
2861 491 2969 536 non
3006 472 3159 536 fiiisse

776 575 1137 660 cognitam?
1174 573 1547 654 Loquuntur
1575 570 1773 655 igitur
1805 572 2170 655 pugnantia.
2222 573 2363 637 Vid.
2399 574 2464 637 et
2510 593 2559 638 s.
2593 573 2769 657 Alph.
2801 593 2857 638 n.
2888 574 3038 651 226„
3076 573 3160 638 ubi

774 677 1000 762 probat
1044 676 1203 740 hanc
1249 672 1610 738 Salmantic.
1659 672 2005 737 doctrinam
2051 672 2125 738 de
2169 674 2351 738 irrita
2397 675 2796 759 promissione
2836 675 2907 739 ob
2933 693 3164 757 superve-

774 781 1048 845 nientem
1078 776 1612 842 circumstantiam
1635 794 1759 840 non
1790 775 2158 858 praevisam.
2186 774 2444 856 Quando
2471 777 2668 862 igitur
2698 777 3040 861 poenitentia
3059 775 3164 839 voti

779 883 979 948 oritur
1016 901 1085 945 ex
1133 900 1195 944 re
1225 898 1347 945 non
1380 879 1498 943 rite
1530 877 1937 955 considerata,
1972 879 2123 942 tunc
2167 878 2342 943 locus
2389 897 2523 944 esse
2555 881 2759 963 potest
2787 878 3022 943 defectui
3047 877 3166 941 deli-

777 985 1136 1060 berationis,
1173 985 1247 1048 ut
1280 985 1499 1047 votum
1536 980 1789 1045 irritum
1819 980 2163 1044 censeatur.

872 1086 1089 1167 Quoad
1116 1086 1383 1149 alterum
1407 1083 1480 1147 de
1516 1083 1630 1161 ira,
1664 1083 1760 1147 est
1782 1082 1848 1146 in
1878 1082 2234 1165 proverbio:
2272 1083 2375 1146 ira
2406 1083 2609 1148 brevis
2637 1082 2815 1163 furor
2843 1086 2929 1147 est
2951 1084 3006 1147 et
3033 1081 3158 1146 forte

777 1192 964 1257 verba
998 1189 1288 1254 Auctoris
1326 1212 1361 1245 «
1394 1186 1556 1269 quod
1589 1186 1692 1250 vix
1723 1205 2003 1268 unquam
2032 1184 2335 1265 impediat
2359 1187 2455 1252 ira
2485 1207 2672 1253 usum
2701 1186 2948 1252 rationis
2976 1211 3007 1244 »
3031 1184 3169 1248 intel·

777 1292 1027 1378 ligenda
1065 1294 1211 1355 sunt
1258 1289 1330 1355 de
1375 1289 1561 1354 totali
1607 1307 1727 1353 usu
1774 1287 2053 1352 rationis.
2089 1288 2533 1370 Inquirendum
2571 1289 2691 1354 erit
2722 1307 2863 1373 ergo
2907 1303 3169 1369 quousque

776 1393 1073 1477 impedire
1104 1391 1607 1457 deliberationem
1639 1392 1703 1456 et
1733 1390 2288 1455 considerationem
2319 1391 2413 1455 ira
2437 1391 2750 1475 potuerit3
2800 1390 3008 1456 etenim
3035 1389 3078 1452 si
3102 1389 3176 1450 ira

782 1515 906 1561 non
950 1494 1292 1578 impedivit,
1341 1493 1672 1576 quominus
1717 1493 1913 1558 menti
1961 1493 2435 1559 obversarentur
2480 1513 2552 1558 ea
2591 1494 2818 1572 omnia,
2863 1507 3006 1575 qnae
3043 1489 3172 1555 nosci

784 1599 1006 1663 debent
1050 1599 1123 1662 ut
1169 1597 1388 1662 votum
1435 1597 1758 1660 censeatur
1803 1596 2249 1673 voluntarium,
2284 1615 2501 1661 verum
2539 1600 2654 1676 est,
2691 1596 2852 1680 quod
2899 1595 3060 1659 habet
3090 1593 3173 1664 A.;

783 1720 977 1778 secuS‚
1018 1699 1071 1764 si
1108 1718 1323 1764 eorum
1358 1697 1768 1763 consideratio
1801 1697 1990 1763 fuerit
2020 1698 2342 1781 impedita.

875 1802 937 1868 S.
969 1803 1154 1886 Alph.
1195 1822 1254 1866 n.
1294 1801 1440 1865 196.
1475 1800 1541 1864 in
1570 1801 1630 1864 h.
1662 1798 1916 1867 l..addit
1961 1819 2034 1865 ex
2072 1799 2375 1865 Salmant.
2408 1801 2630 1867 leviter
2662 1820 2924 1885 peecare,
2960 1799 3053 1881 qui
3089 1796 3180 1861 levi

783 1905 1271 1973 consideratione
1301 1902 1539 1968 emittit
1567 1904 1718 1968 vota
1741 1902 1817 1965 de
1840 1903 2218 1984 =‹navias-ima
2247 1906 2309 1966 et
2336 1904 2642 1969 diuturna
2671 1902 3050 1987 obliquatione,
3073 1899 3186 1964 lieet

782 2008 924 2072 inde
949 2007 1026 2071 ad
1050 2026 1120 2071 ea
1144 2006 1229 2070 sit
1254 2005 1589 2089 obligatuS,
1625 2024 1784 2087 qnae
1809 2003 2168 2069 Salmantic.
2195 2005 2418 2070 docent
2445 2006 2489 2069 1.
2517 2025 2567 2070 c.
2602 2025 2706 2070 nn.
2756 2006 2979 2070 13.-14.
2997 2003 3179 2066 Verum

787 2130 967 2196 aegre
1005 2108 1359 2173 conciliabis
1391 2108 1639 2190 culpam
1668 2109 1732 2171 in
1765 2108 2007 2173 defectu
2037 2108 2547 2173 considerationis
2580 2110 2644 2173 et
2688 2106 3180 2175 considerationem

786 2213 1196 2280 sufficientem
1220 2209 1298 2275 ad
1330 2209 1776 2295 obligationem
1798 2210 2034 2293 peccati
2064 2211 2370 2286 mortali8‚
2397 2211 2602 2293 qualis
2626 2211 2691 2276 in
2725 2214 2873 2277 voto
2906 2207 3183 2292 requiritur

791 2336 900 2381 seu
937 2316 1221 2380 habetur.

878 2416 1077 2502 Culpa
1105 2417 1280 2494 levis,
1322 2417 1394 2482 de
1425 2435 1548 2500 qua
1586 2436 1634 2482 s.
1669 2416 2046 2499 Alphonsus‚
2077 2415 2383 2482 referatur
2420 2417 2497 2481 ad
2533 2418 2908 2501 culpabilem
2937 2414 3186 2480 defectum

783 2520 1147 2607 prudentiae
1183 2521 1248 2585 in
1298 2520 1569 2606 agend03
1620 2519 1729 2601 qui
1773 2519 2036 2601 irrepere
2069 2520 2278 2602 potest
2314 2519 2504 2585 etiam
2537 2521 2680 2604 post
2714 2519 3098 2586 sufficientem
3125 2511 3190 2577 rei

791 2623 1362 2690 considerationem.

901 2770 986 2820 Vl.
1013 2771 1061 2821 3.
1083 2768 1225 2835 Quod
1251 2766 1292 2820 si
1318 2766 1378 2832 is,
1403 2767 1486 2831 qui
1513 2765 1605 2819 scit
1628 2779 1683 2819 se
1712 2764 1929 2828 vovisse,
1953 2763 2160 2830 dubitat,
2186 2779 2246 2818 an
2272 2779 2382 2819 cum
2408 2764 2670 2820 sufficienti
2702 2763 3045 2820 deliberatione
3066 2768 3104 2814 et
3127 2773 3191 2812 usn

788 2851 1009 2913 rationis
1043 2853 1105 2904 ob
1144 2852 1384 2904 derectum
1409 2850 1610 2905 aetatis:
1638 2849 1681 2904 si
1712 2850 1907 2918 quidem
1950 2849 2092 2904 vovit
2118 2858 2229 2905 ante
2255 2850 2578 2919 septennium,
2608 2860 2784 2908 votum
2816 2869 2911 2908 non
2935 2850 3108 2915 obligat.
3128 2843 3197 2900 uis·

790 2943 981 2991 constet
1018 2938 1079 2989 de
1116 2935 1373 2990 sufficienti
1410 2935 1616 2990 rationis
1653 2950 1772 3002 usu3
1803 2934 1916 3002 quia
1943 2951 2053 2990 enm
2078 2935 2160 2989 ius
2185 2935 2235 2989 in
2262 2935 2348 2990 tali
2372 2951 2469 2990 non
2509 2938 2783 3003 praesumit
2809 2946 2858 2993 et
2884 2934 3196 3005 possessiosffl

793 3037 886 3089 pro
923 3022 1165 3076 libertate.
1197 3019 1248 3075 Si
1286 3035 1403 3074 vero
1428 3026 1541 3086 post
1564 3020 1869 3088 septennium
1898 3020 2053 3082 vovit,
2079 3020 2288 3087 obligat3
2317 3021 2429 3087 quia
2457 3020 2705 3089 possessio
2745 3031 2825 3077 est
2866 3037 2951 3090 pro
2976 3027 3094 3080 voto,
3118 3028 3199 3070 eum

788 3113 1131 3175 praesumatur
1173 3121 1289 3159 usus
1327 3104 1546 3168 rationis,
1574 3104 1672 3158 nisi
1709 3110 1901 3158 constet
1938 3104 2234 3171 oppositum.
2262 3104 2314 3159 Si
2346 3105 2554 3173 denique
2592 3107 2808 3176 dubitet,
2838 3114 2993 3161 utrum
3029 3111 3132 3163 ante,
3154 3112 3198 3151 an

794 3199 905 3259 post
942 3190 1244 3258 septennium
1281 3189 1493 3250 voverit,
1520 3187 1674 3243 teneri
1713 3196 1832 3242 voto
1870 3193 1975 3243 vult
2013 3192 2187 3243 Sanch-
2215 3195 2264 3243 et
2300 3191 2503 3244 Pulsus:
2531 3197 2673 3255 negat
2711 3191 2859 3245 Dian.
2886 3198 2975 3245 etc.

884 3304 1056 3378 607.
1082 3308 1273 3372 Addit
1296 3327 1343 3373 s.
1371 3308 1555 3391 Alph.
1588 3329 1647 3372 n.
1681 3308 1827 3373 196.
1857 3308 2059 3391 quoad
2094 3309 2182 3372 3¹¹¹
2216 3310 2630 3394 hypothesim,
2666 3313 2838 3395 quod
2855 3305 3203 3394 probabilius

791 3408 1058 3475 Sanchez
1080 3412 1290 3475 teneat
1320 3412 1467 3475 voto
1494 3410 1779 3495 obligari,
1815 3411 1868 3475 si
1892 3411 2231 3489 dubitetur,
2268 3432 2346 3477 an
2372 3414 2516 3477 ante
2548 3415 2660 3478 aut
2683 3419 2831 3498 post
2863 3410 3201 3498 septennium

790 3514 1088 3579 emissum
1125 3516 1345 3578 votum
1376 3513 1585 3579 fuerit.

878 3616 1019 3682 Non
1065 3619 1275 3681 tamen
1321 3617 1554 3681 invicta
1599 3618 1694 3681 est
1741 3615 2010 3682 Sanchez
2059 3618 2242 3683 ratio.
2290 3617 2462 3683 Haec
2507 3621 2603 3683 est
2649 3619 2719 3683 in
2754 3618 2978 3685 Decal.
3028 3616 3120 3683 lib.
3159 3614 3206 3675 4.

791 3739 923 3803 cap.
962 3722 1019 3783 1.
1055 3738 1114 3783 n.
1153 3719 1277 3796 14„
1327 3719 1472 3801 quia
1520 3719 1768 3784 constat
1812 3719 1886 3783 de
1932 3722 2079 3784 voto
2128 3722 2190 3784 et
2237 3721 2548 3786 excusatio
2582 3721 2715 3787 eius
2753 3726 2851 3787 est
2888 3721 3082 3786 dubia.
3111 3711 3200 3780 Sed

790 3839 991 3886 nonne
1027 3821 1144 3884 hoc
1174 3821 1307 3903 ipso
1340 3822 1517 3885 valor
1548 3822 1680 3886 voti
1712 3823 1808 3886 est
1854 3821 2079 3886 dubius
2126 3821 2435 3904 dubiaque
2466 3822 2598 3889 eius
2624 3823 2950 3910 obligatio,
2983 3836 3210 3907 praeser-

790 3923 909 3988 tim
956 3923 1009 3985 si
1055 3921 1360 4003 quaedam
1405 3923 1811 4005 probabilitas
1858 3924 1943 3989 sit
1988 3944 2098 4006 pro
2146 3923 2368 3988 emisso
2415 3927 2564 3990 voto
2619 3927 2764 3991 ante
2813 3919 3204 4009 septennium?

795 4024 1096 4110 obligatio
1137 4026 1349 4088 autem
1394 4024 1581 4089 dubia
1618 4044 1740 4090 non
1787 4030 1882 4091 est
1920 4027 2242 4112 obligati0‚
2292 4026 2457 4091 sicut
2483 4028 2581 4092 lex
2612 4027 2802 4093 dubia
2832 4047 2955 4094 non
2992 4028 3078 4092 est
3116 4024 3208 4087 lex.

793 4128 954 4193 Item
978 4128 1143 4210 quia,
1173 4127 1281 4205 ait,
1307 4127 1621 4192 rarissime
1646 4131 1759 4192 aut
1781 4147 2100 4211 nunquam
2126 4131 2269 4193 ante
2291 4129 2679 4212 septennium
2698 4130 3068 4195 emittuntur
3088 4128 3207 4188 vota

795 4233 908 4295 aut
938 4231 1287 4295 iuramenta
1321 4232 1507 4313 atque
1538 4229 1673 4295 ideo
1712 4249 1784 4294 ex
1822 4231 2231 4295 communiter
2268 4230 2770 4316 contingentibus
2807 4228 3208 4316 praesumitur.

793 4333 1014 4395 votum
1049 4333 1285 4397 factum
1332 4351 1462 4397 esse
1508 4334 1650 4415 post
1682 4332 2070 4415 septennium
2107 4334 2172 4397 et
2208 4334 2296 4398 sic
2332 4334 2396 4397 in
2433 4333 2709 4399 favorem
2743 4338 2917 4400 actus
2948 4334 3071 4397 stat
3102 4344 3212 4413 pos-

794 4434 1005 4497 sessio.
1037 4435 1335 4499 Innititur
1359 4435 1644 4499 videlicet
1667 4433 1936 4499 Sanchez
1963 4435 2291 4519 principio:
2319 4436 2481 4518 quod
2509 4455 2666 4518 quae
2689 4456 2831 4503 raro
2856 4430 3212 4517 contingunt.

795 4553 918 4600 non
957 4542 1452 4618 praesumuntur,
1494 4537 1598 4602 sed
1623 4537 1845 4602 debent
1868 4539 2244 4603 sufficienter
2274 4539 2541 4622 probari.
2575 4538 2745 4619 Quae
2782 4538 2939 4605 ratio
2972 4533 3213 4603 Sanchez

797 4638 1068 4703 ostendit
1097 4640 1306 4721 potius
1338 4640 1545 4703 locum
1575 4658 1697 4704 non
1746 4659 1877 4704 esse
1923 4641 2205 4726 legitimo
2254 4641 2462 4707 dubio.
2497 4641 2749 4721 Verum,
2785 4645 2858 4708 ut
2898 4642 3120 4705 stemus
3163 4634 3218 4697 in
