3497 5147
313 346 457 424 [716]
1083 358 1285 426 01>an
1320 358 1432 398 nm
1466 359 1656 400 amaro
1691 359 2025 401 monum-A
2671 347 2773 400 541

404 457 673 522 Gravem
727 476 858 522 esse
906 456 1348 540 obligationem
1397 456 1581 519 huius
1634 457 1945 540 praecepti
2002 457 2191 522 habes
2244 477 2316 522 ex
2369 458 2764 522 damnatione

315 578 484 644 prop.
512 562 618 624 52.
644 560 975 624 damnatae
1000 559 1078 622 ab
1102 558 1458 622 Innocentio
1484 557 1624 621 XL:
1658 584 1694 617 α
1718 559 2126 641 Praeceptum
2149 559 2432 624 servandi
2454 559 2613 624 festa
2637 578 2761 623 non

316 662 554 746 obligat
585 662 701 726 sub
731 661 1004 737 mortali,
1045 660 1315 743 seposito
1348 660 1657 736 scandalo,
1691 661 1746 725 si
1780 661 1943 725 absit
1973 662 2367 743 contemptus
2396 686 2458 724 ›.

401 760 558 834 714.
594 763 812 843 Quoad
857 781 981 840 eoS,
1029 763 1138 845 qui
1168 763 1285 826 hoc
1329 764 1654 845 praecepto
1687 766 2019 827 teneantur
2047 764 2331 844 quaestio
2363 762 2586 846 duplex
2632 762 2763 826 fieri

314 867 502 933 solet:
552 868 722 950 prior
767 866 841 930 de
887 865 1323 949 Regularibus,
1374 884 1451 928 an
1500 867 1828 929 teneantur
1858 865 1935 928 ad
1973 865 2133 929 festa
2164 865 2454 948 specialia
2502 865 2764 929 alicuius

313 969 624 1034 dioecesis.
650 968 970 1033 Habemus
992 967 1110 1032 hac
1131 966 1195 1031 in
1218 985 1284 1030 re
1307 967 1621 1031 decretum
1644 964 1877 1031 Concil.
1904 966 2072 1030 Trid.
2099 965 2260 1031 Sess.
2295 968 2401 1030 25.
2434 966 2509 1030 de
2533 965 2761 1047 Requt.

313 1091 445 1155 cap.
491 1073 628 1136 12.:
669 1097 704 1129 «
737 1068 1044 1135 Censurae
1082 1072 1145 1133 et
1176 1068 1506 1133 interdicta
1543 1068 1770 1133 nedum
1804 1088 1840 1134 a
1873 1068 2024 1134 Sede
2053 1069 2416 1151 Apostolica
2447 1069 2755 1144 emanata,

315 1175 420 1239 sed
443 1174 633 1239 etiam
658 1174 736 1239 ab
760 1172 1099 1238 Ordinariis
1114 1172 1532 1256 promulgata,
1566 1170 1902 1236 mandante
1924 1172 2247 1253 Episcopo,
2285 1191 2322 1235 a
2353 1170 2769 1254 Regularibus

313 1278 378 1341 in
414 1295 630 1342 eorum
666 1274 954 1341 Ecclesiis
990 1274 1382 1357 publicentur
1411 1276 1600 1356 atque
1630 1275 1973 1339 serventur.
2012 1274 2159 1338 Dies
2191 1273 2383 1338 etiam
2412 1273 2576 1349 festi,
2611 1291 2767 1354 quos

314 1379 378 1444 in
401 1378 665 1443 dioecesi
696 1397 809 1443 sua
846 1377 1177 1442 servandos
1208 1377 1369 1441 idem
1402 1376 1740 1460 Episcopus
1774 1377 2166 1459 praeceperit,
2205 1377 2283 1440 ab
2314 1376 2614 1458 exemptis
2648 1394 2774 1439 om·

311 1481 495 1546 nibus
526 1481 719 1545 etiam
750 1479 1185 1563 Regularibus,
1219 1482 1544 1543 serventur
1581 1505 1644 1544 ».

400 1583 618 1648 Altera
648 1582 931 1664 quaestio
979 1582 1074 1644 est
1119 1581 1191 1644 de
1238 1583 1463 1663 pueris.
1516 1583 1606 1645 De
1650 1582 1747 1646 his
1796 1602 1939 1647 vero
1978 1583 2265 1659 diximus,
2301 1582 2409 1647 ubi
2438 1581 2513 1645 de
2545 1581 2763 1663 Leyib.

315 1707 375 1751 n.
411 1687 561 1750 336.
588 1705 754 1768 seqq.
790 1687 854 1749 et
882 1705 930 1749 3.
957 1685 1142 1767 Alph.
1176 1685 1424 1748 disserit
1445 1685 1553 1749 lib.
1588 1687 1647 1748 3.
1674 1706 1734 1749 n.
1764 1687 1912 1749 270.
1941 1684 2198 1751 Summa
2222 1687 2335 1764 est,
2362 1685 2766 1767 probabiliter

317 1792 461 1855 ante
486 1790 797 1872 expletum
821 1788 1208 1870 septennium
1234 1805 1455 1870 pueros
1478 1806 1600 1852 non
1623 1789 1817 1852 teneri
1838 1812 1853 1860 ς
1888 1789 2055 1869 quia,
2084 1790 2158 1852 ut
2181 1788 2274 1852 ait
2295 1807 2343 1852 s.
2371 1789 2591 1851 Thom.
2621 1788 2680 1850 2.
2708 1788 2767 1849 2.

316 1912 376 1974 q.
423 1892 568 1954 147.
597 1892 715 1954 art.
748 1892 841 1953 4.:
883 1915 917 1946 «
949 1888 1205 1954 Statuta
1229 1890 1582 1953 communia
1601 1891 2033 1972 proponuntur
2063 1890 2399 1954 secundum
2429 1889 2595 1971 quod
2618 1890 2776 1953 mul-

316 1996 578 2060 titudini
600 1994 975 2059 conveniunt
1005 1995 1069 2057 et
1092 1993 1229 2058 ideo
1252 1994 1576 2077 legislator
1607 1994 1669 2057 in
1692 1995 1780 2058 eis
1812 1994 2158 2058 statuendis
2191 1994 2460 2059 attendit
2497 1994 2578 2069 id,
2605 1992 2770 2074 quod

316 2098 733 2163 communiter
763 2096 1028 2161 habetur
1059 2098 1124 2160 et
1158 2096 1221 2159 in
1252 2095 1534 2179 pluribus
1567 2095 1793 2160 accidit
1824 2122 1886 2160 ».

404 2201 573 2265 Bene
605 2201 813 2264 tamen
845 2200 1129 2280 parentes
1154 2198 1443 2275 facerent,
1477 2198 1530 2262 si
1553 2198 1781 2263 filiolos
1813 2199 2003 2263 etiam
2038 2201 2219 2262 antea
2251 2199 2472 2281 pietati
2505 2197 2772 2262 assuefa-

310 2305 526 2370 cerent
562 2306 708 2379 etc.;
743 2302 891 2384 quia
922 2301 1165 2383 pueruli
1195 2301 1398 2385 magis
1428 2300 1610 2366 factis
1641 2302 2030 2378 erudiuntur,
2064 2322 2252 2383 quam
2287 2303 2488 2366 verbis
2524 2305 2638 2365 etc.

400 2407 468 2473 S.
508 2406 693 2489 Alph.
734 2404 880 2468 ibid.
920 2404 1142 2468 merito
1191 2405 1268 2467 ab
1307 2404 1687 2489 obligatione
1724 2405 2014 2470 audiendi
2045 2405 2306 2469 Missam
2343 2404 2558 2469 eximit
2605 2423 2767 2480 eum,

308 2512 419 2595 qui
475 2509 663 2575 simul
709 2508 793 2572 sit
836 2524 1052 2570 caecus
1085 2507 1148 2570 et
1177 2505 1433 2585 surdus3
1475 2507 1624 2589 quia
1654 2507 1756 2571 hic
1790 2526 1912 2572 non
1952 2509 2159 2591 potest
2195 2510 2509 2591 praestare
2547 2506 2775 2571 Missae

307 2613 621 2680 moralem
660 2609 1103 2675 assistentiam.

402 2711 567 2786 715.
616 2712 875 2793 Quaerit
920 2732 969 2776 3.
1009 2712 1194 2795 Alph.
1241 2732 1301 2775 n.
1353 2713 1501 2775 271.
1552 2732 1629 2775 an
1676 2713 1863 2777 liceat
1898 2714 1961 2778 in
1999 2713 2175 2778 festis
2219 2713 2540 2798 iniungere
2588 2732 2773 2797 opera

307 2819 570 2886 servilia
612 2816 983 2881 infidelibus
1033 2813 1415 2879 Sententiam
1462 2814 1880 2879 affirmantem
1927 2836 2049 2881 non
2093 2816 2564 2899 improbabilem
2609 2817 2773 2882 idem

306 2922 599 2988 affirmat
644 2922 706 2984 et
735 2938 881 2984 sane
912 2937 1036 2983 non
1070 2920 1325 3001 apparet
1371 2918 1532 2981 ratio
1581 2936 1689 2981 cur
1723 2918 1788 2981 id
1825 2921 2104 3002 negetur.
2139 2918 2301 2982 Nam
2331 2919 2605 2984 infideles
2637 2939 2773 3003 pos-

306 3028 463 3092 sunt
495 3027 661 3089 certe
693 3024 789 3088 his
820 3023 1034 3087 diebus
1073 3023 1221 3085 haec
1253 3040 1437 3104 opera
1484 3040 1777 3099 exercere,
1825 3041 1967 3085 cum
2012 3022 2253 3106 legibus
2299 3022 2606 3086 Ecclesiae
2653 3042 2779 3087 non

304 3128 682 3194 teneantur:
717 3126 825 3208 qui
870 3144 1016 3209 ergo
1050 3144 1122 3188 ea
1168 3124 1318 3208 ipsis
1366 3125 1682 3208 praecipit,
1714 3124 1962 3188 nullum
1993 3127 2312 3207 peccatum
2352 3125 2438 3188 eis
2470 3124 2771 3208 praecipit

304 3233 438 3297 imo
483 3247 643 3312 opus
680 3229 1044 3293 honestum:
1080 3247 1188 3292 cur
1226 3246 1372 3311 ergo
1410 3228 1687 3311 peccabit
1715 3227 1779 3290 id
1816 3227 2234 3310 praecipiens?
2280 3226 2415 3290 Etsi
2454 3245 2596 3291 vero
2636 3228 2775 3309 quis

303 3334 646 3401 censeatur
683 3350 791 3415 per
837 3349 900 3396 se
946 3330 1144 3395 facere
1175 3329 1339 3410 quod
1369 3330 1521 3394 facit
1566 3349 1672 3412 per
1703 3329 1919 3405 alium,
1951 3329 2015 3392 id
2047 3348 2262 3393 verum
2294 3332 2389 3391 est
2435 3328 2775 3405 moraliter,

304 3458 436 3504 non
459 3435 760 3520 physiee‚·
797 3436 931 3500 heic
977 3438 1189 3498 autem
1222 3453 1317 3497 res
1363 3435 1676 3515 prohibita
1712 3434 2066 3498 christianis
2096 3435 2193 3497 est
2222 3433 2426 3514 ipsum
2458 3434 2774 3513 corporale

307 3560 477 3625 opus
515 3538 738 3604 servile
770 3540 834 3603 et
862 3537 1018 3601 nihil
1059 3535 1246 3600 aliud.
1282 3534 1373 3598 Cf.
1406 3536 1515 3598 inf.
1543 3556 1602 3599 n.
1645 3537 1792 3599 771.

1433 3728 1594 3791 Dus.
1638 3728 1685 3790 Ι.

461 3870 642 3952 Quae
678 3888 867 3950 opera
906 3871 1035 3931 tum
1070 3866 1180 3931 hoe
1212 3871 1543 3947 praecepto
1578 3871 1707 3930 tum
1748 3866 1829 3930 ab
1853 3863 2143 3930 Ecclesia
2159 3864 2638 3946 prohibeantur.

420 4036 482 4088 ll.
517 4035 668 4096 Resp.
698 4033 737 4083 l.
767 4030 856 4083 Die
884 4033 1004 4082 lesto
1045 4030 1367 4095 prohibentur
1405 4030 1565 4084 omnia
1591 4046 1740 4096 opera
1781 4030 1996 4093 servilia,
2034 4034 2128 4085 hoe
2166 4038 2241 4085 est
2273 4047 2396 4097 quae
2435 4040 2480 4086 et
2523 4043 2782 4087 versantur

296 4120 441 4175 circa
484 4115 745 4171 materiam
784 4121 1035 4168 externam
1074 4120 1122 4167 et
1163 4119 1238 4167 vel
1276 4115 1552 4169 mechanica
1593 4123 1640 4169 et
1676 4116 1931 4170 illiberalia
1968 4122 2098 4180 sunt,
2143 4130 2189 4168 v.
2215 4132 2287 4181 gr.
2315 4132 2478 4179 suere,
2535 4117 2785 4180 fabricare,

300 4207 387 4259 vel
430 4199 699 4267 requirunt
736 4206 921 4253 tantum
960 4200 1178 4253 laborem
1216 4200 1436 4266 corporis
1473 4209 1521 4253 et
1561 4205 1619 4253 nb
1657 4200 1899 4265 operariis
1938 4207 2124 4254 tantum
2163 4207 2210 4253 et
2247 4199 2406 4254 servis
2446 4200 2552 4254 fleri
2597 4202 2771 4254 solent.

301 4294 373 4344 lta
419 4288 548 4343 DD.
569 4283 906 4338 communiter.
936 4281 1050 4336 Vin.
1076 4284 1245 4346 Laym.
1273 4287 1305 4335 l.
1334 4284 1381 4336 4.
1411 4291 1468 4337 tr.
1491 4287 1543 4337 7.
1572 4301 1616 4338 e.
1644 4289 1693 4338 2.
1719 4288 1857 4339 Suar.
1885 4285 1950 4340 de
1977 4285 2141 4356 Reliq.
2169 4293 2227 4339 tr.
2253 4289 2301 4340 2.
2331 4290 2362 4339 l.
2390 4290 2439 4339 2.
2471 4287 2576 4340 Fill.
2604 4294 2665 4339 tr.
2693 4288 2777 4340 27.

298 4392 345 4429 c.
380 4377 437 4427 9.
469 4378 578 4424 etc.
606 4382 666 4421 ex
704 4383 745 4422 s.
772 4370 865 4422 Tn.
894 4369 925 4421 l.
960 4382 1003 4419 c.

397 4475 574 4553 716.
624 4477 1028 4543 Praemittere
1073 4476 1237 4549 lieet,
1287 4477 1449 4558 quod
1496 4478 1790 4552 Ecclesia,
1838 4483 2038 4545 mater
2068 4481 2353 4565 benigna,
2389 4481 2665 4557 subinde,
2716 4485 2790 4544 ut

293 4583 689 4656 conciliaret
710 4582 951 4646 cultum
967 4600 1109 4645 cum
1127 4578 1405 4643 utilitate
1421 4581 1770 4664 temporali,
1797 4583 2076 4665 permisit
2093 4582 2376 4647 fidelibus
2393 4583 2780 4663 quorundam
