3497 5147
328 388 469 458 [897]
852 401 1091 442 nocam
1128 382 1561 443 memmerunt.
1600 402 1902 445 Pomm-rm
1941 402 2278 444 Eccnnsmn
2672 388 2783 443 298

326 501 515 583 geret.
552 497 944 579 Quamquam
976 498 1196 561 melius
1229 498 1442 562 dicunt
1473 498 1565 562 illi
1599 500 1757 576 DD.‚
1792 500 1900 580 qui
1931 501 2410 565 incontinentiae
2443 501 2784 582 periculum

327 619 441 665 non
492 601 762 685 alligant
808 599 1103 681 temporis
1150 600 1570 675 diuturnitati,
1611 620 1752 665 cum
1783 603 1979 683 possit
2027 602 2236 667 adesse
2288 603 2480 666 etiam
2517 602 2782 666 breviori

328 703 621 786 temporis
670 704 1017 767 intervallo.
1064 704 1158 767 De
1204 704 1319 767 1136
1364 722 1428 767 re
1475 724 1523 767 3.
1574 704 1927 786 Alphonsus
1976 706 2081 770 lib.
2133 707 2192 769 3.
2234 727 2294 770 n.
2332 707 2484 769 458.
2533 707 2596 769 16
2645 705 2780 769 fin.:

333 831 365 865 «
396 806 749 888 Opinantur
781 807 990 869 autem
1038 805 1142 869 isti
1188 805 1488 881 (10616163,
1523 808 1671 871 11166
1717 809 2010 893 coniuges
2056 809 2121 871 in
2152 809 2378 871 morali
2420 808 2783 872 necessitate

329 927 473 984 esse,
509 907 757 988 quando
790 909 936 971 sunt
965 907 1028 970 in
1058 907 1330 989 periculo
1362 908 1863 986 incontinentiae,
1895 911 1993 974 vel
2018 910 2263 991 quando
2296 911 2402 974 diu
2435 911 2498 974 in
2531 911 2784 974 66616313

327 1028 570 1073 manere
617 1009 924 1086 deberent,
973 1028 1189 1090 nempe
1236 1029 1344 1092 per
1379 1011 1478 1074 lo.
1513 1010 1662 1085 (1163,
1699 1015 1771 1075 111
1819 1013 2010 1093 aliqui.
2056 1014 2325 1087 censent,
2360 1012 2466 1075 alii
2514 1032 2621 1093 per
2653 1014 2781 1089 20„

332 1112 429 1174 alii
465 1130 610 1175 vero
660 1130 767 1193 per
810 1130 1102 1175 mensem.
1136 1111 1218 1174 Et
1264 1131 1431 1187 casu,
1465 1132 1586 1193 quo
1635 1113 1926 1197 coniuges
1974 1113 2335 1190 iudicarent,
2372 1134 2477 1195 per
2508 1132 2782 1177 mensem

334 1213 390 1276 in
423 1213 679 1277 ecclesia
711 1232 776 1277 se
800 1232 931 1277 esse
961 1232 1307 1291 mansuros,
1344 1215 1532 1278 6113111
1558 1216 1637 1279 ab
1668 1215 1848 1279 initio
1881 1216 2107 1279 mensis
2140 1216 2416 1297 copulari
2448 1218 2782 1296 possent».

332 1314 527 1394 Quam
572 1315 919 1380 doctrinam
981 1317 1167 1380 tacite
1214 1335 1261 1380 3.
1312 1317 1494 1398 Alph.
1545 1318 1850 1399 approbat
1911 1317 2112 1381 Diana
2170 1318 2322 1380 tom.
2378 1318 2433 1380 1.
2486 1320 2666 1381 tract.
2721 1318 2779 1381 7.

328 1419 504 1482 resol.
533 1422 639 1483 85.
668 1440 726 1482 6.
751 1421 842 1482 2.:
877 1444 912 1478 «
932 1418 1048 1483 Sed
1074 1439 1207 1503 ego,
1250 1422 1491 1484 attenta
1518 1421 1790 1485 humana
1813 1421 2178 1504 fragilitate,
2214 1424 2364 1503 puto
2391 1441 2531 1484 cum
2556 1420 2779 1484 Suarez

328 1524 387 1583 et
414 1522 602 1584 Petro
642 1521 958 1595 Ledesma‚
997 1522 1255 1604 longum
1303 1525 1545 1604 tempus
1591 1543 1720 1586 esse
1769 1526 2039 1603 quatuor
2087 1526 2197 1587 3111
2236 1523 2505 1604 quinque
2553 1523 2682 1586 dies
2716 1548 2778 1585 ».

328 1621 501 1688 Certe
539 1643 663 1688 non
692 1624 998 1699 absoluta,
1036 1625 1141 1689 sed
1186 1625 1454 1689 relativa
1500 1645 1794 1689 mensura
1832 1625 2076 1688 videtur
2112 1625 2435 1700 utendum,
2478 1625 2778 1706 siquidem

324 1727 617 1808 temporis
663 1746 951 1791 mensura
999 1727 1299 1792 utendum
1344 1728 1446 1791 sit.

414 1827 524 1890 IV.
558 1828 695 1892 Per
737 1829 1124 1908 sepulturam
1169 1829 1438 1893 homi-nis
1485 1830 2015 1892 exeommunicati.

416 1928 494 1992 V.
539 1929 671 1993 Per
713 1931 1100 2012 sepulturam
1144 1931 1426 2011 infidelis
1469 1935 1532 1994 et
1575 1951 1701 1994 non
1748 1931 2053 2009 baptizati
2096 1930 2382 1996 hominis.

409 2030 584 2096 Nota
615 2032 936 2098 discrimen
966 2035 1128 2098 inter
1152 2034 1384 2116 priores
1408 2037 1534 2098 tres
1565 2033 1783 2097 modos
1807 2033 2079 2098 violandi
2105 2037 2166 2097 et
2190 2035 2345 2099 duos
2370 2036 2774 2116 posteriores3

314 2153 461 2197 nam
512 2135 659 2199 illae
705 2137 1072 2201 violationes
1120 2137 1574 2200 contrahuntur
1619 2156 1725 2217 per
1773 2136 2077 2201 actionem
2116 2138 2506 2219 culpabilem,
2544 2138 2620 2201 ad
2666 2138 2779 2202 has

314 2255 461 2300 vero
510 2256 639 2301 non
685 2239 1022 2319 requiritur
1068 2240 1269 2320 culpa.
1317 2237 1497 2303 Nunc
1541 2238 1847 2319 quaedam
1894 2238 2147 2302 dicenda
2201 2239 2275 2303 de
2330 2240 2613 2323 singulis.
2663 2238 2779 2304 Sed

314 2339 522 2419 quoad
569 2339 846 2421 primum
892 2342 956 2404 et
1002 2340 1270 2404 alterum
1315 2340 1469 2404 satis
1501 2358 1632 2404 esse
1671 2338 1959 2403 videntur
1996 2358 2153 2419 quae
2185 2340 2351 2405 dicta
2390 2343 2554 2405 sunt.
2588 2341 2782 2405 Addit

311 2442 525 2505 tamen
577 2442 903 2525 Laymann
948 2442 990 2505 l.
1026 2463 1077 2506 6.
1113 2444 1393 2524 oportere
1442 2442 1514 2506 ut
1558 2442 1786 2505 iniuria
1833 2441 2151 2524 pertingat
2198 2442 2273 2505 ad
2320 2443 2569 2524 culpam
2613 2462 2780 2507 mor-

313 2543 529 2620 talem,
584 2544 753 2608 sicut
796 2545 1043 2609 notavit
1088 2543 1315 2609 Suarez
1361 2544 1423 2608 in
1471 2545 1559 2608 3¹¹¹
1606 2565 1665 2627 p.
1700 2542 1776 2606 de
1809 2542 2086 2608 Sacram.
2123 2544 2194 2607 in
2239 2564 2378 2626 qen.
2414 2546 2528 2609 etc.
2573 2545 2631 2609 d.
2674 2547 2778 2610 81.

304 2651 456 2712 3661.
492 2651 555 2712 4.
595 2667 657 2711 6.
696 2650 754 2711 2.

390 2750 477 2815 Et
509 2769 683 2833 quae
712 2769 856 2815 mox
901 2751 1128 2815 dicturi
1174 2769 1391 2814 sumus
1427 2751 1488 2813 in
1522 2750 1885 2831 quaestione
1916 2750 1988 2813 de
2020 2750 2364 2833 sacrilegio,
2399 2749 2644 2831 quando
2683 2770 2778 2815 res

300 2872 425 2916 non
461 2853 553 2917 sit
589 2853 860 2928 notoria,
898 2852 975 2916 ad
1013 2871 1084 2916 ea
1122 2871 1368 2933 quoque
1399 2853 1700 2934 pertinere
1732 2853 2132 2917 manifestum
2163 2856 2276 2916 est.

386 2952 575 3026 397.
617 2953 973 3033 Quaeritur,
1009 2974 1086 3018 an
1126 2971 1538 3017 sAcfflLEeIUM
1585 2955 1669 3018 sit
1714 2953 1952 3018 occulta
1997 2954 2248 3018 seminis
2280 2954 2494 3018 effusio
2534 2955 2773 3019 illicita.

296 3057 543 3122 Eadem
579 3058 872 3139 quaestio
904 3060 999 3121 est
1029 3057 1103 3121 de
1134 3057 1355 3121 illicita
1388 3058 1710 3140 sanguinis
1747 3057 2061 3120 effusione.

379 3161 746 3241 Quaeritur
783 3178 862 3223 an
886 3160 971 3223 sit
999 3159 1418 3239 saem'leye'um,
1452 3178 1574 3223 non
1607 3162 1816 3224 autem
1865 3177 1942 3221 311
1983 3177 2090 3239 per
2122 3159 2431 3222 occultam
2476 3158 2780 3223 eiusmodi

287 3264 596 3329 illicitam
654 3262 1012 3326 effusionem
1058 3280 1229 3326 sacer
1273 3262 1445 3325 locus
1494 3261 1832 3342 polluatur.
1881 3260 2044 3323 Nam
2090 3260 2143 3323 si
2190 3259 2427 3323 occulta
2473 3261 2574 3336 sit,
2611 3262 2780 3326 valet

287 3368 513 3432 eadem
549 3365 730 3430 ratio
764 3384 834 3428 36
865 3384 974 3447 pro
1009 3364 1337 3428 homicidio
1377 3383 1486 3427 seu
1516 3364 1811 3427 effusione
1856 3362 2178 3445 sanguinis
2210 3361 2390 3442 (153.
2427 3363 2525 3444 L),
2562 3382 2778 3445 nempe

286 3477 358 3538 ut
409 3474 718 3538 vitentur
764 3471 1071 3534 scandala.
1107 3470 1279 3534 Adde
1316 3471 1381 3532 1⁰
1412 3469 1575 3550 quod
1622 3470 1713 3532 ita
1761 3468 2020 3550 expedit,
2064 3486 2138 3530 ne
2185 3467 2587 3548 prohibeatur
2632 3469 2781 3531 cele-

283 3576 469 3641 brare
503 3572 814 3640 sacerdos
847 3575 960 3636 aut
995 3573 1319 3654 parochus,
1369 3571 1475 3651 qui
1523 3573 1756 3633 secreto
1790 3569 1925 3643 scit,
1961 3588 2017 3630 v.
2055 3588 2147 3650 gr.
2184 3587 2254 3630 ex
2287 3566 2682 3643 confessione,
2717 3569 2780 3630 in

281 3680 555 3746 ecclesia
612 3696 696 3742 ea
742 3677 1107 3760 contigisse:
1159 3677 1227 3737 2⁰
1276 3678 1414 3737 tum
1461 3673 1650 3736 etiam
1712 3691 1789 3734 ne
1845 3669 2191 3734 sacerdotes
2254 3669 2503 3732 haerere
2565 3669 2783 3732 incerti

279 3802 536 3865 semper
588 3779 886 3854 debeant,
918 3778 1161 3860 polluta
1193 3795 1378 3841 necne
1415 3775 1499 3839 sit
1529 3773 1803 3837 ecclesia.

370 3885 434 3950 S.
457 3884 850 3966 Alphonsus
874 3880 1031 3944 hanc
1054 3879 1478 3960 quaestionem
1503 3879 1738 3941 tractat
1760 3875 1867 3938 lib.
1888 3877 1948 3937 3.
1969 3894 2026 3937 n.
2049 3875 2220 3948 458,
2241 3874 2348 3937 ubi
2374 3873 2447 3938 de
2471 3874 2579 3938 VI.
2602 3875 2784 3938 Prae-

277 3995 495 4072 cepto;
537 3984 663 4050 sed
701 3982 849 4046 dum
882 3981 1206 4065 coniungit
1228 3979 1652 4061 quaestionem
1686 3978 1759 4042 de
1789 3976 2120 4057 sacrileffl‘o
2152 3997 2292 4041 cum
2318 3979 2676 4059 quaestione
2709 3979 2781 4042 de

280 4092 665 4176 pollutione
704 4084 1012 4156 ecelesiae,
1048 4083 1491 4147 obscuritatem
1522 4081 1777 4145 inducit.

366 4187 795 4262 Praemittit,
834 4187 894 4250 in
934 4206 1065 4268 cap.
1100 4185 1262 4249 unic.
1298 4184 1371 4248 cle
1412 4183 1696 4248 Consecr.
1726 4185 1787 4247 in
1827 4183 1910 4258 6.,
1952 4185 2177 4247 61636.
2213 4181 2538 4258 Ecclesiis,
2575 4182 2781 4246 aede

287 4297 600 4362 Gon-seer.
642 4289 802 4354 dist.
838 4291 897 4351 2.
947 4288 1195 4370 (addere
1242 4288 1488 4370 poterat
1533 4306 1664 4367 cap.
1699 4284 1987 4349 Ecclesia
2031 4285 2136 4347 fin.
2164 4283 2238 4345 de
2278 4282 2781 4367 Consecratvbne)

282 4397 622 4485 prohiberi
658 4391 994 4474 sanguinis
1028 4392 1138 4454 aut
1169 4391 1417 4454 seminis
1450 4389 1841 4462 effusionem3
1882 4386 2049 4468 quod
2097 4386 2255 4449 alius
2289 4389 2498 4467 posset
2532 4406 2778 4470 negare,

278 4509 426 4588 quia
460 4504 653 4568 hisce
690 4497 768 4559 in
804 4495 953 4559 locis
984 4495 1099 4558 hoc
1131 4513 1325 4558 unum
1356 4492 1654 4566 innuitur,
1688 4491 2006 4554 ecclesiam
2039 4489 2297 4552 seminis
2327 4488 2624 4565 effusione
2652 4489 2782 4567 pol-

278 4607 485 4674 lutam
536 4602 846 4683 indigere
892 4597 1403 4660 reconciliatione.
1455 4593 1570 4658 Sed
1617 4592 1926 4673 quomodo
1984 4591 2302 4672 polluatur
2357 4593 2469 4654 aut
2515 4591 2779 4671 quande,

282 4714 442 4778 nihil
477 4710 673 4774 dicit.
714 4700 890 4782 Ergo
925 4698 1168 4765 aliunde
1202 4698 1261 4761 id
1300 4695 1760 4761 desumendum.
