3497 5147
710 336 817 391 722
907 347 1124 389 ruer.
1155 348 1233 388 vr.
1262 344 1423 387 sacr.
1454 345 1532 386 v1.
1564 344 1647 384 m:
1674 343 1864 385 smx‘ro
1888 344 1963 383 m
1987 342 2150 384 nono
2176 342 2397 385 ramo,
2419 342 2749 385 omanoffl.
2771 344 2915 387 nnn.
2936 345 2976 384 1.
3027 328 3152 404 [977

692 443 1196 530 pulcritudinem,
1246 441 1660 525 prosequitur,
1717 439 1827 522 qui
1883 439 2137 503 affectus
2200 441 2373 504 tener
2417 442 2514 504 est
2558 442 2623 504 et
2669 441 2991 518 sensuaIiS,
3040 441 3158 506 etsi

691 549 1005 614 seiunctus
1064 546 1141 609 ab
1205 544 1547 609 intentione
1609 561 1902 607 venereae
1958 541 2405 619 delectationis,
2457 542 2536 607 ad
2580 561 2770 625 quam
2815 544 3025 607 tamen
3071 544 3160 607 in·

691 651 1053 727 tentionem,
1094 649 1149 714 si
1188 646 1551 732 praesertim
1602 644 1858 710 affectus
1890 643 1995 707 diu
2029 644 2335 721 foveatur,
2368 644 2569 709 facilis
2601 648 2697 710 est
2728 664 3110 730 progressus,

785 753 1134 835 Loquentes
1160 769 1307 835 ergo
1333 750 1406 813 de
1442 748 1689 825 osculi8,
1719 747 2122 830 amplexibus,
2150 746 2422 811 tactibus
2446 749 2509 813 et
2540 747 2614 812 de
2645 747 2743 811 his
2766 747 2929 813 circa
2951 751 3158 832 partes

694 857 1008 932 honestas,
1059 857 1132 919 ut
1177 871 1419 929 manus,
1470 850 1614 927 oriS,
1665 850 1716 914 si
1766 849 1899 913 ioco
1947 849 2123 923 fiant,
2172 849 2450 927 levitate,
2500 850 2846 934 petulantia
2885 851 3160 932 (nomine

682 957 1081 1040 petulantiae
1126 955 1595 1040 improbitatem
1639 952 1940 1036 intellige,
1991 970 2114 1033 qua
2161 951 2300 1033 quis
2340 952 2536 1016 alium
2567 972 2673 1035 per
2718 952 3159 1018 contumeliam

697 1061 876 1144 petit,
902 1078 1025 1124 non
1056 1058 1398 1133 lasciviam,
1428 1076 1586 1140 quae
1611 1056 1802 1121 etiam
1835 1054 1950 1118 sub
1982 1054 2366 1137 petulantiae
2399 1055 2643 1120 nomine
2677 1054 2874 1137 venit)
2907 1057 2979 1118 ut
3001 1055 3163 1119 inter

696 1180 922 1245 pueros
969 1161 1325 1245 contingere
1372 1159 1533 1224 solet
1579 1155 1943 1239 (dummodo
1993 1155 2158 1219 absit
2203 1155 2531 1220 delectatio
2566 1175 2821 1219 venerea
2866 1176 2974 1220 nec
3022 1175 3162 1220 eam

697 1264 968 1328 excitent
999 1264 1112 1327 aut
1144 1262 1276 1326 eius
1324 1261 1668 1345 periculum
1715 1259 1856 1341 plus
1894 1258 2101 1322 minus
2140 1258 2491 1340 proximum
2523 1277 2649 1322 non
2679 1258 3159 1341 praevideatur),

698 1365 960 1431 dicimus
992 1385 1133 1429 cum
1168 1365 1244 1429 A.
1279 1383 1400 1429 non
1427 1363 1708 1427 excedere
1743 1364 2065 1445 peccatum
2099 1359 2358 1424 veniale.
2396 1360 2629 1442 Utique
2660 1361 2843 1444 culpa
2867 1365 2980 1438 est,
3016 1362 3163 1443 quia

697 1470 829 1534 sine
866 1469 1125 1533 honesto
1159 1468 1278 1532 fine
1317 1466 1690 1550 supponitur
1736 1483 1808 1528 ea
1839 1463 2000 1529 fieri:
2051 1462 2156 1527 sed
2201 1463 2489 1527 mortalis
2523 1481 2642 1528 non
2676 1465 2804 1542 est;
2846 1464 2990 1545 quia
3041 1465 3164 1527 sita

697 1591 822 1637 non
869 1573 965 1637 est
1011 1573 1111 1636 vel
1155 1572 1220 1636 in
1267 1568 1615 1652 quaerenda
1662 1566 2071 1632 delectatione
2108 1584 2384 1643 venerea,
2421 1566 2519 1630 vel
2555 1566 2619 1630 in
2650 1567 2782 1630 eius
2819 1566 3166 1649 periculum

698 1693 763 1740 se
796 1673 1202 1750 coniiciend03
1238 1692 1386 1737 nam
1415 1672 1576 1736 tales
1609 1672 1786 1736 actus
1819 1689 1926 1751 per
1957 1688 2021 1733 se
2054 1687 2175 1733 non
2208 1668 2440 1733 habent
2470 1669 2815 1751 proximam
2846 1670 3166 1733 connexio-

699 1796 841 1841 nem
873 1795 1017 1840 cum
1053 1775 1462 1839 delectatione
1498 1792 1775 1838 venerea.

792 1875 963 1949 977.
1005 1879 1071 1944 Si
1102 1897 1246 1943 vero
1281 1877 1513 1954 oscula,
1548 1876 1885 1958 amplexus,
1921 1876 2127 1939 tactus
2157 1873 2314 1937 fiant
2344 1874 2504 1938 inter
2537 1875 2793 1956 puberes
2835 1895 2906 1940 ex
2941 1875 3166 1940 affectu

700 1980 993 2058 sensuali,
1028 1999 1344 2045 censemus
1376 1998 1519 2043 cum
1566 1997 1614 2042 s,
1650 1978 1835 2060 Alph.
1870 1977 2022 2054 heic,
2058 1996 2130 2041 ea
2162 1977 2504 2060 periculum
2552 1976 2691 2060 plus
2729 1977 2935 2041 minus
2969 1978 3169 2061 proxi-

702 2102 877 2146 mum
901 2082 1330 2146 delectationis
1356 2099 1646 2145 venereae
1670 2098 1849 2162 posse
1867 2079 2152 2144 inducere
2177 2082 2240 2143 et
2270 2098 2602 2144 consensus
2626 2079 2689 2143 in
2714 2099 2871 2153 eam,
2897 2082 3168 2145 maxime

701 2185 758 2249 si
804 2204 946 2248 cum
991 2203 1169 2251 mora
1213 2183 1370 2248 fiant
1416 2185 1480 2247 et
1525 2182 1751 2246 idcirco
1798 2201 1904 2265 per
1950 2201 2015 2246 se
2061 2182 2328 2246 maxime
2374 2181 2630 2246 vitanda
2678 2202 2808 2247 esse
2840 2183 3167 2265 multoque

703 2288 928 2372 magiS,
963 2287 1017 2353 si
1048 2306 1190 2352 cum
1222 2305 1484 2370 persona
1516 2284 1741 2349 diversi
1781 2303 1960 2349 sexus
1999 2285 2365 2348 habeantur.
2407 2281 2606 2362 Certe,
2640 2286 2748 2366 qui
2794 2286 2890 2350 his
2925 2285 3168 2349 actibus

702 2391 1177 2455 delectationem
1208 2389 1558 2454 sensualem
1588 2386 1853 2469 quaerit,
1901 2388 2181 2451 interiori
2216 2387 2421 2451 animo
2454 2388 2518 2450 et
2548 2405 2729 2471 saepe
2762 2388 3168 2452 exterioribus

703 2511 949 2576 quoque
982 2492 1225 2557 actibus
1274 2490 1353 2554 ad
1384 2489 1683 2553 ulteriora
1714 2489 1971 2571 provehi
2008 2488 2186 2553 solet.
2224 2489 2339 2553 Vel
2385 2490 2617 2572 pressio
2650 2509 2872 2555 manus
2903 2490 3167 2554 feminae

700 2597 815 2659 aut
848 2593 1252 2660 adolescentis
1299 2591 1762 2674 digitorumque
1811 2593 2169 2656 attrectatio
2218 2595 2425 2675 potest
2457 2612 2587 2658 esse
2620 2613 2761 2658 cum
2800 2595 3022 2659 affectu
3068 2613 3168 2658 ve-

704 2716 906 2774 nere0,
941 2696 1041 2760 vel
1072 2696 1236 2759 certe
1267 2712 1410 2759 cum
1443 2693 1575 2758 eius
1618 2694 1911 2777 periculo.
1951 2694 2394 2768 Nihilominus,
2434 2695 2582 2776 quia
2619 2695 2768 2760 haec
2807 2716 2878 2760 ex
2925 2696 3166 2761 diversa

702 2817 952 2879 quoque
998 2796 1401 2879 dispositione
1450 2796 1712 2861 subiecti
1751 2796 2014 2879 pendent
2053 2798 2116 2861 et
2162 2798 2505 2880 periculum
2552 2800 2798 2880 oportet
2836 2817 2966 2862 esse
2999 2817 3168 2881 prae-

702 2900 927 2976 visum,
977 2898 1278 2962 iudicium
1322 2898 1386 2962 in
1434 2898 1696 2982 singulis
1744 2900 2009 2975 casibuS,
2062 2919 2138 2963 an
2187 2902 2507 2983 peccatum
2541 2899 2625 2963 sit
2656 2918 2841 2964 necne
2879 2901 3163 2979 mortale,

702 3022 776 3066 ex
806 3002 1290 3066 circumstantiis
1338 3021 1582 3084 quoque
1632 3003 1893 3067 actionis
1941 3002 2311 3067 sumendum
2357 3004 2493 3067 erit.

795 3103 922 3168 Nec
958 3106 1280 3187 peccatum
1313 3124 1503 3189 grave
1537 3106 1631 3168 est
1677 3106 1919 3169 teneros
1958 3104 2302 3169 deosculari
2347 3105 2615 3171 infantes
2664 3107 2852 3171 etiam
2905 3107 2981 3171 ob
3029 3127 3166 3171 eam

703 3206 1059 3271 sensibilem
1091 3207 1500 3289 voluptatem,
1535 3227 1693 3290 quae
1725 3228 1796 3270 ex
1829 3207 2122 3271 mollibus
2155 3209 2442 3273 carnibus
2474 3210 2839 3293 percipitur3
2866 3208 3061 3275 distat
3096 3230 3168 3274 ea

704 3328 973 3390 namque
1006 3328 1043 3372 a
1089 3328 1347 3373 venerea
1395 3328 1505 3374 nec
1551 3328 1659 3391 per
1691 3328 1756 3373 se
1801 3308 1877 3373 fit
1909 3329 1944 3372 a
1975 3309 2165 3391 priori
2199 3310 2277 3373 ad
2310 3310 2573 3375 alteram
2605 3330 2986 3396 progressus.

797 3406 969 3482 978.
1023 3409 1185 3491 Quid
1231 3429 1376 3475 vero
1424 3409 1497 3474 de
1546 3411 1917 3493 aspectibus
1967 3430 2122 3493 quos
2155 3413 2229 3476 A.
2265 3413 2381 3476 hac
2412 3413 2618 3478 Resol.
2661 3414 3170 3497 comprehendere

707 3514 999 3579 videtur?
1030 3514 1202 3578 Haec
1248 3514 1437 3577 habet
1483 3513 1731 3578 Lessius
1780 3515 1820 3577 l.
1862 3517 1923 3577 4.
1959 3534 2010 3578 c.
2059 3516 2120 3578 3.
2161 3536 2220 3579 n.
2273 3516 2375 3579 65.
2416 3516 2740 3599 Aspectus,
2792 3518 2846 3581 si
2892 3533 3171 3583 versetur

705 3616 866 3680 circa
905 3619 1112 3699 partes
1159 3617 1453 3681 honestas
1484 3616 2034 3698 (quemadmodum
2082 3637 2244 3682 nunc
2274 3618 2387 3683 hos
2435 3620 2612 3684 actus
2659 3619 3167 3705 consideramus),

707 3719 952 3782 nullum
999 3720 1096 3782 est
1140 3738 1248 3801 per
1293 3737 1357 3783 se
1405 3718 1675 3800 praecise
1722 3720 2066 3801 peccatum,
2115 3720 2232 3785 nisi
2264 3720 2426 3785 forte
2456 3721 2583 3786 sint
2631 3725 2806 3787 actus
2846 3723 3031 3787 otiosi
3080 3725 3171 3805 (et

704 3820 823 3883 erit
869 3820 1109 3885 veniale
1146 3820 1495 3903 peccatum)
1526 3821 1624 3884 vel
1657 3820 1734 3884 ad
1767 3821 2319 3904 concupiscendum
2364 3823 2521 3887 fiant
2566 3824 2658 3906 (et
2704 3825 2822 3889 erit
2853 3827 3166 3910 mortale).

706 3921 790 3986 Et
834 3921 1018 4000 ratic,
1068 3941 1177 3986 cur
1223 3941 1332 4006 per
1379 3941 1444 3988 se
1490 3942 1614 3989 non
1670 3924 1755 3989 sit
1803 3926 2143 4007 peccatum,
2193 3927 2287 3990 est
2343 3926 2510 4009 quia,
2561 3947 2704 3993 cum
2753 3931 3039 4012 aspectus
3087 3929 3170 3994 sit

704 4041 920 4088 sensus
956 4024 1159 4108 magis
1191 4025 1471 4090 elevatus
1504 4027 1567 4089 et
1597 4026 1963 4108 spiritualis,
1999 4046 2105 4110 per
2137 4047 2201 4092 se
2236 4048 2358 4094 non
2407 4031 2619 4095 movet
2663 4030 2741 4094 ad
2780 4032 3167 4116 voluptatem

707 4127 1017 4191 carnalem
1042 4151 1103 4190 ›.

801 4252 836 4287 «
860 4229 1079 4295 Potest
1103 4230 1313 4295 tamen
1347 4248 1478 4295 esse
1510 4233 1832 4313 peccatum
1864 4232 2105 4298 ratione
2138 4235 2412 4317 periculi,
2445 4236 2711 4301 maxime
2735 4238 2788 4302 si
2812 4238 3168 4313 diuturnus,

709 4350 765 4393 v.
807 4352 869 4415 g.
909 4332 1069 4396 circa
1101 4332 1398 4397 feminam
1431 4332 1730 4414 pulcram.
1769 4332 1930 4398 Nam
1962 4340 2247 4418 aspectus
2284 4337 2454 4415 facit,
2489 4343 2562 4405 ut
2593 4340 2922 4422 phantasia
2962 4362 3172 4427 appre-

712 4433 940 4498 hendat
972 4455 1103 4500 rem
1135 4435 1310 4498 illam
1343 4452 1465 4498 non
1497 4434 1702 4498 solum
1741 4438 1812 4499 ut
1846 4436 2270 4504 delectabilem
2303 4441 2484 4519 visui,
2525 4442 2630 4507 sed
2661 4444 2851 4509 etiam
2878 4446 3076 4510 tactui
3110 4448 3173 4510 et

712 4536 901 4611 carni,
930 4556 1002 4601 ex
1026 4556 1149 4619 qua
1174 4536 1621 4620 imaginatione
1654 4539 1935 4620 sequitur
1973 4543 2344 4608 naturaliter
2379 4545 2442 4609 in
2470 4545 2692 4611 affectu
2724 4549 3174 4631 complacentia
