3497 5147
713 307 819 364 '182
1140 321 1352 363 rano-r.
1376 322 1455 363 111.
1478 321 1640 362 sncr.
1663 320 1771 360 vn.
1795 319 1881 359 nn:
1906 315 2143 359 OCTAVO
2167 314 2384 356 mmo.
2411 313 2721 356 nmamcx
2990 303 3157 378 [1055]

712 420 917 484 mulat
938 438 1262 503 personam
1286 419 1564 496 alteriue,
1600 419 1766 482 sicut
1800 435 1942 481 cum
1973 416 2257 498 peccator
2287 413 2548 478 simulat
2568 432 2896 496 personam
2923 416 3076 482 111311
3105 445 3156 483 ».

686 520 868 599 ibid.
911 541 965 585 a.
1005 523 1064 586 2.
1100 521 1215 586 Est
1245 522 1544 586 nimirum
1570 518 1914 605 hypocrisis
1946 516 2263 582 sinwdaiio
2292 516 2668 594 sanctitati-3,
2701 519 2777 584 ut
2803 518 2957 583 dicit
3004 540 3040 584 a
3083 523 3158 597 4.,
3255 517 3261 522 ’

712 623 817 686 ubi
866 626 928 689 et
974 623 1285 701 docemur,
1334 623 1500 705 quod
1547 642 1619 687 ea
1667 642 1775 705 per
1813 640 1878 686 se
1925 638 2049 685 non
2097 621 2193 684 est
2237 621 2560 702 peccatum
2589 621 2883 699 mortale;
2917 623 3064 703 quia
3085 626 3163 689 in-

711 726 909 790 tentio
958 726 1319 810 hypocritae
1352 728 1448 791 est
1496 725 1573 789 ad
1619 726 1735 789 hoc
1784 724 1863 787 ut
1907 723 2194 788 videatur
2239 722 2467 787 bonus:
2517 721 2580 785 id
2625 724 2839 790 autem
2885 744 3008 789 non
3063 745 3162 810 op-

710 830 967 913 ponitur
1011 829 1283 894 caritati.

799 932 895 995 Ad
926 931 1317 996 mendacium
1340 949 1585 1013 quoque
1618 931 1859 1013 spectat
1893 926 2194 1005 adulatio,
2228 946 2387 1009 quae
2417 929 2515 993 est
2543 927 2932 994 mendacium
2956 932 3163 997 aulicis

709 1036 774 1098 et
803 1035 1079 1119 gratiam
1112 1035 1464 1118 potentium
1491 1032 1947 1116 aucupantibus
1979 1030 2304 1096 familiare.

800 1135 859 1200 S.
890 1137 1162 1201 Thomas
1212 1137 1337 1200 iam
1387 1137 1669 1200 meminit
1706 1137 1794 1218 (n.
1831 1136 1922 1217 5.)
1969 1133 2309 1199 iactantiae
2335 1135 2404 1198 et
2427 1134 2681 1199 ironiae.
2721 1134 3046 1200 Iactantia
3080 1139 3166 1202 est

709 1258 835 1320 qua
882 1240 1021 1320 quis
1068 1240 1140 1304 de
1186 1258 1251 1304 se
1300 1238 1530 1320 aliquid
1568 1238 1718 1302 dicit
1758 1256 1946 1320 supra
1991 1255 2056 1302 se
2102 1236 2164 1300 h.
2213 1253 2265 1300 e.
2299 1254 2491 1317 supra
2537 1235 2601 1299 id
2647 1237 2813 1318 quod
2860 1238 2923 1302 in
2970 1258 3035 1304 se
3081 1243 3166 1304 est

709 1342 1047 1407 secundum
1092 1343 1181 1407 rei
1211 1342 1578 1407 veritatem:
1618 1341 1952 1424 opponitur
1984 1339 2239 1421 proinde
2272 1337 2524 1403 veritati
2554 1358 2661 1422 per
2689 1339 2945 1405 modum
2980 1361 3166 1406 exces-

709 1464 817 1510 sus
854 1465 913 1527 q.
952 1446 1099 1509 112.
1129 1464 1185 1509 a.
1225 1447 1281 1508 1.
1316 1444 1544 1508 Irom'a
1562 1443 1678 1524 (sic
1704 1463 1739 1507 a
1764 1442 2142 1524 Philosopho
2167 1443 2264 1506 est
2287 1440 2628 1524 appellata)
2666 1461 2809 1507 vero
2848 1445 2945 1508 est
2975 1469 3009 1503 «
3033 1464 3167 1510 cum

711 1547 936 1628 aliquis
984 1546 1134 1611 dicit
1180 1547 1440 1622 minora,
1470 1566 1505 1609 a
1555 1546 1820 1611 veritate
1844 1544 2174 1621 (1661111333,
2215 1544 2372 1625 puta
2416 1563 2559 1618 cum
2607 1545 2830 1612 asserit
2860 1545 2936 1610 de
2963 1565 3028 1611 se
3060 1547 3168 1611 ali-

709 1649 853 1732 quid
906 1649 1047 1724 vile,
1097 1649 1263 1731 quod
1310 1649 1371 1713 in
1421 1668 1485 1712 se
1532 1666 1656 1713 non
1701 1646 2087 1730 recognoscit
2136 1646 2250 1714 aut
2294 1664 2435 1710 cum
2471 1646 2662 1731 negat
2706 1646 2780 1711 de
2826 1666 2892 1712 se
2940 1648 3169 1730 aliquid

708 1771 1029 1836 magnum,
1071 1751 1236 1833 quod
1284 1754 1495 1815 tamen
1542 1750 1802 1834 percipit
1847 1750 1910 1813 in
1957 1767 2021 1813 se
2069 1748 2202 1830 ipso
2252 1749 2316 1812 et
2345 1748 2434 1812 sic
2471 1748 2737 1830 pertinet
2785 1750 2863 1814 ad
2909 1749 3167 1816 ironiam

709 1857 774 1919 et
820 1856 913 1918 est
960 1874 1199 1937 semper
1245 1855 1567 1938 peccatum
1614 1877 1650 1911 »
1694 1872 1755 1934 q.
1793 1852 1939 1915 113.
1982 1871 2037 1916 a.
2084 1852 2140 1914 1.
2167 1851 2305 1915 Viri
2335 1852 2550 1916 autem
2579 1852 2782 1917 sancti
2827 1852 3170 1936 frequenter

708 1957 808 2021 vel
856 1976 976 2021 non
1024 1958 1473 2040 recognoscunt
1521 1957 1582 2020 in
1640 1974 1702 2019 36
1765 1954 1918 2037 ipsis
1965 1954 2147 2031 bona,
2195 1973 2356 2036 quae
2400 1954 2650 2030 habent,
2700 1955 2797 2019 vel
2837 1959 3007 2021 certe
3053 1977 3170 2022 non

708 2061 1157 2143 recognoscunt
1195 2059 1267 2122 ut
1298 2078 1431 2135 sua,
1461 2058 1565 2123 sed
1598 2057 1732 2122 Dei.
1770 2056 2008 2121 Ibidem
2042 2057 2119 2121 ad
2153 2057 2213 2120 2.
2249 2075 2296 2120 S.
2323 2057 2557 2121 Doctor
2589 2060 2819 2137 monet,
2846 2083 2881 2118 ‹
2907 2060 3072 2141 quod
3095 2061 3172 2126 ad

707 2163 1053 2227 bonitatem
1078 2164 1303 2227 mentis
1330 2163 1615 2246 pertinet,
1651 2164 1726 2226 ut
1756 2161 1942 2225 homo
1969 2161 2048 2225 ad
2068 2159 2349 2226 iustitiae
2372 2161 2806 2243 perfectionem
2831 2164 3068 2230 tendat.
3095 2166 3174 2229 Et

706 2266 844 2331 ideo
892 2266 955 2329 in
1002 2267 1250 2348 culpam
1298 2266 1571 2348 reputat,
1612 2283 1734 2329 non
1768 2264 1972 2329 solum
2005 2263 2058 2327 si
2082 2262 2329 2327 deficiat
2359 2282 2397 2327 a
2427 2265 2740 2329 communi
2773 2265 3042 2344 iustitia,
3067 2267 3168 2332 sed

708 2369 899 2433 etiam
924 2369 978 2432 si
1009 2368 1255 2433 deficiat
1287 2387 1325 2430 a
1357 2367 1638 2430 iustitiae
1670 2366 2059 2448 perfectione,
2099 2364 2266 2446 quod
2298 2365 2667 2448 quandoque
2697 2368 2880 2450 culpa
2910 2388 3031 2434 non
3057 2375 3165 2434 est

708 2470 850 2536 Non
899 2472 1110 2535 autem
1157 2469 1405 2550 culpam
1461 2468 1629 2542 dicit,
1682 2468 1849 2549 quod
1897 2486 2009 2550 pro
2054 2468 2237 2549 culpa
2283 2486 2402 2533 non
2452 2469 2838 2552 recognoscit
2882 2470 3047 2552 quod
3090 2471 3169 2534 ad

710 2573 946 2638 ironiae
992 2572 1248 2637 mendac
1218 2571 1384 2635 cium
1422 2570 1756 2653 pertineret
1786 2595 1846 2632 ».

800 2672 1008 2747 ln55.
1058 2673 1356 2752 Quamvis
1421 2692 1740 2755 nunquam
1810 2674 1996 2739 liceat
2040 2673 2309 2750 mentiri,
2369 2673 2516 2737 licet
2577 2630 2786 2740 tamen
2842 2677 3168 2741 veritatem

709 2778 1020 2843 occultare
1069 2776 1401 2859 prudenter
1451 2777 1565 2840 sub
1615 2776 1827 2858 aliqua
1874 2776 2388 2842 dissimulatione.
2431 2776 2502 2840 Id
2526 2777 2690 2843 enim
2721 2778 2994 2844 humano
3032 2797 3169 2845 con-

707 2879 905 2945 victui
951 2880 1364 2944 necessarium
1409 2898 1531 2944 non
1580 2898 1719 2944 raro
1754 2883 1867 2956 est,
1903 2900 2013 2945 nec
2049 2880 2123 2944 fit
2161 2879 2388 2944 alteri
2374 2879 2639 2958 miuria3
2673 2899 2795 2946 non
2827 2882 2994 2946 enim
3042 2882 3171 2964 qui-

684 2982 861 3049 *libet
908 2982 1004 3046 ius
1052 2982 1239 3046 habet
1278 2982 1564 3047 noscendi
1606 3001 1765 3064 quae
1814 2982 1977 3065 apud
2025 3000 2136 3046 nos
2182 2982 2348 3046 sunt.

796 3087 831 3124 *
866 3086 1027 3150 Hinc
1073 3087 1364 3151 honestas
1414 3087 1568 3161 61113,
1621 3105 1781 3167 quae
1820 3086 2048 3149 dicitur
2091 3085 2408 3150 restrictio
2433 3085 2728 3153 mentalis
2752 3107 2775 3162 ‚·
2820 3086 2895 3151 de
2927 3106 3049 3169 qua
3083 3087 3171 3150 ni·

706 3188 1044 3253 hilominus
1091 3188 1217 3253 iam
1255 3189 1410 3253 satis
1458 3192 1667 3253 actum
1717 3190 1831 3262 est,
1883 3188 1988 3252 ubi
2036 3187 2110 3252 de
2154 3188 2535 3253 Iuramento.
2585 3187 2745 3254 Sunt
2806 3190 3017 3255 tamen
3061 3190 3170 3272 qui

707 3291 889 3354 aliter
934 3310 1063 3355 rem
1111 3292 1341 3356 vellent
1373 3290 1683 3373 explicari,
1718 3291 2158 3374 incompletam
2188 3293 2503 3357 censentes
2533 3291 2879 3357 doctriman
2911 3293 2983 3357 de
3008 3312 3175 3358 men·

704 3393 898 3459 dacio.

794 3499 876 3562 Et
922 3517 1070 3562 sane
1125 3497 1463 3563 difficultas
1521 3499 1741 3563 statim
1782 3497 1977 3563 menti
2021 3497 2341 3563 suboritur
2386 3516 2621 3575 eorum,
2654 3497 2763 3579 qui
2783 3540 2788 3547 »
2808 3499 2997 3580 paulo
3043 3499 3177 3564 sint

705 3602 1018 3668 reflexioni
1067 3603 1300 3667 assueti
1338 3604 1555 3668 contra
1604 3602 1950 3669 doctrinam
1982 3603 2335 3686 negantem,
2367 3602 2549 3666 licere
2594 3619 2872 3684 unquam
2918 3602 3178 3666 mentiri

704 3706 765 3769 h.
801 3725 851 3770 e.
887 3706 1083 3790 signis
1113 3708 1472 3770 nostrarum
1503 3705 1962 3790 cogitationum
1992 3705 2084 3769 ita
2123 3704 2237 3781 uti,
2271 3706 2346 3768 ut
2384 3704 2556 3770 aliud
2583 3704 2936 3789 significent
2980 3722 3176 3786 quam

704 3806 869 3887 quod
916 3808 1121 3871 mente
1168 3807 1538 3891 cogita-mus.
1587 3807 1751 3871 Nam
1799 3806 2142 3871 sciscitanti
2185 3806 2361 3883 mihi,
2395 3826 2474 3871 an
2506 3807 2626 3875 sim
2663 3806 2930 3884 fluetus,
2969 3824 3177 3872 nonne

704 3908 892 3987 illico,
942 3909 1060 3973 etsi
1104 3909 1259 3974 furti
1306 3929 1341 3973 a
1390 3930 1489 3975 me
1536 3909 1792 3975 admissi
1837 3909 2120 3975 conscius
2164 3909 2303 3986 sim,
2353 3927 2605 3992 possum
2661 3909 3025 3993 respondere
3071 3928 3179 3973 ne·

702 4012 959 4096 gando?
1007 4013 1071 4077 et
1114 4015 1324 4078 tamen
1372 4014 1522 4077 haec
1553 4014 1649 4078 est
1677 4013 1914 4077 locutio
1946 4013 2164 4076 contra
2194 4014 2482 4077 mentem.
2517 4012 2599 4077 Et
2641 4030 2709 4076 re
2741 4012 2991 4094 quidem
3022 4029 3176 4075 vera

702 4114 1007 4179 mendacii
1051 4116 1296 4181 malitia
1344 4119 1437 4180 est
1484 4116 1547 4179 in
1597 4117 1763 4187 actu,
1812 4114 2120 4195 quatenus
2166 4115 2266 4179 hic
2303 4114 2579 4179 ordinem
2626 4114 2705 4179 ad
2751 4114 2909 4187 alios
2956 4114 3174 4189 habet,

703 4219 891 4300 prout
937 4237 1153 4300 nempe
1190 4221 1287 4283 est
1332 4218 1588 4290 locutio,
1635 4236 1761 4298 qua
1809 4216 1990 4283 alteri
2037 4218 2150 4281 tua
2194 4236 2374 4283 sensa
2421 4216 2647 4299 prodis.
2681 4215 2971 4297 Quandiu
3003 4217 3178 4281 enim

704 4323 893 4392 solus.
944 4325 1199 4387 remotis
1233 4324 1503 4403 arbitris,
1544 4322 1819 4406 proferas
1866 4325 2053 4388 verba
2099 4325 2267 4390 aliud
2316 4325 2733 4411 significantia
2778 4345 2969 4408 quam
3000 4324 3178 4409 quod

702 4426 964 4507 cogitaS,
999 4444 1177 4490 nemo
1228 4428 1289 4491 te
1323 4425 1675 4489 mendacem
1724 4425 1904 4491 dicet.
1939 4425 2189 4493 Malitia
2235 4428 2473 4494 scilicet
2502 4428 2806 4494 mendacii
2837 4431 2932 4495 631
2969 4430 3031 4493 111
3067 4446 3176 4503 60,

702 4526 867 4607 qnod
884 4526 1203 4591 locutione
1238 4529 1421 4593 homo
1461 4530 1679 4593 utatur
1701 4530 1918 4594 contra
1949 4529 2012 4593 id
2045 4530 2209 4612 quod
2242 4531 2551 4597 humanus
2582 4531 2902 4597 convictus
2934 4531 3177 4617 exigat.
