3497 5147
280 343 417 421 [653]
874 359 1043 407 Qum
1080 360 1157 399 m
1194 359 1444 407 61161116
1484 360 1582 400 311·
1616 360 1952 403 6111666116
1990 362 2132 404 von
2639 352 2752 407 497

366 453 540 527 652.
576 455 736 521 Cum
772 458 836 521 in
875 457 992 521 hoc
1036 456 1225 521 dubio
1258 457 1566 541 egerimus
1606 457 1678 522 de
1712 458 2094 543 obligatione
2125 462 2436 539 votorum,
2476 481 2600 528 non
2632 464 2752 528 erit

282 560 383 624 abs
416 579 479 624 re
514 558 668 624 duas
718 559 1025 643 attingere
1072 560 1485 641 quaestiones,
1522 579 1678 641 quas
1711 580 1760 624 s.
1796 561 2070 627 Thomas
2112 563 2367 628 tractat.
2405 564 2587 629 Prior
2626 567 2749 631 est:

280 682 353 727 611
399 660 684 744 expediat
730 661 861 725 sive
920 660 1076 725 utile
1146 662 1230 725 sit
1299 680 1519 726 vovere
1569 681 1682 726 seu
1729 663 2177 748 obligationem
2223 667 2356 730 voti
2420 667 2749 750 suscipere.

278 764 628 847 Respondet
646 783 707 834 s.
756 763 976 828 Thom.
1018 783 1072 826 a..
1101 764 1194 827 4.:
1230 765 1524 845 quoniam
1571 765 1853 830 vovendo
1901 768 2292 832 voluntatem
2326 771 2606 834 nostram
2640 771 2752 834 im-

274 867 589 933 mobiliter
621 866 941 931 firmamus
976 867 1053 930 ad
1084 866 1167 943 id,
1219 867 1385 949 quod
1432 868 1676 951 expedit
1724 868 1945 946 166616,
1993 871 2314 954 expediens
2362 874 2459 937 est
2502 892 2746 938 vovere.

273 971 442 1035 Haec
488 969 754 1034 firmitas
808 969 1154 1034 voluntatis
1204 972 1351 1034 voto
1398 970 1653 1035 inducta
1700 974 1796 1036 est
1842 972 2148 1053 quaedam
2193 975 2527 1040 necessitas
2597 976 2748 1040 bene

275 1073 516 1158 agendi,
565 1071 1038 1137 similitudinem
1068 1071 1380 1153 quandam
1412 1073 1643 1150 habens
1690 1093 1833 1137 cum
1878 1075 2348 1141 confirmatione
2393 1077 2745 1159 beatorum,

271 1195 430 1258 quae
448 1175 780 1239 necessitas
803 1193 926 1239 non
951 1174 1245 1239 diminuit
1265 1174 1621 1239 libertatem
1646 1177 1710 1239 et
1731 1177 1828 1240 est
1850 1176 2143 1258 perfectio
2168 1178 2504 1259 quaedam:
2532 1179 2609 1242 ad
2640 1181 2742 1243 1¹⁰.

356 1279 600 1343 Votum
646 1281 878 1355 autem,
915 1278 1081 1361 quod
1115 1277 1345 1342 11161161
1377 1279 1677 1361 expedire,
1714 1284 1808 1343 est
1847 1281 2066 1345 votum
2116 1282 2450 1365 prudenter
2480 1280 2740 1361 factum,

269 1381 535 1445 servatis
566 1400 783 1463 nempe
816 1380 1178 1464 prudentiae
1207 1380 1485 1465 legibus:
1522 1401 1681 1463 quae
1713 1383 1923 1446 tamen
1955 1401 2077 1447 non
2116 1382 2297 1447 debet
2328 1402 2460 1448 6336
2491 1386 2744 1449 tantum

270 1482 611 1548 secundum
640 1482 974 1559 hominem,
1023 1482 1128 1546 sed
1174 1483 1380 1566 magis
1427 1483 1766 1548 secundum
1812 1484 2037 1562 Deum,
2073 1486 2146 1549 ut
2190 1504 2312 1550 non
2337 1486 2479 1568 plus
2528 1485 2601 1551 de
2633 1487 2743 1549 hu-

267 1604 455 1649 mana
502 1585 848 1669 fragilitate
895 1584 1138 1660 timeat,
1173 1604 1363 1666 quam
1404 1585 1476 1649 de
1509 1585 1718 1649 divina
1741 1586 1981 1651 virtute
2012 1586 2303 1650 confidat.
2341 1586 2569 1652 Suarez
2616 1587 2743 1652 1.1.

268 1706 318 1750 c.
350 1688 455 1750 18.
489 1706 550 1750 11.
596 1687 652 1749 7.

356 1790 715 1855 Periculum
748 1808 892 1855 vero
940 1790 1128 1854 huius
1176 1789 1307 1854 voti
1356 1809 1462 1872 per
1510 1809 1574 1854 se
1620 1790 1868 1855 nullum
1902 1793 2015 1865 est,
2049 1791 2170 1855 nisi
2203 1793 2546 1874 periculum
2595 1794 2746 1858 obli-

270 1892 575 1976 gationis:
632 1892 748 1980 hoc
794 1893 1026 1967 autem,
1075 1911 1183 1975 per
1229 1910 1294 1955 se
1340 1891 1668 1973 loquend0‚
1716 1893 2042 1958 moraliter
2088 1895 2332 1959 nullum
2390 1896 2519 1972 est3
2568 1914 2744 1960 secus

267 1995 520 2059 nullum
563 1995 959 2077 praeceptum
992 1992 1332 2077 positivum
1379 1994 1539 2058 esset
1586 1993 2028 2076 imponendum
2067 1995 2421 2061 hominibus
2469 2016 2579 2061 1166
2611 1998 2743 2061 6116

263 2098 459 2180 pacta
508 2097 710 2162 essent
752 2095 1021 2161 ineunda
1056 2096 1218 2160 inter
1256 2096 1555 2172 homines,
1594 2096 1769 2160 nulla
1805 2096 1955 2161 fides
2010 2097 2234 2172 danda,
2292 2117 2403 2164 1166
2449 2100 2742 2184 coniuges

259 2199 559 2265 deberent
597 2218 661 2264 se
693 2199 957 2263 invicem
1005 2199 1299 2281 obligare,
1335 2199 1410 2261 61
1446 2199 1539 2262 611
1569 2198 1715 2261 ibid.
1752 2197 1999 2264 Suarez.

350 2300 624 2368 Constat
654 2300 905 2366 tandem
929 2303 1078 2366 vota
1115 2299 1533 2366 commendari
1559 2301 1619 2364 in
1655 2299 1991 2383 Scripturis
2022 2302 2100 2366 cf.
2134 2301 2373 2366 Matth.
2406 2302 2577 2366 XIX.
2611 2304 2735 2380 12„

256 2425 294 2468 a
340 2406 649 2470 Patribus
702 2405 1112 2484 universaque
1144 2402 1436 2478 Ecclesia,
1486 2421 1645 2484 quae
1692 2405 1845 2467 vota
1893 2422 1944 2467 e.
1980 2425 2072 2488 gr.
2108 2403 2427 2489 religionis
2471 2405 2739 2469 maxime

250 2508 575 2678 prffizsgm
624 2612 906 2694 quaestio
955 2612 1077 2675 est:
1107 2628 1184 2674 an
1218 2628 1373 2693 opus
1413 2627 1485 2673 ex
1518 2610 1664 2674 voto
1696 2608 1936 2674 factum
1970 2610 2054 2674 sit
2099 2609 2302 2695 magis
2333 2609 2645 2675 laudabile
2678 2610 2742 2674 et

244 2714 681 2790 meritorium,
707 2733 897 2795 quam
932 2713 1170 2779 factum
1195 2712 1325 2776 sine
1357 2713 1529 2777 voto.

342 2816 713 2901 Respondet
758 2836 806 2881 s.
842 2816 1115 2881 Thomas
1149 2834 1205 2879 a.
1247 2814 1331 2889 6.,
1371 2814 1595 2878 11161163
1629 2814 1693 2877 61
1728 2814 1933 2898 magis
1980 2815 2369 2880 meritorium
2402 2816 2498 2879 est
2541 2814 2742 2879 facere

239 2920 425 2985 idem
492 2938 648 3001 opus
696 2937 767 2982 ex
812 2919 981 2995 voto,
1043 2935 1234 2999 quam
1283 2916 1413 2980 sine
1462 2917 1608 2980 voto
1671 2915 1858 2998 idque
1921 2916 1999 2980 ob
2059 2916 2366 2999 triplicem
2410 2918 2740 2983 rationem.

248 3023 319 3085 1⁰
371 3021 548 3101 Quia
595 3022 742 3084 tunc
789 3038 943 3103 opus
991 3020 1087 3084 est
1132 3018 1324 3083 etiam
1374 3020 1551 3082 66163
1614 3017 1933 3100 religionis
2003 3037 2112 3082 seu
2157 3018 2400 3096 latriae,
2439 3038 2597 3101 quae
2643 3021 2741 3083 est

236 3122 599 3208 praecipua
666 3121 827 3185 111161
890 3121 1156 3185 virtutes
1213 3120 1508 3185 morales:
1571 3119 1798 3184 idcirco
1862 3122 2039 3184 66163
2095 3121 2361 3186 aliarum
2428 3121 2739 3185 virtutum

234 3225 603 3292 moralium
649 3223 933 3289 meliores
965 3222 1237 3288 evadunt
1268 3222 1594 3307 magisque
1625 3221 1950 3299 meritorii,
1985 3241 2127 3287 cum
2157 3224 2544 3306 imperantur
2577 3243 2612 3287 a
2649 3243 2740 3287 re-

230 3331 517 3415 ligione.
561 3330 630 3391 2⁰
661 3326 820 3406 Quia
845 3327 952 3408 qui
977 3328 1165 3391 vovet
1190 3326 1425 3406 aliquid
1462 3328 1524 3389 et
1557 3326 1729 3401 facit,
1755 3325 1959 3409 magis
1992 3344 2056 3389 se
2089 3328 2219 3391 Deo
2252 3326 2521 3403 subiicit,
2548 3345 2738 3407 quam

232 3433 350 3517 qui
409 3430 626 3496 3616111
670 3429 858 3505 16611;
892 3428 1143 3493 subiicit
1167 3428 1331 3491 enim
1370 3445 1435 3491 se
1474 3429 1624 3504 De0,
1661 3447 1785 3492 non
1833 3426 2039 3491 solum
2071 3430 2376 3509 quantum
2416 3428 2492 3491 ad
2524 3429 2738 3491 actum

228 3536 347 3600 sed
404 3533 610 3599 etiam
656 3532 964 3614 quantum
1001 3530 1079 3594 ad
1112 3529 1490 3613 potestatem
1521 3527 1781 3610 ideoque
1814 3529 1955 3612 plus
1986 3528 2117 3591 Deo
2167 3526 2295 3603 dat,
2321 3547 2506 3609 quam
2557 3529 2734 3605 alter,

226 3642 297 3705 et
353 3639 464 3703 316
511 3636 652 3719 plus
699 3637 796 3700 est
840 3635 972 3699 Deo
1020 3634 1307 3715 acceptus
1377 3632 1440 3695 et
1513 3631 1651 3713 plus
1698 3632 1990 3695 meretur.
2043 3627 2112 3691 3⁰
2159 3628 2319 3708 Quia
2365 3648 2473 3712 per
2517 3631 2737 3693 votum

222 3739 672 3807 immobiliter
707 3737 998 3803 voluntas
1034 3736 1324 3800 firmatur
1370 3735 1435 3798 in
1482 3734 1686 3798 bono:
1724 3732 1921 3797 facere
1970 3734 2180 3797 autem
2237 3731 2473 3814 aliquid
2518 3752 2590 3797 ex
2636 3751 2740 3797 vo-

223 3846 511 3911 luntate
535 3842 784 3905 firmata
815 3841 879 3904 in
917 3839 1103 3915 bono,
1129 3838 1397 3922 pertinet
1432 3837 1511 3901 611
1542 3835 1981 3919 perfectionem
2020 3834 2296 3911 11116113,
2330 3836 2406 3898 61
2436 3836 2610 3918 patet
2634 3855 2741 3918 per

222 3946 717 4029 Philosophum
762 3944 825 4008 in
874 3945 935 4008 2.
969 3943 1170 4007 Ethic.
1206 3961 1257 4006 6.
1294 3943 1355 4005 4.
1383 3942 1417 3979 *

326 4046 530 4122 653.
558 4047 619 4112 S.
646 4047 831 4131 Alph.
871 4046 1123 4111 subiicit
1168 4044 1314 4109 huic
1360 4044 1548 4109 dubio
1599 4043 1714 4107 hoc
1762 4042 2127 4107 notandum.
2169 4040 2529 4107 Fractiones
2566 4041 2741 4105 voto-

216 4177 391 4222 rum
451 4154 545 4217 ait
590 4170 720 4215 esse
768 4169 979 4216 omnes
1025 4148 1300 4214 eiusdem
1348 4148 1591 4231 speciei,
1648 4147 1911 4211 violatio
1960 4165 2176 4228 nempe
2223 4147 2371 4209 sunt
2416 4143 2742 4208 fidelitatis

215 4277 403 4344 erga.
434 4256 663 4320 Deum.
702 4253 864 4318 Hinc
896 4252 1101 4329 infert,
1135 4250 1299 4335 quod
1348 4252 1453 4333 qui
1493 4251 1724 4314 habens
1757 4251 1975 4314 votum
2007 4248 2337 4323 6631116113,
2375 4246 2741 4325 fornicatur,

217 4360 471 4447 potest
517 4357 777 4422 seorsim
820 4354 1293 4421 fornicationem
1343 4352 1405 4417 e't
1452 4353 1857 4417 violationem
1904 4350 2038 4415 voti
2077 4347 2375 4414 confiteri.

324 4463 590 4526 Verum
630 4459 684 4523 si
715 4461 935 4523 votum
981 4458 1066 4523 sit
1112 4456 1407 4522 sollemne
1441 4475 1497 4518 v.
1527 4475 1587 4537 g.
1622 4455 1685 4516 in
1718 4453 2097 4537 presbytero,
2131 4471 2226 4515 res
2258 4470 2381 4515 non
2428 4452 2596 4514 caret
2628 4448 2740 4513 dif-

214 4565 576 4639 ficultate3
613 4561 761 4644 quia
809 4560 984 4625 adest
1029 4558 1443 4641 sacrilegium,
1480 4575 1588 4619 nec
1620 4555 1775 4618 satis
1815 4556 1976 4617 esset
2007 4553 2285 4617 confiteri
2316 4555 2630 4636 praeterea
2670 4570 2734 4615 se

420 4679 714 4722 Bnmmmu.
735 4700 789 4711 —
809 4676 976 4721 Μαι-αῖ.
1009 4676 1146 4720 Tum.
1180 4674 1247 4716 Π.
2509 4669 2575 4711 8⁸2
