3497 5147
724 329 831 387 766
867 346 1078 390 raam.
1105 348 1186 389 v1.
1213 347 1376 390 sacr.
1402 348 1481 389 vr.
1502 348 1587 388 na
1612 314 1903 390 sux'ro'm·
1925 347 2089 390 noso
2112 347 2327 390 mano.
2352 348 2680 392 omanem.
2706 349 2848 392 nun.
2876 352 2957 391 lv.
2995 338 3182 408 [1085]

722 442 857 525 ipsa
897 441 1165 509 Sanchez
1217 444 1440 509 referre
1471 463 1544 508 ex
1578 444 1621 508 l.
1663 446 1723 508 9.
1765 444 1823 508 d.
1862 445 1965 508 17.
1999 465 2057 508 n.
2097 445 2199 509 16.
2232 443 2526 524 Quaestio
2566 448 2678 526 est,
2730 466 2830 524 an,
2880 467 3022 512 cum
3067 468 3180 533 pro

721 547 1139 612 conservanda
1162 549 1296 612 vita
1328 546 1413 612 sit
1442 547 1784 612 necessaria
1815 546 2032 612 eiectio
2064 547 2314 612 seminis
2345 566 2453 612 seu
2485 548 2773 631 pollutio,
2800 550 2952 615 haec
2972 549 3176 615 liceat.

723 647 933 733 Negat
960 649 1230 716 Sanchez
1264 653 1329 716 et
1366 651 1475 715 ait.

817 776 851 809 «
885 749 1214 818 Conclusio
1249 754 1326 818 ab
1366 754 1651 819 omnibus
1690 752 2075 819 admittitur:
2110 755 2179 817 at
2207 752 2340 818 eius
2376 755 2683 818 rationem
2730 755 3045 840 assignare
3082 759 3176 821 est

719 852 1178 920 difficillimum.
1227 854 1655 922 Communiter
1700 874 1772 920 ea
1818 855 2108 921 traditur.
2142 854 2300 935 Quia
2346 875 2489 920 cum
2536 858 2739 921 cetera
2777 858 3053 922 membra
3099 859 3175 922 ad

719 955 917 1037 ipsius
962 957 1266 1021 individui
1311 958 1546 1024 bonum
1592 962 1655 1023 et
1699 953 2196 1023 incolumitatem
2242 960 2470 1023 natura
2517 958 2874 1036 destinavit,
2925 960 3178 1025 admini-

720 1058 1090 1124 strationem
1121 1059 1400 1143 ipsorum
1432 1061 1750 1126 individuo
1799 1060 2120 1136 concessit,
2152 1062 2228 1124 ut
2254 1060 2391 1143 ipsa
2423 1063 2748 1144 amputare
2779 1064 3005 1145 posset,
3052 1082 3173 1127 non

720 1161 910 1224 libere
947 1163 1251 1243 tanquam
1298 1161 1604 1239 dominuS,
1653 1161 1757 1227 sed
1806 1162 1912 1226 ubi
1959 1161 2291 1227 necessitas
2323 1182 2396 1226 ac
2427 1163 2625 1246 ipsius
2670 1163 3070 1228 incolumitas
3117 1164 3172 1228 id

726 1262 1092 1344 postularet,
1150 1281 1321 1327 more
1366 1263 1635 1348 legitimi
1687 1264 1751 1328 et
1803 1264 2001 1328 fidelis
2056 1264 2596 1329 administratoris.
2648 1263 2910 1330 Seminis
2944 1267 3170 1343 autem,

720 1365 942 1446 utpote
975 1383 1012 1427 a
1035 1366 1261 1429 natura
1284 1365 1565 1430 instituti
1601 1384 1723 1430 non
1750 1366 1826 1430 ad
1857 1366 2052 1450 ipsius
2083 1366 2386 1432 individui
2423 1368 2674 1445 bonum,
2710 1367 2816 1432 sed
2847 1367 2924 1431 ad
2957 1368 3174 1450 speciei

724 1471 1274 1548 conservationem,
1323 1471 1524 1537 medio
1558 1471 1875 1556 coniugali
1910 1491 2262 1557 congressu,
2295 1473 2651 1538 nullatenus
2688 1472 3035 1538 dominium
3066 1476 3176 1538 aut

720 1571 1181 1638 administratio
1206 1573 1326 1656 ipsi
1347 1573 1587 1637 homini
1609 1592 1898 1639 concessa
1919 1577 2070 1638 sunt
2091 1593 2163 1638 ac
2193 1574 2447 1658 proinde
2464 1575 2597 1639 eius
2621 1576 2981 1641 effusionem
3004 1578 3172 1640 extra

725 1675 1117 1759 coniugalem
1148 1676 1436 1759 copulam
1466 1675 1532 1739 in
1564 1676 1737 1740 nullo
1777 1678 2001 1740 eventu
2047 1695 2376 1760 procurare
2412 1677 2663 1760 poterit.
2695 1676 2997 1757 Quamvis
3026 1679 3172 1743 haee

716 1778 881 1844 ratio
915 1778 1261 1843 communis
1293 1778 1397 1856 sit,
1430 1797 1555 1843 non
1589 1779 1838 1843 omnino
1871 1778 2093 1861 placet.
2124 1780 2357 1856 Primo,
2396 1779 2544 1861 quia
2573 1781 2962 1864 generationi
2984 1781 3172 1846 deser-

723 1881 850 1944 vire
888 1900 1029 1944 cum
1062 1880 1347 1964 propriae
1378 1880 1603 1946 salutis
1639 1881 1904 1945 notabili
1950 1881 2340 1957 detrimento,
2373 1881 2599 1946 nedum
2636 1901 2780 1947 cum
2812 1882 2980 1947 vitae
3025 1882 3172 1966 peri·

719 1983 881 2058 culo,
921 2001 1100 2047 nemo
1135 1984 1473 2068 obligatur,
1509 1983 1700 2049 etiam
1734 1983 1929 2048 altero
1968 1983 2229 2067 coniuge
2259 1982 2536 2048 debitum
2568 1984 2846 2067 petente:
2882 2003 3004 2048 non
3028 2003 3170 2069 ergo

715 2105 791 2149 ne
835 2084 1171 2150 frustretur
1218 2086 1559 2172 generatio,
1610 2086 1982 2170 astringitur
2026 2085 2213 2150 homo
2245 2086 2322 2150 ad
2360 2105 2566 2151 semen
2596 2085 2988 2151 retinendum
3032 2106 3171 2151 cum

721 2187 887 2252 vitae
916 2187 1223 2253 iactura...
1257 2188 1515 2254 Accedit
1559 2188 1741 2253 licere
1775 2188 1851 2252 ob
1897 2187 2202 2253 individui
2231 2188 2463 2252 bonum
2495 2190 2821 2272 amputare
2853 2188 2972 2253 sibi
3004 2189 3171 2253 testi-

712 2291 885 2354 culos
921 2291 1308 2376 generationi
1338 2291 1733 2370 necessarios,
1782 2310 1923 2354 cum
1970 2291 2180 2355 tamen
2224 2291 2287 2355 in
2335 2309 2407 2356 eo
2453 2293 2679 2355 eventu
2713 2309 2966 2373 prorsus
2998 2310 3172 2375 gene·

714 2393 877 2458 ratio
910 2393 1315 2476 impediatur:
1352 2412 1389 2457 a
1412 2393 1659 2458 fortiori
1691 2411 1838 2477 ergo
1862 2393 2073 2458 licebit
2104 2393 2294 2458 semel
2323 2393 2422 2457 vel
2452 2394 2679 2459 iterum
2710 2393 3169 2478 generationem

718 2494 1032 2577 impedire,
1055 2494 1416 2559 effundendo
1442 2513 1667 2570 semen,
1693 2498 1768 2559 ut
1793 2496 1959 2561 vitae
1983 2496 2267 2579 propriae
2289 2497 2670 2570 consulatur,
2696 2513 2767 2561 eo
2791 2495 2890 2560 vel
2905 2497 3170 2561 maxime

720 2597 905 2679 quod,
939 2599 1073 2662 vita
1095 2598 1349 2672 amissa,
1374 2615 1628 2679 prorsus
1650 2598 1985 2682 generandi
2006 2599 2288 2682 potentia
2310 2598 2802 2683 exstinguetur...
2821 2596 2984 2678 Quia
3005 2600 3169 2681 quod

717 2699 851 2781 ipsa
882 2702 1110 2763 natura
1142 2698 1503 2782 disponente
1533 2702 1905 2767 naturaliter
1935 2701 2221 2780 efficitur,
2269 2701 2323 2766 si
2367 2702 2608 2766 ratione
2637 2701 2768 2777 fiat,
2819 2701 3029 2765 nullus
3076 2704 3169 2767 est

717 2802 976 2878 abusus;
1011 2804 1221 2866 motus
1268 2803 1431 2868 enim
1464 2803 1568 2867 ille
1600 2804 1907 2869 naturalis
1941 2804 2181 2868 auctori
2227 2807 2488 2868 naturae
2518 2803 2845 2867 tribuitur:
2896 2804 3002 2868 sed
3049 2823 3168 2870 non

717 2903 1003 2969 obstante
1048 2906 1466 2989 generationis
1512 2906 1759 2982 damno,
1808 2908 2035 2971 natura
2081 2925 2280 2987 saepe,
2329 2923 2451 2987 quo
2499 2924 2562 2969 se
2609 2907 2914 2981 exoneret,
2963 2924 3166 2970 semen

712 3005 996 3087 expellit3
1030 3006 1243 3071 licebit
1271 3027 1417 3092 ergo
1455 3009 1656 3092 ipsam
1692 3007 2157 3072 medicamentis
2191 3007 2269 3071 ad
2292 3006 2355 3070 id
2393 3007 2750 3072 adiuvare...
2778 3031 2839 3069 ».

807 3131 841 3166 «
882 3108 1020 3173 Hae
1064 3109 1338 3181 rationes
1384 3109 1563 3174 valde
1608 3130 1708 3175 me
1754 3111 2043 3194 urgent...
2090 3109 2299 3191 Atque
2343 3108 2437 3174 ita
2466 3109 2817 3194 legitimam
2863 3110 3165 3175 rationem

709 3229 842 3276 esse
874 3231 1108 3288 censeo,
1159 3233 1266 3277 cur
1312 3213 1376 3276 in
1423 3213 1596 3277 nullo
1647 3214 1891 3289 eventu,
1926 3212 2116 3275 etiam
2153 3211 2263 3276 ubi
2294 3211 2373 3276 ad
2404 3211 2600 3275 vitam
2638 3211 2934 3275 tuendam
2970 3230 3166 3276 neces-

711 3314 949 3379 sarium
980 3318 1160 3393 esset,
1200 3316 1387 3380 liceat
1418 3315 1669 3380 seminis
1693 3314 2052 3379 effusionem
2080 3332 2435 3396 procurare;
2470 3314 2620 3395 quia
2651 3314 2803 3378 adeo
2842 3316 3163 3379 vehemens

706 3415 772 3478 in
820 3417 1069 3483 seminis
1117 3418 1411 3484 effusione
1460 3416 1788 3482 delectatio
1837 3417 2122 3495 sentitur,
2171 3418 2244 3482 ut
2298 3416 2474 3480 illam
2527 3416 2806 3481 homines
2866 3418 3163 3499 tanquam

708 3539 1024 3585 summum
1054 3521 1288 3587 bonum
1312 3522 1767 3605 prosequantur
1797 3519 2010 3603 illique
2043 3520 2240 3585 veluti
2271 3539 2419 3585 suae
2451 3518 2739 3585 felicitati
2771 3518 3161 3584 adhaereant

707 3622 909 3702 Quare
936 3624 1014 3688 ob
1038 3624 1100 3687 id
1125 3627 1353 3689 natura
1382 3624 1447 3688 in
1486 3624 1656 3690 omni
1686 3627 1911 3689 eventu
1942 3624 2137 3707 ipsius
2167 3623 2771 3688 administrationem
2800 3621 3042 3687 homini
3069 3621 3165 3686 de-

708 3726 989 3810 negavit3
1053 3746 1124 3791 ea
1185 3728 1348 3792 enim
1387 3728 1448 3791 in
1497 3727 1706 3809 aliquo
1762 3746 1913 3792 casu
1948 3744 2255 3803 concessa,
2310 3726 2840 3790 evidentissimum
2885 3724 3164 3789 subesset

708 3828 1069 3909 periculum,
1111 3830 1184 3892 ut
1213 3830 1399 3894 homo
1438 3831 1721 3913 passione
1767 3829 2040 3894 libidinis
2089 3830 2466 3906 excoecatuS‚
2500 3828 2731 3912 passim
2764 3826 2882 3891 sibi
2920 3846 3163 3910 persua-

704 3929 894 4008 deret,
934 3950 1185 3996 causam
1220 3932 1564 3998 effundendi
1594 3933 1828 3998 iustam
1860 3932 2070 3997 adesse
2102 3933 2290 4014 atque
2322 3930 2411 3995 ita
2443 3950 2647 3996 semen
2695 3930 3047 4015 prodigeret
3076 3930 3162 3993 in·

707 4033 902 4116 deque
925 4033 1382 4111 fornicationes,
1413 4034 1719 4100 adulteria
1754 4035 1998 4116 aliaque
2023 4036 2346 4100 innumera
2375 4034 2655 4099 luxuriae
2687 4033 2842 4097 vitia
2870 4033 3160 4097 adversus

700 4155 1030 4201 commune
1061 4136 1292 4202 bonum
1323 4137 1721 4219 pullularent.
1743 4135 1981 4216 Quibus
2004 4139 2079 4202 ut
2111 4136 2408 4214 obviaret,
2431 4137 2659 4201 natura
2683 4136 2909 4201 merito
2935 4153 3007 4200 ac
3029 4136 3160 4199 iure

690 4239 939 4321 optimo
980 4239 1361 4323 praedictam
1412 4239 2014 4305 administrationem
2048 4241 2323 4326 negavit,
2370 4259 2492 4305 non
2540 4239 2827 4305 obstante
2858 4240 3024 4303 vitae
3055 4257 3158 4321 pe-

699 4339 895 4403 riculo
953 4339 1274 4417 individui,
1324 4360 1481 4423 quae
1534 4342 1695 4405 bono
1743 4342 2057 4407 communi
2102 4342 2312 4407 cedere
2357 4342 2553 4407 debet.
2610 4341 2752 4407 Non
2805 4342 2893 4406 sic
2948 4342 3155 4404 autem

702 4440 1011 4525 contingit
1036 4460 1321 4508 concessa
1348 4444 1693 4507 ceterorum
1714 4445 2156 4523 membrorum,
2184 4447 2260 4511 ob
2285 4445 2480 4511 totius
2513 4445 2744 4510 bonum
2770 4444 3161 4509 administra·
