3497 5147
792 322 901 377 420
934 335 1144 376 macr.
1173 335 1249 375 vi.
1279 331 1438 373 sacr.
1466 331 1530 371 11.
1556 330 1641 370 DE:
1665 327 1944 371 sncnnno
1970 326 2185 368 panno.
2210 323 2540 366 nmcamor.
2559 321 2688 364 cAP.
2713 322 2775 363 11.
2795 323 2928 364 uun.
2947 322 3027 362 111.
3061 308 3181 375 [548]

884 432 1019 495 DD.
1053 429 1447 512 distinguunt
1478 427 1900 490 iuramentum
1944 423 2010 488 in
2055 421 2409 486 absolutum
2443 422 2508 484 et
2553 417 3034 484 conditionatzmr.
3062 415 3190 480 Con-

794 536 948 599 ditio
983 538 1193 600 autem
1220 534 1550 616 aliquando
1577 534 1653 597 ab
1675 534 1812 617 ipso
1836 532 2101 608 iurante,
2130 528 2462 612 aliquando
2490 527 2568 591 ab
2596 526 2737 603 alio,
2768 546 2825 590 v.
2858 546 2943 610 gr.
2969 543 3000 588 a
3025 522 3188 588 iudice

792 638 1066 722 ponitur.

883 740 1297 825 Distinguunt
1343 740 1534 804 etiam
1564 739 1628 802 in
1660 736 1926 817 simplex
1972 739 2033 800 et
2078 734 2410 799 sollemne.-
2459 732 2625 815 quod
2656 731 2783 796 scil.
2817 729 2925 793 fiat
2953 731 3096 794 certa
3134 747 3188 792 ac

792 843 1075 908 sollemni
1108 843 1308 908 forma
1348 860 1419 905 ac
1450 841 1597 916 ritu,
1633 859 1842 904 coram
1873 837 2094 915 iudice,
2126 837 2394 912 notario,
2430 834 2698 899 testibus
2729 833 2841 897 etc.

883 944 1141 1009 Adverti
1186 945 1319 1008 heic
1364 943 1605 1027 potest:
1659 944 1726 1005 1⁰
1764 939 2051 1018 (Heriem,
2101 938 2463 1023 praesertim
2509 935 2855 1002 sacerdotes
2895 952 3008 998 non
3046 951 3190 1016 posse

793 1049 1087 1114 sollemne
1104 1048 1524 1111 iuramentum
1539 1045 1925 1127 interponere
1947 1043 2065 1107 nisi
2099 1042 2170 1106 de
2195 1040 2483 1124 Episcopi
2514 1039 2767 1105 licentia
2783 1038 3004 1103 ethaeo
3025 1035 3188 1099 solum

794 1171 866 1216 ex
896 1150 1076 1235 gravi
1113 1168 1300 1213 causa
1340 1147 1716 1212 conceditur.

975 1249 1052 1316 2ο
1090 1252 1186 1316 Ad
1233 1251 1650 1315 iuramentum
1696 1249 1992 1314 sollemne
2035 1266 2159 1312 non
2205 1246 2626 1312 admittuntur
2671 1242 3037 1326 impuberem·
3075 1239 3191 1321 quia

795 1373 918 1419 non
948 1355 1271 1420 censentur
1303 1353 1524 1417 habere
1551 1352 1961 1416 sufficientem
1991 1349 2251 1415 rationis
2281 1368 2487 1425 usum,
2527 1348 2601 1411 ut
2630 1346 2972 1411 reverenter
3000 1345 3190 1408 etcum

793 1456 1022 1521 iudicio
1067 1457 1295 1520 iurent.

976 1559 1045 1621 3⁰
1088 1558 1162 1621 In
1194 1556 1617 1621 criminalibus
1650 1574 1773 1620 non
1814 1554 2170 1618 admittit-ur
2201 1553 2403 1618 minor
2434 1551 2666 1638 viginti
2700 1550 2896 1615 annis.

974 1663 1043 1724 40
1062 1660 1315 1724 'Periuri
1336 1659 1399 1723 in
1432 1658 1798 1723 iuramentis
1831 1657 2221 1742 purgationis
2259 1656 2358 1721 vel
2389 1654 2811 1740 suppletoriiS‚
2837 1651 3073 1718 testium
3092 1665 3195 1732 pro·

796 1763 964 1847 priiS‚
997 1782 1119 1827 non
1152 1761 1597 1826 admittuntur.

977 1865 1045 1927 5⁰
1095 1863 1259 1927 Olim
1313 1862 1506 1945 (quod
1561 1859 1964 1925 desuetudine
2026 1861 2356 1944 obsolevit)
2403 1879 2527 1924 non
2575 1858 3056 1924 admittebantur
3099 1871 3192 1917 non

793 1966 1004 2030 ieiuni.
1034 1965 1178 2029 Vid.
1220 1964 1565 2048 Schmalzg.
1609 1963 1713 2027 lib.
1760 1965 1819 2027 2.
1856 1965 1958 2028 tit.
1997 1965 2101 2027 24.
2151 1983 2254 2027 nn.
2292 1963 2352 2027 6.
2392 1964 2451 2027 7.

870 2065 999 2130 ⁴Sed
1034 2065 1106 2130 de
1138 2066 1233 2129 his
1266 2066 1419 2130 satis
1451 2066 1601 2129 haec
1635 2066 1835 2130 obiter
1871 2065 2175 2149 tetigisse.

1874 2276 2035 2340 ΗΠΒ.
2063 2275 2180 2339 III.

1527 2416 1641 2480 An
1687 2419 1750 2478 et
1782 2416 2030 2496 quando
2077 2414 2264 2478 liceat
2291 2415 2525 2480 iurare.

896 2581 1043 2633 xiv.
1070 2580 1217 2644 Resp.
1243 2580 1587 2640 iuramentum,
1618 2575 1658 2628 si
1682 2573 1852 2629 debito
1879 2576 2025 2628 modo
2051 2578 2150 2639 flat,
2181 2572 2366 2629 licitum
2405 2585 2497 2629 est.
2527 2576 2612 2629 Est
2638 2578 2702 2630 de
2729 2579 2844 2631 tide.
2876 2581 2938 2631 Et
2955 2575 3128 2643 quidem
3147 2579 3202 2624 ost

796 2660 1242 2727 aetusnetigionis,
1270 2668 1323 2715 ut
1349 2675 1517 2714 omnes
1555 2663 1752 2714 docent.
1777 2663 1916 2713 Tunc
1933 2667 2106 2713 autem
2145 2659 2311 2715 debito
2337 2663 2485 2715 modo
2514 2663 2583 2724 m,
2611 2676 2730 2716 cum·
2747 2661 2803 2717 in
2845 2678 2906 2717 eo
2931 2665 3201 2717 observantur

792 2752 918 2802 haec
956 2747 1064 2801 tria.
1096 2750 1141 2799 t.
1166 2750 1254 2800 Est
1278 2745 1528 2806 iudicium,
1554 2747 1687 2810 quod
1726 2744 1895 2809 exigit,
1922 2752 1976 2798 ut
2001 2759 2112 2799 cum
2136 2744 2449 2811 discretione,
2476 2746 2755 2812 prudentia,
2781 2747 3143 2804 consideratione
3161 2756 3202 2794 nc

792 2830 1089 2895 reverentia,
1115 2846 1212 2886 non
1239 2831 1345 2884 siue
1369 2829 1659 2884 necessitate
1684 2837 1768 2883 aut
1805 2829 1940 2895 gravi
1978 2844 2123 2884 causa
2150 2832 2251 2885 flat.
2283 2833 2332 2885 2.
2359 2834 2446 2886 Est
2467 2813 2673 2897 iustitia,
2691 2847 2824 2899 quae
2859 2832 3020 2898 exigit.
3040 2839 3087 2885 ut
3107 2828 3203 2895 quod

796 2916 998 2981 iuratur,
1026 2915 1088 2969 sit
1113 2931 1195 2969 res
1230 2915 1375 2978 iusta,
1406 2913 1537 2969 licita
1565 2922 1614 2966 et
1638 2918 1863 2967 honesta.
1889 2916 1938 2968 3.
1967 2917 2052 2968 Est
2076 2914 2279 2982 verim,
2306 2922 2359 2968 ut
2384 2914 2608 2971 nimirum
2635 2916 2699 2971 sit
2725 2933 2810 2975 res
2837 2933 2949 2972 vera
2975 2923 3049 2972 aut
3073 2916 3203 2969 sanem

792 3016 858 3055 ‘ex
895 3000 1035 3065 gravi
1060 2999 1248 3053 ratione
1291 3006 1484 3066 putetur
1524 3012 1631 3051 esse
1656 3012 1800 3062 vera;
1827 2998 1894 3051 ita
1922 3005 1990 3062 ut,
2017 3006 2162 3066 prout
2188 3013 2248 3052 ex
2287 3001 2477 3053 defectu
2517 2999 2722 3054 alicuius
2763 3006 2941 3056 horum
2981 3001 3116 3055 minor
3147 3004 3205 3050 tut

798 3088 954 3141 maior
976 3088 1026 3141 in
1054 3090 1213 3142 Deum
1238 3087 1414 3142 iniuria
1430 3093 1525 3141 ant
1550 3086 1876 3141 irreverentia
1915 3087 2187 3141 redundare
2209 3094 2470 3155 censetur,
2496 3088 2564 3143 ita
2588 3104 2786 3156 quoque
2812 3091 2967 3146 maius
2989 3087 3205 3144 autminus

798 3173 1129 3228 committatur
1168 3180 1436 3239 peceatum.

870 3290 1064 3365 ¹548.
1096 3297 1134 3335 *
1166 3296 1332 3360 Bene
1363 3296 1436 3359 A.
1472 3295 1641 3369 dicit,
1690 3295 1763 3358 de
1801 3294 1919 3358 fide
1953 3314 2081 3359 esse
2128 3295 2291 3377 quod
2321 3295 2528 3361 iurare
2573 3297 2780 3363 liceat.
2823 3297 3052 3364 Scimus
3079 3296 3202 3362 enim

796 3396 1033 3462 iurasse
1079 3396 1454 3481 Apostolum
1500 3417 1619 3461 non
1654 3416 1799 3462 raro
1848 3399 1910 3461 et
1945 3397 2368 3462 iuramentum
2415 3418 2539 3463 non
2571 3401 2780 3465 solum
2825 3401 3089 3485 permitti
3126 3394 3203 3461 sei

799 3500 1129 3583 praescribi
1152 3500 1502 3582 frequenter
1528 3500 1603 3563 ab
1628 3499 1920 3563 Ecclesia.
1939 3499 2109 3563 Heio
2146 3500 2369 3565 idcirco
2416 3501 2585 3565 valet
2608 3501 2766 3567 illud
2790 3504 2954 3586 quod
2977 3497 3204 3581 theologi

796 3604 1116 3667 unanimes
1150 3602 1484 3681 affirmant,
1510 3602 2088 3685 interpretationem
2120 3601 2581 3686 Scripturarum
2614 3624 2651 3670 a
2682 3607 3019 3673 traditione
3046 3603 3205 3669 Eccle-

799 3705 924 3769 siae
957 3705 1283 3789 petendam
1315 3724 1472 3777 esse;
1508 3704 1595 3769 sic
1627 3705 1790 3768 enim
1819 3704 2250 3789 intelligimus,
2286 3705 2485 3770 verbis
2519 3708 2773 3772 Domini
2807 3708 2995 3773 Matt.
3029 3706 3095 3769 V.
3125 3705 3204 3767 34.

800 3806 864 3869 et
894 3806 1099 3869 Iacobi
1131 3807 1182 3869 Ι.
1222 3809 1323 3870 12.
1374 3826 1493 3871 non
1540 3807 1850 3889 prohiberi
1897 3806 2180 3872 absolute
2218 3807 2587 3874 christianos
2636 3829 2671 3874 a
2710 3810 3068 3876 iux-amente.
3100 3806 3204 3885 Qua

799 3908 872 3972 de
897 3928 960 3972 re
984 3908 1189 3972 confer
1211 3909 1461 3974 idoneos
1485 3911 1850 3992 interpretes
1877 3911 2011 3975 ets,
2040 3909 2259 3974 Thom.
2289 3930 2344 3975 a.
2375 3913 2434 3975 2.
2470 3915 2532 3977 et
2562 3912 2888 3997 Laymann
2914 3912 2987 3977 de
3009 3912 3209 3975 Iuram.

799 4032 850 4076 c.
886 4012 946 4076 3.
981 4032 1041 4076 n.
1077 4013 1137 4075 2.
1188 4011 1248 4077 S.
1282 4011 1553 4077 Thomas
1600 4012 1745 4076 ibid.
1798 4011 2233 4077 difficultatem
2279 4012 2397 4078 sibi
2443 4015 2737 4097 proponit
2775 4016 2834 4080 3.
2875 4016 3024 4080 loco.
3064 4040 3094 4071 ‹
3125 4010 3213 4074 Et·

799 4116 1039 4199 quirere
1086 4115 1322 4180 scilicet
1366 4116 1612 4200 signum
1661 4114 1904 4180 divinae
1950 4114 2373 4198 providentiae
2420 4117 2514 4181 est
2562 4118 2803 4183 tentare
2835 4119 3048 4193 Deum,
3080 4107 3210 4197 quod

794 4221 895 4283 est
915 4219 1162 4283 omnino
1186 4218 1497 4282 illicitum.
1526 4217 1642 4282 Sed
1664 4217 1770 4281 ille
1796 4218 1902 4299 qui
1923 4217 2113 4295 iurat,
2135 4217 2382 4282 videtur
2402 4219 2715 4301 exquirere
2739 4220 2984 4304 signum
3009 4217 3213 4282 divinae

800 4320 1241 4405 providentiae,
1276 4320 1423 4384 dum
1456 4320 1613 4402 petit
1650 4319 1928 4384 divinum
1977 4319 2424 4399 testimonium,
2475 4322 2640 4405 quod
2691 4324 2785 4388 est
2829 4342 2937 4407 per
2982 4320 3212 4401 aliquem

801 4420 1144 4486 evidentem
1192 4421 1475 4485 effectum
1507 4447 1567 4482 ».
1605 4421 1957 4504 Respondet
2003 4441 2181 4486 vero:
2224 4446 2258 4479 «ε
2290 4422 2382 4486 Ad
2433 4424 2517 4487 3¹²¹
2551 4424 2891 4502 dicendum,
2938 4420 3089 4507 quod
3128 4416 3212 4481 ille

796 4523 909 4606 qui
931 4523 1119 4600 iurat,
1146 4543 1267 4589 non
1286 4526 1489 4586 tentat
1512 4523 1741 4597 Deum;
1771 4524 1918 4604 quia
1943 4544 2063 4589 non
2089 4524 2385 4609 implorat
2402 4526 2682 4593 divinum
2701 4527 2993 4593 auxilium
3015 4524 3210 4601 absque
