3497 5147
363 384 544 460 [1127]
616 398 769 446 Qum
794 396 1190 445 emmanue
1219 397 1304 436 An
1328 396 1619 438 mmmm«
1647 396 2165 439 Recensum-rcum
2196 396 2367 438 com„
2394 398 2568 440 vesp,
2723 383 2836 439 843

367 495 739 561 sententiam
784 492 971 578 rigidi
1016 492 1278 557 Milante
1327 493 1589 557 aientis:
1640 493 1729 557 Ut
1761 493 2024 578 ingenue
2056 512 2266 557 meam
2314 495 2377 558 in
2425 514 2491 558 re
2522 495 2830 578 proferam

367 596 760 672 sententiam,
796 596 1039 661 attenta
1070 595 1378 677 praesenti
1409 594 1750 677 disciplina,
1787 596 1916 659 sine
1950 596 2078 660 ullo
2111 597 2398 679 scrupulo
2433 615 2610 680 posse
2645 597 2833 660 etiam

368 717 629 784 magnos
677 699 871 782 pisces
916 698 982 761 in
1028 696 1242 761 eadem
1287 698 1640 779 quantitate
1686 698 1964 780 permitti
2020 699 2388 763 existimo...
2439 699 2620 764 Unde
2669 699 2836 763 sicut

369 800 550 866 hodie
594 801 661 864 in
707 799 964 882 prandio
1010 798 1156 863 licet
1199 799 1463 884 grandes
1507 799 1703 882 pisces
1752 800 2083 878 comedere,
2132 801 2279 864 licet
2325 801 2564 884 pariter
2599 802 2663 864 in
2697 819 2838 864 coe-

366 904 515 968 nula
548 921 692 966 cum
722 901 930 965 debito
967 901 1385 965 moderamine
1432 901 1822 966 manducare.
1857 902 2100 967 Nolunt
2135 903 2370 967 scilicet
2402 904 2606 968 totam
2643 922 2835 984 quan-

371 1006 621 1069 titatem
654 1003 947 1069 coenulae
978 1022 1108 1067 esse
1140 1023 1211 1067 ex
1243 1004 1405 1086 pisce
1436 1004 1696 1080 maiore;
1747 1003 1894 1086 quia
1927 1003 1987 1067 id
2027 1005 2212 1069 nimis
2244 1005 2531 1082 nutriret,
2566 1006 2669 1070 sed
2702 1025 2839 1088 par-

371 1110 496 1173 tem
542 1107 715 1172 illius
763 1108 1036 1170 tantum.

462 1209 597 1289 Qua
627 1209 701 1273 de
736 1228 821 1286 re,
854 1210 928 1273 ut
958 1227 1180 1293 graves
1220 1208 1384 1273 viros
1417 1208 1751 1292 doctosque
1791 1210 2019 1287 audivi,
2053 1211 2399 1294 generatim
2431 1211 2630 1275 statui
2656 1228 2835 1293 posse

372 1312 637 1388 videtur,
671 1331 792 1375 non
828 1310 1261 1393 inquietandos
1300 1330 1423 1387 eos,
1459 1311 1567 1392 qui
1613 1311 1983 1393 qualitatem
2015 1313 2298 1377 ciborum
2330 1312 2841 1396 quadragesima·

367 1415 524 1480 lium
563 1415 714 1497 (non
747 1432 980 1491 eorum,
1016 1414 1124 1495 qui
1160 1433 1231 1477 ex
1262 1412 1507 1477 indulto
1547 1412 2015 1496 {permittuntur
2060 1433 2169 1496 pro
2221 1415 2402 1478 unica
2434 1414 2839 1496 comestione)

369 1520 776 1605 servant-nec
812 1517 1074 1581 totalem
1112 1516 1530 1598 quantitatem
1569 1516 1902 1591 excedunt3
1938 1516 2243 1598 quidquid
2276 1516 2523 1580 demum
2559 1520 2835 1581 sumant.

373 1620 496 1686 Ubi
528 1619 991 1695 advertendum,
1031 1637 1153 1683 non
1188 1618 1415 1699 ubique
1452 1637 1691 1701 semper
1722 1621 1969 1701 praesto
2019 1637 2149 1682 esse
2182 1637 2273 1695 ea,
2315 1637 2474 1701 quae
2511 1618 2725 1683 Theol.
2772 1620 2837 1683 in

370 1723 499 1787 suis
537 1722 836 1788 cubiculis
868 1721 1295 1805 praescribunt
1332 1740 1438 1784 nec
1471 1739 1681 1785 omnes
1713 1720 2074 1785 stomachos
2108 1739 2238 1784 esse
2286 1720 2560 1784 eiusdem
2594 1721 2838 1805 vigoris

372 1827 484 1890 aut
511 1825 1004 1908 temperamenti,
1038 1825 1113 1887 ut
1150 1823 1409 1905 quisque
1456 1842 1734 1905 quaeque
1781 1823 1937 1887 ferre
1985 1823 2303 1887 commode
2358 1822 2573 1906 possit.
2616 1823 2835 1906 Neque

372 1927 479 1992 ubi
516 1930 651 1993 tam
680 1927 929 1991 difficile
967 1927 1063 1991 est
1101 1925 1560 1990 observantiam
1615 1925 1773 1989 sacri
1821 1925 2034 1989 ieiunii
2084 1925 2360 1989 obtinere
2410 1945 2446 1989 a
2495 1926 2716 2007 tepidis
2768 1945 2840 1991 ac

373 2030 614 2116 frigidis
647 2029 950 2106 fidelibus,
985 2027 1420 2092 difficultatem
1445 2047 1671 2112 augere
1703 2046 1956 2111 prorsus
1989 2027 2250 2111 expedit,
2279 2029 2427 2091 utut
2458 2027 2705 2092 suaderi
2738 2047 2841 2093 ve·

374 2135 567 2197 terem
599 2131 839 2214 praxim
882 2131 1001 2214 piis
1042 2130 1344 2213 expediat.

471 2231 657 2305 1127.
706 2234 849 2299 Alia
895 2232 1181 2317 capitalis
1250 2233 1671 2297 controversia
1740 2233 2041 2311 efferbuit,
2094 2252 2170 2296 an
2218 2233 2349 2297 ullo
2398 2231 2582 2297 modo
2633 2233 2841 2296 atten-

375 2338 571 2402 denda
618 2339 779 2402 esset
825 2336 1097 2419 qualitas
1144 2335 1457 2400 ciborum:
1507 2354 1652 2399 nam
1699 2335 1953 2417 quidam
2001 2335 2282 2411 docuere,
2331 2335 2548 2399 iisdem
2585 2335 2736 2398 cibis
2767 2335 2841 2398 li-

379 2459 510 2506 cere
558 2440 654 2506 uti
698 2440 763 2504 in
809 2438 1067 2503 coenula
1114 2457 1184 2501 ac
1230 2438 1293 2501 in
1328 2437 1603 2520 prandio,
1631 2438 1878 2502 etiamsi
1915 2457 1985 2502 ex
2017 2437 2472 2521 dispensatione
2512 2455 2662 2501 usus
2701 2455 2840 2501 con-

377 2543 693 2610 cederetur
739 2561 997 2607 ovorum
1022 2540 1122 2624 (de
1142 2539 1428 2605 carnibus
1462 2559 1581 2604 non
1615 2542 1708 2604 est
1731 2540 2064 2623 quaestio).
2089 2540 2177 2605 At
2199 2559 2365 2616 vero,
2388 2539 2596 2621 inquit
2618 2537 2842 2622 Sporer

376 2648 452 2711 de
468 2648 715 2711 Ieiunio
738 2648 781 2711 1.
816 2667 866 2711 c.
889 2667 945 2710 n.
982 2648 1118 2710 32.:
1145 2671 1179 2705 ‹<
1211 2648 1490 2730 spectata
1527 2647 1821 2710 moderna
1867 2646 2326 2722 consuetudine,
2377 2645 2740 2729 praesertim
2773 2645 2836 2708 in

374 2751 587 2814 nostra
635 2748 968 2814 Germania
1015 2748 1250 2812 iamdiu
1298 2749 1565 2812 tolerata
1614 2751 1678 2812 et
1725 2749 1904 2831 plane
1951 2749 2384 2828 invalescente,
2435 2767 2669 2826 cense0,
2705 2766 2828 2811 non

377 2854 626 2917 tantum
674 2851 881 2916 omnia
929 2850 1239 2933 praedicta
1285 2851 1632 2915 licitissime
1687 2851 1930 2914 absumi
1967 2852 2032 2916 in
2078 2852 2428 2928 collatione,
2485 2851 2590 2915 sed
2638 2851 2828 2914 etiam

380 2954 628 3020 omnino
675 2953 1056 3038 probabilem
1104 2955 1166 3017 et
1212 2954 1418 3019 tutam
1465 2973 1595 3018 esse
1643 2954 2101 3032 sententiam...,
2136 2955 2201 3018 in
2234 2954 2567 3019 collatione
2599 2972 2838 3036 vesper-

378 3058 512 3122 tina
558 3056 770 3121 ieiunii
816 3075 939 3120 non
987 3075 1116 3120 esse
1165 3056 1600 3121 attendendam
1670 3057 2042 3138 qualitatem
2089 3057 2388 3130 ciborum,
2440 3057 2546 3120 sed
2592 3055 2839 3137 quanti-

381 3162 577 3226 tatem
601 3162 884 3225 tantum:
927 3158 1077 3224 adeo
1118 3161 1190 3223 ut
1214 3177 1285 3223 ex
1317 3160 1623 3236 omnibus,
1651 3159 1823 3236 cibis,
1860 3159 1966 3240 qui
1999 3158 2096 3222 die
2130 3159 2342 3222 ieiunii
2376 3158 2543 3221 licite
2577 3159 2839 3239 possunt

376 3264 538 3327 sumi
586 3263 648 3326 in
696 3261 973 3345 prandio,
1023 3261 1212 3324 etiam
1262 3261 1549 3341 piscibus,
1600 3260 2037 3344 leguminibuS,
2090 3259 2410 3341 placentis,
2453 3259 2609 3333 oviS,
2663 3258 2838 3322 lacti-

382 3366 557 3428 ciniis
596 3367 733 3441 etc.,
783 3363 975 3427 etiam
1019 3362 1207 3425 liceat
1260 3381 1499 3426 sumere
1560 3363 1623 3425 in
1672 3381 1880 3426 coena.
1929 3361 2000 3424 Id
2048 3379 2325 3443 expresse
2395 3358 2616 3423 docent
2665 3357 2841 3423 Caie-

382 3467 586 3542 tanus,
620 3464 935 3529 Bonacina
973 3465 1036 3526 et
1066 3465 1279 3526 noster
1308 3463 1530 3526 Petrus
1562 3462 1913 3537 Marchant,
1962 3463 2070 3544 qui
2125 3480 2430 3545 expresse:
2471 3460 2841 3538 Respondeo

380 3584 508 3646 eqo,
557 3568 626 3629 in
672 3563 1117 3628 cenatiuncula
1164 3565 1515 3643 vespertina
1560 3563 1633 3627 de
1681 3562 1985 3644 qualitate
2033 3564 2156 3627 cibi
2201 3583 2327 3626 non
2358 3582 2488 3626 esse
2533 3561 2843 3625 altercan-

386 3666 553 3743 dum,
600 3667 711 3730 secl
753 3667 826 3731 de
872 3668 1223 3750 quantitate
1272 3666 1687 3729 dumtaxat».

476 3768 786 3851 Additque
823 3768 1084 3852 Sporer:
1126 3769 1260 3853 Ego
1293 3769 1485 3834 miror
1529 3768 1781 3832 Patrem
1815 3769 2080 3832 Paulum
2113 3769 2433 3852 Laymann
2476 3767 2545 3848 (1.
2583 3768 2643 3829 4.
2672 3766 2749 3831 tr.
2781 3767 2840 3829 8.

386 3892 437 3937 c.
470 3874 512 3936 1.
548 3894 607 3936 n.
644 3874 736 3955 9.)
769 3873 923 3936 alias
951 3875 1083 3936 tam
1115 3874 1347 3937 bonum
1394 3871 1794 3948 Germanum,
1831 3872 1891 3935 in
1927 3872 2042 3934 hac
2079 3872 2213 3935 sola
2252 3871 2514 3934 materia
2549 3869 2840 3953 patriotis

387 3976 516 4041 suis
564 3975 751 4039 fuisse
800 3975 931 4038 tam
978 3978 1298 4039 austerum
1326 4000 1361 4032 »
1400 3974 1514 4057 (a).

478 4079 538 4143 S.
586 4079 941 4162 Alphonsus
974 4099 1032 4141 n.
1064 4080 1255 4143 1027.
1292 4080 1448 4143 hanc
1485 4078 1765 4162 regulam
1815 4078 1904 4158 (n.
1945 4079 2080 4160 55.)
2126 4097 2247 4142 non
2282 4077 2506 4159 probat
2538 4076 2840 4151 universe,

496 4332 560 4383 (a)
590 4330 672 4373 Ita
699 4328 753 4372 in
774 4331 976 4373 vetusto
1005 4340 1120 4371 mss.
1152 4339 1242 4369 suo
1270 4326 1451 4379 colice,
1494 4339 1645 4381 quem
1676 4327 2002 4378 exer-ibimus.
2046 4331 2165 4370 ante
2196 4340 2389 4371 annum
2424 4327 2529 4376 Lffi2
2559 4329 2766 4368 exarato
2796 4331 2848 4366 et,

387 4397 513 4439 mihi
543 4402 669 4440 tuuc
697 4394 940 4448 exhibito,
969 4393 1225 4447 reperitur
1253 4405 1284 4436 a
1312 4392 1364 4435 P.
1396 4393 1643 4436 Ballerini
1671 4393 1864 4437 allatus
1892 4394 1976 4436 hic
2003 4398 2175 4437 textus
2204 4394 2403 4448 Sporer.
2435 4392 2680 4443 Quocirca
2709 4392 2750 4434 ei
2795 4392 2850 4434 in

382 4463 557 4518 aliqua
586 4477 647 4507 ex
679 4462 928 4517 prioribus
956 4460 1265 4505 editionibus
1292 4461 1554 4513 Guryanie
1583 4460 1639 4503 in
1667 4460 1828 4504 alium
1869 4474 2073 4505 sensum
2104 4462 2298 4504 relatus
2325 4467 2557 4516 apparet,
2588 4461 2638 4503 id
2681 4460 2849 4503 nescio

382 4530 463 4573 cui
492 4529 901 4573 inadvertentine
929 4527 1259 4570 tribuendum
1280 4531 1371 4578 est,
1392 4539 1523 4580 quae
1549 4527 1734 4571 animis
1752 4541 1950 4583 quoque
1981 4527 2063 4571 vel
2095 4529 2312 4572 maxime
2344 4528 2678 4584 vigilantibus
2705 4526 2843 4571 iden-

389 4595 549 4639 tidem
577 4596 847 4652 subrepere
873 4595 1017 4638 nolet.
1048 4595 1107 4638 E.
