3497 5147
700 329 808 383 866
844 340 1056 382 ·rnao'r.
1085 340 1189 381 vn.
1209 338 1371 380 sac-r.
1394 340 1458 379 11.
1481 339 1565 378 na
1590 336 2040 378 anm-mannan
2064 335 2441 377 Psammvro.
2472 335 2562 376 111.
2588 335 2674 374 nn
2697 335 2951 376 namma
2984 319 3172 396 [1065]

696 462 749 506 c.
777 442 837 503 2.
858 460 917 503 n.
957 439 1103 502 100.
1137 438 1201 500 01
1233 434 1408 519 Gury
1445 436 1595 501 tom.
1642 436 1698 498 1.
1737 436 1796 517 ξ.
1832 434 1982 497 485.
2011 432 2316 497 Habenda
2349 433 2445 497 est
2483 450 2631 516 ergo
2665 431 2829 496 ratio
2860 431 3175 516 legitima·

693 562 833 608 rum
881 539 1421 606 consuetudinum.

782 644 1191 725 Praeceptum
1230 642 1345 705 hoc
1382 659 1574 724 grave
1605 641 1719 715 est,
1748 657 1900 711 nam
1948 638 2043 702 est
2087 637 2353 702 materia
2400 657 2508 720 per
2540 655 2605 701 se
2651 636 2864 721 gravis
2911 636 3168 718 eiusque

696 747 1046 814 observatio
1081 745 1371 829 exigitur,
1406 746 1479 808 ut
1509 743 1885 808 christianae
1917 742 2237 826 religionis
2268 741 2600 824 participes
2631 741 2848 805 simus.

788 851 992 933 Ipsius
1032 850 1240 913 tamen
1275 846 1534 911 violatio
1567 846 1722 910 levis
1755 863 1885 909 esse
1917 847 2124 927 potest
2156 846 2406 927 propter
2438 843 2814 926 parvitatem
2843 843 3165 907 materiae:

696 953 925 1017 idcirco
973 949 1315 1033 quaeritur,
1379 967 1536 1030 quae
1596 946 1920 1030 quantitas
1975 945 2275 1010 materiae
2331 945 2671 1027 requiritur
2718 946 2796 1009 ad
2844 946 3166 1028 peccatum

698 1055 983 1120 mortale.
1025 1053 1148 1116 Res
1179 1052 1275 1115 est
1311 1050 1644 1114 admodum
1694 1050 2111 1114 controversa.

793 1152 979 1227 1155.
1029 1153 1200 1234 Quae
1248 1154 1331 1218 sit
1378 1153 1442 1217 in
1474 1154 1591 1217 1130
1620 1172 1685 1216 10
1718 1151 2017 1215 1113101130
2055 1151 2353 1234 parvitas,
2394 1176 2430 1211 «
2454 1153 2589 1216 tam
2620 1170 2843 1234 parum
2879 1150 3171 1215 convenit

699 1260 862 1323 inter
896 1258 1244 1340 scriptoreS‚
1271 1256 1346 1318 ut
1370 1254 1532 1337 apud
1555 1252 1790 1317 multos
1823 1252 2031 1317 videas
2064 1252 2443 1337 singularem
2474 1253 2745 1336 rigorem
2771 1253 2834 1317 in
2858 1254 2976 1318 hac
2999 1272 3173 1335 prae-

699 1362 879 1445 cipue
917 1378 981 1423 re
1021 1358 1420 1434 observari»,
1458 1357 1548 1421 ait
1579 1355 1930 1419 Lehmkuhl
1964 1355 2040 1418 V.
2082 1355 2136 1418 1.
2172 1376 2232 1420 n.
2278 1356 2469 1420 1207.
2504 1357 2566 1419 4.

792 1464 1018 1527 Omnes
1050 1460 1443 1538 conveniunt,
1494 1458 1585 1523 ait
1632 1457 1807 1541 Gury
1839 1458 1881 1521 1.
1917 1476 1968 1521 0.
2005 1458 2063 1540 ἓ.
2099 1457 2250 1521 486.
2286 1477 2345 1540 q.
2381 1459 2464 1533 2.,
2505 1477 2643 1522 eam
2676 1477 2806 1522 esse
2853 1458 3171 1540 quantita·

700 1568 829 1631 tem
861 1583 1137 1649 gravem,
1172 1581 1331 1644 quae
1363 1561 1727 1626 notabiliter
1760 1560 1980 1637 nutrit,
2021 1561 2094 1624 ut
2131 1559 2652 1642 quemadmodum
2688 1560 2752 1624 in
2799 1559 2898 1623 die
2929 1560 3166 1635 ieiunii,

695 1667 1019 1750 quantitas
1058 1664 1177 1729 cibi
1213 1663 1575 1728 notabiliter
1622 1662 1976 1739 nutrientis,
2013 1664 2256 1745 praeter
2287 1663 2528 1726 licitam
2561 1663 3024 1738 comestionem,
3074 1666 3169 1727 est

696 1769 961 1834 materia
992 1767 1240 1852 gravis;
1270 1766 1360 1829 ita
1397 1765 1460 1828 in
1493 1764 1589 1828 die
1629 1764 2057 1842 abstinentiae,
2092 1765 2413 1847 quantitas
2445 1765 2646 1829 carnis
2671 1763 3039 1829 notabiliter
3060 1784 3169 1829 nu·

701 1871 949 1935 trientis
982 1868 1067 1933 sit
1103 1868 1367 1932 materia
1398 1866 1628 1950 gravis.

788 1972 904 2036 Sed
939 1972 1034 2035 est
1065 1970 1281 2054 regula
1316 1969 1499 2034 nimis
1534 1968 1872 2032 indefinita.
1910 1993 1943 2027 α
1977 1967 2097 2048 Qui
2128 1969 2445 2034 moderate
2477 1970 2772 2046 sentiunt,
2814 1969 2907 2033 ait
2937 1969 3165 2034 Lehm-

697 2074 854 2139 kuhl
884 2075 926 2137 l.
961 2094 1035 2151 c.,
1072 2072 1268 2153 aliqui
1294 2071 1510 2135 dicunt
1534 2071 1832 2135 materiae
1856 2090 2082 2154 parvae
2106 2071 2372 2136 limitem
2404 2090 2536 2136 esse
2567 2072 2889 2136 dimidiam
2915 2073 3164 2137 unciam

697 2176 918 2254 carnis,
955 2196 1012 2240 v.
1055 2173 1230 2258 Gury
1266 2174 1308 2236 l.
1344 2193 1432 2237 c.:
1485 2173 1594 2236 alii
1624 2174 2067 2255 quantitatem,
2107 2193 2265 2255 quae
2311 2174 2740 2259 magnitudine
2786 2174 3033 2240 circiter
3071 2194 3167 2239 ae-

702 2281 853 2361 quet
897 2296 1117 2342 nucem
1157 2276 1543 2340 avellanam:
1585 2275 1696 2339 alii
1725 2274 1793 2357 (v
1849 2276 2083 2340 Reuter
2115 2279 2192 2340 tr.
2236 2278 2295 2341 2.
2337 2298 2395 2341 n.
2427 2276 2605 2361 167.)
2644 2278 2810 2360 quod
2840 2277 3163 2343 moraliter

700 2383 949 2464 superet
1018 2380 1266 2444 unciam
1315 2397 1425 2461 pro
1473 2379 1736 2443 materia
1808 2380 1987 2462 gravi
2055 2379 2318 2444 habent:
2382 2381 2705 2445 moraliter
2750 2381 2983 2445 scilicet
3034 2399 3158 2445 non

695 2484 1018 2566 superaret
1041 2481 1206 2563 quod
1232 2500 1452 2562 parum
1479 2481 1819 2563 superaret,
1846 2481 1993 2563 quia
2026 2502 2248 2565 parum
2273 2502 2382 2566 pro
2408 2483 2601 2548 nihilo
2626 2485 2947 2568 reputatur
2969 2484 3032 2545 et
3061 2482 3153 2545 sic

695 2585 773 2650 ad
805 2586 959 2650 duas
991 2585 1205 2648 uncias
1250 2584 1598 2647 accedimus
1626 2603 1640 2644 :
1692 2583 1800 2647 alii
1837 2603 2004 2659 33110,
2031 2587 2105 2649 ut
2129 2584 2295 2662 Stoz,
2324 2587 2550 2669 putant
2572 2605 2694 2651 non
2728 2605 2859 2651 esse
2902 2603 3157 2670 gravem

694 2688 1044 2765 materiam,
1070 2687 1189 2751 nisi
1201 2687 1325 2751 fere
1358 2687 1608 2752 accedat
1641 2687 1717 2750 ad
1735 2686 1890 2752 duas
1917 2688 2149 2766 11110133,
2173 2688 2345 2751 Trib.
2363 2689 2654 2767 poenial.
2686 2690 2818 2771 1.p.
2840 2690 2900 2751 3.
2925 2707 2986 2752 11.
3008 2687 3158 2751 528.

695 2793 808 2855 aut
852 2790 972 2855 nisi
1019 2789 1384 2854 scandalum
1431 2789 1611 2853 detur
1657 2813 1718 2853 ».
1771 2787 1886 2853 Sed
1934 2791 2168 2855 mentio
2217 2790 2494 2856 scandali
2537 2790 2601 2854 in
2650 2792 2766 2855 hac
2819 2789 3162 2855 definienda

696 2892 1061 2973 quaestione
1109 2911 1231 2954 non
1278 2890 1524 2955 videtur
1572 2893 1941 2974 opportuna.
1981 2890 2271 2957 Ceterum
2305 2894 2611 2957 sententia
2643 2892 2790 2958 Stoz
2823 2892 3163 2976 probabilis

696 2994 792 3057 est
837 2995 901 3058 et
946 2992 1106 3057 forte
1157 2993 1444 3075 ampliari
1491 2995 1717 3076 potest,
1754 2996 1845 3071 ut,
1886 2995 2410 3076 quemadmodum
2456 2996 2520 3059 in
2567 2996 2663 3061 die
2710 2995 2927 3060 ieiunii
2972 3014 3166 3078 quan·

693 3094 849 3160 titas
896 3094 1163 3159 duarum
1208 3094 1532 3158 unciarum
1582 3114 1653 3158 ex
1690 3095 1843 3160 cibis
1877 3095 2520 3181 quadragesimalibus
2557 3099 2730 3162 extra
2761 3097 3160 3163 refectionem

693 3198 759 3261 et
782 3198 1104 3262 coenulam
1136 3215 1259 3261 non
1291 3196 1388 3260 est
1418 3197 1679 3261 materia
1717 3199 1929 3282 gravis
1967 3197 2054 3280 (n.
2095 3200 2346 3282 1131.):
2380 3200 2472 3264 ita
2509 3201 2572 3264 in
2612 3200 2710 3264 die
2748 3199 3161 3265 abstinentiae

695 3303 1017 3386 quantitas
1064 3302 1330 3366 duarum
1378 3302 1701 3366 unciarum
1751 3303 1950 3366 carnis
2000 3302 2200 3367 adhuc
2247 3305 2332 3368 sit
2376 3305 2640 3369 materia
2700 3306 2875 3371 leviS.
2927 3305 3162 3387 Utique

694 3409 847 3472 haec
894 3406 1095 3491 magis
1142 3406 1345 3470 nutrit
1390 3425 1579 3487 quam
1625 3405 1994 3469 tantundem
2032 3407 2151 3470 cibi
2184 3408 2769 3493 quadragesimalis:
2811 3409 2916 3474 sed
2951 3409 3166 3473 adver-

693 3509 950 3573 tendum
997 3527 1243 3591 quoque
1291 3508 1403 3585 est,
1454 3507 1517 3571 in
1564 3508 1661 3572 die
1710 3508 2124 3572 abstinentiae
2184 3510 2515 3576 nutritioni
2575 3511 2844 3576 limitem
2913 3511 3163 3575 nullum

693 3612 837 3694 poni
876 3631 986 3676 seu
1022 3629 1144 3675 non
1194 3610 1506 3693 prohiberi
1546 3610 1878 3691 quominus
1912 3629 1976 3674 se
2008 3611 2269 3692 quisque
2301 3613 2561 3691 nutriat,
2596 3613 2840 3694 quoties
2872 3615 2938 3677 et
2969 3632 3167 3696 quan-

694 3716 833 3779 tum
880 3715 935 3779 ei
981 3713 1253 3790 libuerit,
1304 3713 1410 3778 sed
1457 3732 1642 3777 usum
1689 3712 2018 3778 dumtaxat
2065 3715 2268 3780 carnis
2314 3715 2645 3798 prohiberi.

783 3819 920 3881 Iam
951 3836 1094 3881 vero
1127 3816 1291 3899 quod
1323 3816 1565 3880 ratione
1612 3815 2025 3880 abstinentiae
2074 3835 2108 3880 a
2157 3818 2444 3882 carnibus
2495 3818 2760 3882 vetitum
2798 3819 2894 3883 est
2940 3818 3160 3884 diebus

691 3918 926 3998 ieiunii,
975 3918 1137 3983 idem
1176 3918 1454 4001 (excepta
1487 3918 1900 4000 prohibitione
1931 3920 2448 4004 promiscuitatis)
2480 3920 2745 3985 vetitum
2784 3923 2880 3985 est
2910 3940 3162 4004 quoque

690 4024 926 4101 diebus,
965 4022 1191 4105 quibus
1242 4022 1617 4086 abstinentia
1649 4041 1686 4086 a
1717 4022 2005 4086 carnibus
2055 4025 2381 4106 praecepta
2429 4024 2556 4087 est:
2606 4023 2727 4088 nisi
2773 4023 3159 4106 dispensatio

689 4127 899 4210 quoad
932 4125 1237 4209 quaedam
1276 4124 1598 4188 habeatur.
1634 4122 1727 4188 Cf.
1764 4144 1910 4209 ergo
1944 4125 2110 4190 dicta
2143 4145 2242 4189 nn.
2282 4125 2473 4189 1105.
2519 4126 2711 4190 1133.

780 4226 963 4299 1156.
1014 4229 1177 4313 Lege
1229 4226 1641 4291 abstinentiae
1701 4227 2061 4311 obligantur
2109 4246 2318 4292 omnes
2365 4226 2574 4292 fideles
2621 4228 2788 4292 nacti
2819 4247 3008 4293 usum
3056 4248 3161 4294 ra-

690 4331 898 4396 tionis.
935 4331 1165 4395 Utrum
1204 4329 1516 4414 obligetur
1545 4329 1654 4410 qui
1686 4331 1830 4393 ante
1863 4331 2248 4413 septennium
2281 4329 2512 4395 fruitur
2557 4349 2676 4396 usu
2708 4330 2990 4409 rationis,
3025 4332 3160 4397 iam

695 4432 926 4496 dictum
964 4433 1151 4497 estin
1185 4435 1263 4496 tr.
1301 4430 1375 4495 de
1424 4430 1699 4511 Leqibus
1730 4450 1781 4494 0.
1819 4433 1878 4494 2.
1913 4432 1971 4495 11.
2013 4433 2069 4496 1.
2109 4433 2290 4497 10301.
2326 4433 2387 4496 3.

782 4533 919 4611 Sed,
967 4533 1488 4616 quemadmodum
1536 4551 1572 4597 a
1618 4533 1755 4617 lege
1811 4533 2043 4611 ieiunii,
2079 4535 2269 4600 etiam
2310 4536 2387 4599 ab
2434 4535 2549 4600 hac
2584 4553 2807 4601 causae
2853 4537 3004 4601 sunt
3049 4557 3161 4601 ex-
