3497 5147
365 361 511 436 [900]
1033 376 1119 416 nn
1155 375 1473 419 occrsrons
1509 376 1709 424 mrem
1748 373 2168 417 aecumsoms
2725 358 2832 414 667

358 476 483 540 lere
507 473 690 538 debet
719 473 967 556 privato
992 473 1180 555 atque
1205 473 1355 538 adeo
1384 472 1779 538 tolerandum
1813 473 1908 536 est
1948 471 2160 554 potius
2192 470 2534 553 periculum
2569 470 2834 535 alicuius

362 579 889 655 dehonorationiS,
917 597 1105 661 quam
1137 578 1285 643 talis
1317 578 1705 661 perturbatio
1742 597 1851 660 per
1883 576 2217 642 occisiones
2255 575 2596 640 inducenda
2627 575 2740 658 (a).

472 722 683 775 xxvn.
714 723 732 774 l
754 723 796 773 1.
817 721 1235 788 Quandocumque
1257 719 1368 786 quis
1391 720 1528 773 iuxta
1553 719 1831 787 supradicta
1870 722 2016 773 babet
2033 718 2111 771 ius
2130 718 2278 772 alium
2300 717 2570 782 occidendi,
2592 716 2642 770 id
2672 723 2836 785 potest

366 806 512 862 ctiam
536 805 662 860 alius
688 821 779 874 pro
803 820 864 859 eo
890 811 1167 872 praestare:
1194 819 1305 859 cum
1329 804 1379 858 id
1406 807 1609 859 suadeat
1638 803 1833 858 caritas,
1856 804 1963 858 Fill.
1984 819 2031 857 u.
2055 804 2141 857 54.
2162 807 2284 857 Tau.
2306 808 2342 855 t.
2366 806 2416 856 3.
2438 804 2486 856 d.
2510 804 2558 857 4.
2580 818 2626 869 q.
2654 805 2702 856 8.
2719 806 2830 857 Mol.

367 894 417 946 d.
448 894 528 944 18.
555 894 629 945 An
653 897 818 944 autem
843 896 894 944 et
929 892 1124 957 quando
1163 891 1222 942 ad
1259 893 1355 943 hoc
1392 896 1630 953 teneatur,
1667 903 1714 943 v.
1743 891 1882 942 Less.
1914 889 1948 942 l.
1976 892 2026 942 2.
2051 904 2096 942 c.
2125 891 2175 941 9.
2202 889 2252 940 d.
2287 889 2367 941 ¹3.
2397 887 2539 940 Dian.
2567 902 2614 953 ρ.
2643 888 2692 940 5.
2719 893 2753 939 t.
2784 888 2833 940 4.

367 990 463 1031 ree.
494 978 543 1030 9.
574 976 657 1030 14.
686 978 772 1029 20.

460 1089 634 1163 899.
683 1092 1008 1174 Duplioem
1053 1091 1480 1173 quaestionem
1526 1092 1662 1156 heio
1707 1092 2011 1156 habemus
2063 1090 2130 1153 1⁰
2161 1090 2260 1154 An
2309 1090 2543 1173 possim
2589 1108 2697 1172 per
2742 1089 2839 1153 fa-

367 1195 576 1261 mulos
621 1195 934 1277 praestare
987 1193 1071 1271 id,
1122 1193 1283 1275 quod
1334 1193 1413 1257 ad
1459 1212 1557 1257 me
1605 1214 1677 1257 ac
1722 1213 1862 1258 mea
1910 1193 2140 1258 tuenda
2203 1194 2518 1275 praestare
2584 1211 2690 1274 per
2734 1210 2836 1255 me

369 1299 578 1381 ipsum
599 1296 755 1360 mihi
783 1295 958 1361 licet:
988 1296 1058 1359 2⁰
1080 1296 1178 1360 An
1204 1295 1365 1361 alius
1388 1296 1587 1378 possit
1609 1294 1673 1359 id
1697 1314 1808 1378 pro
1834 1314 1933 1359 me
1956 1296 2290 1379 praestare,
2316 1313 2415 1358 me
2440 1312 2565 1358 non
2587 1292 2838 1358 iubente

370 1418 568 1481 neque
598 1399 863 1479 petente.

460 1500 542 1564 Et
574 1500 651 1565 ad
683 1499 952 1582 primum
1000 1499 1165 1582 quod
1212 1500 1471 1582 spectat,
1505 1499 1723 1581 utique
1769 1500 1915 1564 licet
1960 1500 2025 1564 in
2073 1500 2173 1564 sui
2205 1517 2584 1581 suarumque
2630 1516 2837 1563 rerum

374 1602 786 1668 defensionem
811 1601 908 1666 uti
939 1620 1123 1684 opera
1153 1601 1533 1667 famulorum
1558 1602 1746 1683 atque
1772 1602 1963 1666 etiam
1997 1601 2283 1677 aliorum,
2311 1619 2470 1682 quae
2493 1600 2620 1665 imo
2654 1618 2841 1682 opera

371 1704 713 1772 necessaria
744 1704 999 1769 evadere
1035 1703 1215 1769 facile
1245 1705 1471 1787 potest,
1506 1704 1559 1767 si
1597 1724 1655 1768 v.
1692 1724 1785 1787 gr.
1823 1721 2219 1788 aggressores
2255 1702 2463 1785 plures
2510 1702 2654 1766 sint.
2697 1702 2831 1766 Imo

375 1808 619 1874 etiamsi
667 1825 827 1871 unus
864 1806 950 1871 sit
988 1825 1332 1891 aggressor,
1366 1804 1472 1870 sed
1510 1804 1797 1870 dominus
1835 1824 1957 1870 non
2005 1805 2090 1870 sit
2134 1805 2391 1888 perituS,
2430 1805 2529 1868 vel
2576 1803 2836 1868 timidus

373 1912 439 1977 et
466 1911 659 1976 etiam
704 1911 821 1974 hac
851 1927 1041 1973 causa
1073 1909 1342 1987 absente,
1377 1909 1775 1974 notissimum
1808 1909 1906 1973 est
1936 1908 2211 1984 effatum,
2247 1906 2329 1985 id,
2371 1906 2536 1988 quod
2568 1906 2830 1989 quisque

374 2015 571 2079 facere
618 2014 827 2097 potest
870 2032 977 2096 per
1023 2031 1108 2089 se,
1141 2031 1321 2095 posse
1366 2014 1559 2078 etiam
1605 2031 1714 2096 per
1762 2012 1977 2076 alium.

468 2115 683 2195 Quoad
714 2114 1051 2181 secundum
1081 2133 1248 2192 ver0,
1274 2106 1508 2197 pariter
1539 2114 1882 2190 dicendum,
1917 2114 2159 2178 ratione
2189 2112 2473 2177 caritatis
2507 2111 2838 2193 unicuique

377 2220 560 2284 licere
603 2219 667 2283 vi
711 2218 1002 2303 repellere
1041 2219 1309 2283 alterum
1338 2218 1567 2283 iniuste
1616 2217 2003 2282 accedentem
2043 2216 2115 2281 ad
2167 2214 2510 2280 nocendum
2542 2214 2670 2278 sive
2702 2233 2838 2296 per-

379 2342 566 2388 sonae
609 2322 738 2387 sive
785 2321 1172 2387 substantiae
1217 2320 1483 2405 proximi
1529 2321 1646 2387 sui.

463 2426 628 2510 Ergo
664 2425 909 2490 licitum
942 2427 1036 2490 est
1067 2423 1385 2489 defendere
1420 2424 1620 2489 vitam
1650 2423 1920 2506 proximi
1951 2423 2069 2499 sui,
2103 2440 2246 2486 cum
2287 2420 2586 2487 occisione
2617 2419 2838 2484 iniusti

375 2530 697 2596 invasoris.
726 2528 889 2592 Hinc
911 2547 960 2594 s.
988 2527 1209 2593 Thom.
1238 2529 1298 2591 2.
1326 2529 1386 2592 2.
1414 2547 1473 2610 q.
1503 2527 1607 2592 60.
1637 2529 1756 2592 art.
1787 2525 1846 2591 6.
1876 2525 1953 2592 ad
1979 2527 2040 2590 2.
2073 2548 2112 2585 «ι
2136 2524 2252 2589 Vel
2276 2523 2484 2606 potest
2507 2522 2646 2599 dici,
2673 2522 2839 2605 quod

376 2634 624 2718 Moyses
672 2631 896 2697 occidit
925 2631 1307 2716 Aegyptium
1353 2630 1726 2695 defendendo
1775 2648 1938 2707 eum,
1974 2628 2082 2711 qui
2129 2627 2422 2692 iniuriam
2461 2625 2838 2708 patiebatur,

382 2756 524 2802 cum
569 2734 985 2801 moderamine
1028 2733 1383 2815 inculpatae
1430 2733 1666 2797 tutelae
1703 2757 1766 2796 ›.
1887 2741 1890 2744 ’

473 2834 649 2909 flou.
684 2837 847 2901 Hinc
892 2854 1037 2901 vero
1086 2835 1245 2899 aliae
1290 2835 1703 2916 quaestiones.
1758 2835 1826 2896 1⁰
1855 2833 2033 2898 Licet
2076 2851 2152 2897 ne
2200 2832 2470 2897 occidere
2519 2829 2709 2896 etiam
2755 2829 2845 2893 in-

383 2959 666 3008 vasorem
710 2939 1014 3004 iniustum
1061 2938 1318 3003 alterius
1364 2937 1738 3020 pudicitiae?

475 3044 656 3127 Resp.
695 3042 905 3127 Ligor.
940 3061 999 3106 n.
1036 3041 1209 3117 391„
1242 3040 1460 3122 utique
1489 3040 1691 3116 licere,
1731 3042 1920 3124 prout
1949 3040 2069 3123 ipsi
2106 3038 2369 3122 patienti
2402 3037 2529 3101 vim
2565 3035 2730 3099 licet.
2756 3034 2845 3098 At

383 3149 437 3214 si
466 3146 694 3212 femina
732 3143 1059 3219 consentit,
1091 3141 1188 3206 vel
1222 3142 1445 3206 saltem
1475 3143 1742 3224 positive
1791 3163 1919 3206 non
1947 3143 2204 3218 resistit,
2237 3159 2359 3206 non
2391 3139 2537 3202 licet
2566 3138 2699 3202 eius
2731 3156 2847 3218 pu-

383 3249 630 3315 dicitiae
666 3248 1014 3312 invasorem
1051 3244 1411 3322 interficere,
1447 3246 1594 3327 quia
1633 3249 1782 3310 tunc
1820 3264 1942 3309 non
1980 3244 2301 3327 repellitur
2334 3241 2399 3306 vi
2430 3240 2544 3305 vis,

471 3349 1013 3416 Extendendumne
1060 3349 1176 3412 hoc
1207 3347 1366 3428 (scil.
1399 3348 1695 3412 limitatio
1729 3367 1779 3411 s.
1813 3346 2145 3428 Alphonsi)
2184 3345 2323 3421 erit,
2357 3342 2603 3424 quando
2638 3342 2844 3406 solum

383 3454 623 3538 passive
659 3471 725 3517 se
758 3452 947 3517 habet
978 3469 1069 3526 ea,
1105 3467 1263 3532 quae
1311 3450 1438 3512 vim
1485 3450 1725 3529 patitur
1771 3450 1952 3513 iuxta¹
1993 3448 2164 3512 dicta
2199 3465 2335 3527 sup.
2369 3464 2430 3507 n.
2467 3445 2661 3506 8925?
2703 3440 2847 3505 Non

386 3555 649 3620 videtur.
682 3554 848 3619 Nam
876 3555 1013 3637 ipsa
1048 3570 1260 3635 reapse
1291 3551 1418 3615 vim
1451 3550 1708 3634 patitur,
1745 3553 1809 3613 et
1840 3550 2044 3614 solum
2076 3550 2151 3613 ut
2173 3547 2376 3612 maius
2399 3544 2638 3609 malum
2665 3543 2845 3618 vitet,

387 3656 594 3723 minus
624 3657 884 3742 patitur.

475 3759 731 3825 Perinde
769 3759 866 3824 est
900 3776 1047 3843 ergo
1083 3777 1153 3821 ac
1198 3757 1423 3832 viator,
1457 3756 1564 3838 qui
1610 3753 1775 3819 cedit
1819 3753 2129 3836 pecunias,
2169 3769 2245 3815 ne
2293 3749 2628 3815 occidatur.
2678 3747 2846 3833 Ergo

388 3861 498 3926 illa
542 3862 729 3927 verba
760 3879 809 3925 s.
850 3859 1155 3943 Alphonsi
1200 3859 1317 3924 rite
1349 3855 1724 3942 explicanda,
1762 3874 1978 3938 nempe
2010 3853 2083 3918 de
2113 3853 2362 3930 femina,
2403 3870 2562 3934 quae
2593 3871 2721 3916 non
2756 3872 2852 3914 re-

467 4137 532 4189 (e)
562 4135 717 4178 Porro
736 4136 772 4177 1.
796 4146 962 4178 nonne
982 4133 1106 4176 haec
1125 4133 1296 4176 valere
1310 4145 1510 4188 quoque
1531 4131 1776 4174 videntur
1799 4144 1887 4186 pro
1905 4130 2052 4175 resol.
2074 4131 2302 4185 praeced.
2319 4142 2371 4172 n.
2394 4130 2460 4171 71.
2481 4128 2502 4170 Ρ
2531 4129 2572 4170 2.
2598 4125 2650 4168 Si
2670 4137 2728 4168 ea
2748 4138 2852 4168 non

384 4202 561 4255 licent,
578 4214 709 4256 quae
737 4202 794 4244 in
822 4213 997 4254 propp.
1018 4198 1273 4242 damnatis
1301 4200 1367 4242 ab
1394 4199 1684 4242 Alexandro
1704 4198 1815 4240 vn.
1839 4197 1907 4239 17.
1938 4199 2005 4240 et.
2031 4197 2098 4240 18.
2120 4197 2478 4240 continentur:
2511 4206 2610 4235 non
2639 4191 2845 4234 videtur

390 4281 495 4313 esee
523 4281 615 4313 otu·
641 4269 694 4311 id
722 4269 875 4311 licere
902 4267 1185 4318 credamus,
1206 4266 1337 4319 quod
1364 4265 1475 4309 heio
1494 4268 1555 4309 A.
1578 4265 1702 4308 dicit
1731 4264 1938 4320 quidem
1956 4263 2021 4307 ab
2040 4264 2160 4306 eliis
2178 4262 2436 4306 difficilius
2467 4257 2687 4310 concedi,
2709 4270 2848 4311 posse

384 4349 565 4391 nempe
591 4338 643 4379 te
671 4345 1038 4389 praeoccupare
1066 4333 1309 4375 occisione
1338 4345 1472 4383 enm.
1491 4332 1636 4375 cuius
1664 4345 1817 4386 opera
1835 4332 1930 4374 tibi
1958 4334 2154 4374 constet
2180 4334 2231 4373 te
2252 4332 2386 4372 certe
2416 4326 2724 4370 amissurum
2745 4338 2851 4369 esse

388 4404 520 4447 bona
545 4403 867 4458 temporalia,
885 4401 1129 4445 honorem
1146 4401 1269 4452 etc.;
1301 4411 1421 4442 nam
1441 4401 1687 4442 damnum
1706 4400 1800 4442 hoo
1820 4411 1921 4442 non
1940 4401 2018 4442 est
2040 4398 2204 4442 maius
2223 4395 2345 4448 illis,
2365 4406 2496 4449 quae
2516 4394 2569 4436 in
2589 4393 2652 4435 iis
2673 4405 2844 4447 propp.

390 4472 737 4514 recensentur.

472 4537 542 4580 Et
568 4549 691 4580 sane
719 4547 886 4580 nonne
913 4535 1042 4588 ideo,
1073 4535 1263 4577 natura
1291 4531 1342 4573 id
1371 4531 1614 4585 dictante,
1630 4537 1830 4576 statuta
1849 4537 1925 4576 est
1945 4533 2001 4576 in
2019 4532 2259 4575 societate
2279 4529 2558 4573 auotoritas
2577 4528 2781 4583 publice
2800 4529 2855 4570 et

394 4603 587 4648 iudices
613 4603 819 4658 decreti,
848 4606 909 4647 ut
935 4599 1229 4646 huiusmodi
1256 4598 1501 4642 iniuriam
1527 4603 1580 4642 et
1606 4612 1908 4654 praecavere
1936 4603 1986 4644 et
2013 4597 2257 4643 resarcire
2287 4601 2486 4651 possent
2502 4598 2524 4640 ἲ
2551 4598 2609 4640 Ε.
