3497 5147
688 333 801 390 730
888 345 1103 386 macr.
1132 346 1213 385 w.
1240 342 1403 386 sacr.
1432 343 1512 385 vr.
1541 343 1627 383 nn
1651 343 1843 384 snxro
1869 344 1947 383 m
1975 342 2138 384 nouo
2163 341 2381 383 manc.
2409 341 2740 384 nacanom.
2766 343 2909 385 nun.
2936 343 2977 385 1.
3013 326 3166 403 [891]

692 443 873 507 debet
909 441 1013 524 (ut
1043 440 1369 524 superior),
1406 439 1640 504 silendo
1679 458 1868 504 causa
1917 443 2030 519 est,
2066 460 2175 505 cur
2221 440 2663 506 continuentur
2694 440 2775 522 (si
2811 442 3022 505 autem
3051 460 3167 524 po-

687 546 816 610 test
841 543 1090 627 quidem
1115 543 1221 608 sed
1252 561 1376 607 non
1399 542 1580 606 debet
1602 542 1845 606 ratione
1870 561 2019 607 suae
2052 543 2470 620 auctoritatiS,
2498 542 2744 607 facilius
2770 543 3165 607 excusabitur

690 647 742 712 si
774 664 964 710 causa
996 645 1216 709 silendi
1246 644 1610 728 habeatur):
1647 645 1717 707 4ο
1751 644 1805 708 si
1836 645 2088 728 propter
2120 664 2298 710 suam
2331 644 2748 710 conditionem
2780 645 3165 728 personalem

690 748 945 814 audiens
993 747 1283 812 scandalo
1333 749 1447 824 est,
1484 767 1541 810 v.
1582 768 1643 831 g.
1680 746 1732 810 si
1772 746 2056 812 sacerdos
2090 747 2347 812 audiens
2394 747 2704 831 particeps
2739 748 2902 812 esset
2949 747 3165 812 istius-

689 851 860 917 modi
908 869 1264 915 sermonum
1312 852 1425 913 aut
1470 849 1525 913 si
1572 868 1851 914 sermone
1901 849 2159 914 obsceno
2210 849 2283 914 ad
2334 850 2689 914 audientem
2736 848 2990 922 directo,
3039 868 3161 914 non

694 953 1101 1036 obloquend0‚
1136 971 1394 1035 pravam
1430 951 1839 1016 intentionem
1885 951 2198 1034 loquentis
2245 952 2638 1036 promoveret
2676 954 2788 1016 aut
2821 951 3162 1035 approbare

694 1057 1008 1120 videretur
1042 1081 1101 1119 ».

791 1182 828 1216 ‹
860 1156 961 1222 Sic
1005 1157 1205 1241 igitur
1247 1157 1547 1241 intellige,
1587 1175 1746 1239 quae
1795 1154 2019 1239 Sporer
2050 1158 2113 1221 et
2142 1156 2507 1221 Tamburini
2553 1157 2800 1221 dicunt:
2842 1180 2876 1214 ‹
2909 1154 2973 1221 Si
3022 1156 3162 1220 aliis

694 1258 1116 1340 loquentibus,
1156 1258 1275 1322 tibi
1312 1258 1467 1322 illud
1516 1258 1973 1341 turpiloquium
2012 1259 2112 1323 vel
2158 1259 2467 1324 cantilena
2513 1258 2838 1341 displiceat
2885 1277 2995 1322 seu
3041 1276 3164 1322 non

698 1361 959 1444 placeat,
994 1380 1102 1425 nec
1134 1362 1341 1425 tamen
1373 1362 1509 1426 loco
1543 1359 1820 1424 discedas
1851 1380 1963 1425 nec
1995 1379 2099 1425 eos
2132 1360 2537 1444 reprehendas
2571 1360 2649 1425 ob
2687 1359 2999 1434 ruborem,
3036 1360 3164 1424 imo

699 1464 965 1541 etiamsi,
1008 1463 1244 1528 secluso
1293 1463 1581 1527 scandalo
1620 1465 1684 1527 et
1716 1463 1925 1527 animo
1973 1463 2046 1527 de
2092 1462 2203 1527 illo
2253 1462 2504 1546 peccato
2552 1460 2918 1537 delectandi,
2952 1460 3168 1524 redeas

698 1566 797 1631 vel
829 1565 981 1649 quid
1011 1565 1213 1630 simile
1238 1565 1448 1642 facias,
1477 1567 1538 1628 te
1572 1583 1694 1630 non
1728 1583 1948 1629 accuso
1982 1565 2217 1648 peccati
2247 1564 2570 1640 mortalis3
2613 1563 2761 1646 quia
2791 1563 2930 1646 ipsa
2960 1562 3170 1627 erube-

701 1670 934 1734 scentia
966 1687 1090 1733 non
1125 1667 1571 1732 contemnenda
1607 1666 1772 1731 ratio
1808 1668 1903 1732 est
1941 1687 2050 1750 pro
2091 1669 2203 1732 tua
2236 1667 2630 1732 excusatione
2654 1691 2716 1728 ›.

792 1770 969 1850 Quod
1007 1771 1080 1835 de
1116 1770 1319 1835 verbis
1367 1770 1656 1853 turpibus
1702 1769 1941 1833 dictum
1990 1772 2102 1843 est,
2137 1769 2300 1834 idem
2332 1771 2396 1832 et
2433 1768 2507 1833 de
2554 1768 2842 1851 turpibus
2889 1768 3172 1852 gestibus

703 1873 1046 1949 dicendum,
1081 1873 1190 1954 qui
1222 1874 1369 1937 sunt
1400 1872 1587 1936 verba
1619 1871 1926 1954 quaedam
1957 1872 2172 1936 realia.

794 1970 945 2043 991.
984 1976 1126 2039 Duo
1160 1974 1435 2038 addenda
1469 1994 1539 2038 ex
1572 1993 1620 2038 s.
1653 1973 1973 2057 Alphonso
2007 1975 2050 2038 1.
2084 1994 2135 2038 c.
2170 1973 2459 2040 Alterum
2490 1976 2603 2052 est,
2639 1973 2994 2039 mortaliter
3041 1991 3176 2056 pcc-

705 2097 862 2154 care,
890 2076 999 2158 qui
1031 2077 1109 2141 ob
1132 2077 1499 2141 iactantiam
1529 2078 1789 2141 narrant
1821 2095 1935 2141 sua
1967 2076 2178 2160 turpia
2210 2077 2461 2160 peccata
2493 2076 2558 2140 et
2587 2078 2738 2140 tunc
2768 2094 3018 2159 peccare
3048 2095 3173 2141 non

704 2179 907 2244 solum
947 2180 1197 2262 peccato
1231 2178 1506 2242 scandali
1551 2180 1804 2262 propter
1837 2177 2176 2256 audientes
2212 2178 2319 2243 sed
2355 2177 2648 2242 facillime
2696 2178 2887 2242 etiam
2920 2179 3173 2260 peccato

705 2281 1187 2365 complacentiae
1218 2280 1292 2345 de
1323 2281 1473 2364 ipsis
1507 2281 1794 2363 peccatiS,
1830 2281 1904 2344 ut
1932 2280 2160 2345 idcirco
2191 2281 2256 2344 in
2289 2280 2667 2346 confessione
2699 2280 3059 2363 explicanda
3091 2280 3176 2345 sit
3259 2258 3279 2278 ⁶

705 2386 934 2469 species
981 2385 1236 2468 peccati,
1271 2383 1346 2448 de
1392 2403 1513 2466 quo
1562 2403 1626 2448 se
1673 2383 2009 2448 iactarunt.
2044 2383 2337 2464 Inquiens
2384 2403 2530 2448 vero
2576 2381 2898 2463 facillime,
2938 2383 3175 2448 indicat

708 2508 755 2552 s.
789 2489 1025 2552 Doctor
1055 2487 1172 2551 hoc
1204 2485 1473 2548 alterum
1504 2487 1826 2567 peccatum
1857 2503 2037 2566 posse
2068 2485 2406 2550 identidem
2448 2486 2679 2550 abesse.

796 2590 1083 2656 Alterum
1116 2589 1244 2653 est:
1279 2587 1550 2669 colloqui
1597 2587 1853 2652 honeste
1899 2607 2040 2652 cum
2088 2589 2312 2671 puellis
2346 2589 2671 2668 extraneis,
2705 2588 2778 2653 de
2816 2608 2882 2654 se
2920 2608 3043 2654 non
3080 2591 3176 2654 est

707 2694 829 2758 nisi
866 2692 1104 2756 veniale
1136 2689 1538 2772 (supponitur
1566 2689 1740 2753 nulla
1772 2689 1940 2754 iusta
1978 2710 2166 2755 causa
2200 2691 2467 2776 adesse):
2502 2692 2608 2756 sed
2638 2692 2882 2757 ratione
2918 2692 3175 2775 periculi

709 2796 976 2860 maxime
1009 2795 1071 2858 in
1104 2792 1567 2858 conversatione
1599 2792 1916 2867 diuturna,
1952 2794 2160 2876 potest
2197 2813 2328 2858 esse
2375 2813 2584 2878 grave,
2619 2796 2695 2858 ut
2738 2794 3028 2869 diximus,
3064 2794 3172 2869 ait,

710 2919 771 2961 n.
808 2899 980 2974 422„
1015 2896 1122 2959 ubi
1153 2896 1388 2960 scilicet
1418 2895 1697 2978 quuitur
1729 2895 1804 2960 de
1841 2896 2136 2961 diuturno
2170 2896 2504 2978 colloquio,
2538 2915 2680 2960 cum
2712 2896 2920 2979 puella
2951 2896 3176 2961 inordi-

711 3001 856 3065 nate
888 3000 1131 3064 dilecta.
1169 2999 1327 3063 Hinc
1360 2999 1523 3063 enim
1555 2999 1716 3064 ratio
1753 2998 2030 3082 periculi,
2065 2998 2241 3062 cuius
2274 2998 2554 3082 gravitas
2587 3016 2658 3062 ex
2689 2998 3174 3062 circumstantiis

712 3101 1057 3187 colligenda
1090 3102 1215 3166 est:
1251 3102 1538 3183 quocirca
1570 3120 1619 3165 s.
1658 3103 1896 3166 Doctor
1941 3120 2062 3166 non
2111 3100 2262 3164 dicit
2310 3100 2593 3165 absolute
2640 3119 2772 3165 esse
2817 3119 3008 3185 grave
3044 3119 3176 3183 pec-

710 3209 943 3283 catum,
978 3205 1081 3269 sed
1112 3224 1292 3288 posse
1327 3224 1479 3269 esse.

802 3309 994 3373 Porro
1029 3307 1105 3372 ad
1138 3307 1261 3371 alia
1307 3306 1788 3392 progredientes,
1830 3326 1988 3388 quae
2021 3308 2094 3370 A.
2130 3306 2356 3391 tangit,
2391 3306 2559 3389 quod
2604 3306 2697 3369 ait
2732 3306 2806 3371 de
2852 3305 3080 3371 litteris
3113 3308 3176 3369 et

713 3412 888 3478 donis
936 3412 1277 3489 amatoriiS‚
1313 3410 1684 3475 difficultate
1730 3412 1933 3485 caret3
1970 3409 2241 3474 excludit
2288 3410 2452 3474 enim
2483 3411 2731 3492 turpem
2775 3410 3176 3475 inhonestum

715 3535 1009 3593 amorem,
1043 3534 1227 3597 quem
1273 3513 1623 3598 significent
1653 3513 1718 3576 ct
1764 3511 2015 3576 foveant
2061 3512 2361 3596 epistolae
2399 3512 2463 3575 et
2492 3512 2673 3576 dona.
2707 3511 2939 3596 Agitur
2979 3511 3053 3575 de
3086 3509 3177 3574 af-

714 3618 880 3684 fectu
912 3616 1182 3701 quodam
1213 3616 1502 3691 sensuali,
1538 3614 1643 3679 sed
1691 3615 1965 3679 nondum
2012 3616 2182 3699 turpi
2215 3616 2279 3680 et
2311 3616 2522 3680 abesse
2569 3616 2944 3698 supponitur
2991 3614 3175 3678 huius

715 3721 1064 3804 proximum
1106 3718 1470 3800 periculum.

808 3817 981 3891 992.
1018 3820 1235 3900 Quoad
1264 3821 1594 3885 lectionem
1623 3821 1929 3886 librorum
1969 3820 2391 3896 obscenorum,
2426 3820 2640 3884 monet
2675 3819 2876 3903 primo
2910 3837 2960 3884 s.
2994 3818 3178 3903 Alph.

717 3945 776 3987 n.
813 3924 962 3987 426.
990 3923 1412 3999 confessariOS‚
1447 3925 1522 3988 ut
1554 3924 1767 3989 sedulo
1801 3925 2098 4005 satagant
2130 3923 2208 3986 ab
2238 3921 2597 3986 huiusmodi
2625 3921 2804 3986 libris
2844 3922 3183 3986 absterrere

716 4026 986 4101 iuveneS‚
1038 4025 1145 4107 qui
1192 4044 1263 4088 ex
1311 4044 1525 4089 eorum
1571 4026 1833 4089 lectione
1882 4025 2224 4108 generatim
2288 4042 2584 4109 magnam
2635 4024 2880 4088 animae
2942 4025 3185 4088 ruinam

717 4129 1033 4192 hauriunt.
1069 4129 1265 4191 Docet
1298 4131 1615 4207 praeterea
1647 4145 1790 4189 cum
1822 4127 1971 4189 BuS.
2007 4129 2069 4190 et
2103 4127 2263 4199 aliis,
2299 4145 2429 4190 esse
2462 4145 2532 4189 ex
2563 4144 2629 4190 se
2663 4126 2909 4189 tantum
2950 4125 3187 4189 veniale

716 4231 920 4315 legere
953 4229 1144 4293 libros
1177 4234 1390 4309 turpes
1423 4246 1493 4290 ex
1526 4226 1909 4302 curiositate,
1945 4228 2074 4291 sine
2107 4229 2276 4312 turpi
2309 4228 2719 4292 delectatione
2753 4228 2850 4291 vel
2890 4228 3021 4291 eius
3054 4246 3189 4309 pro-

719 4334 884 4396 ximo
932 4330 1223 4412 periculo,
1274 4329 1435 4392 Nam
1483 4330 1804 4411 peccatum
1853 4346 1972 4392 non
2021 4333 2116 4394 est
2162 4331 2355 4394 situm
2401 4330 2464 4393 in
2512 4329 2647 4395 sola
2701 4329 2931 4394 notitia
2977 4349 3184 4394 rerum

721 4433 1021 4515 turpium,
1055 4433 1158 4497 sed
1191 4432 1254 4495 in
1287 4432 1403 4495 hoc
1434 4429 1599 4512 quod
1640 4450 1746 4513 per
1779 4432 2071 4496 notitiam
2103 4433 2325 4497 harum
2357 4451 2564 4496 rerum
2595 4432 2859 4496 lectione
2891 4432 3186 4497 haustam

719 4534 820 4598 vel
851 4552 1111 4615 quaeras
1148 4535 1395 4614 turpem
1444 4530 1936 4609 delectationem,
1972 4535 2069 4597 vel
2102 4537 2163 4599 te
2195 4535 2467 4617 periculo
2515 4552 2846 4599 consensus
2893 4552 3183 4617 exponas.
