3497 5147
683 331 796 387 798
975 342 1189 384 mor.
1215 344 1297 385 vr.
1328 342 1489 386 sacr.
1521 343 1624 385 vu.
1648 343 1737 383 ms
1761 341 1998 384 ocuvo
2023 342 2241 385 runc,
2264 342 2594 385 naemei.
2619 343 2763 385 nun.
2790 344 2855 384 11.
2966 329 3152 405 [1077]

689 440 790 507 Sic
806 442 858 506 si
882 440 1048 506 dices
1064 440 1337 523 aliquem
1361 441 1833 522 imprudentem,
1860 440 2174 523 iynamm,
2195 440 2454 517 luseum,
2479 440 2788 518 claudum,
2804 440 3147 523 fithom,

682 546 965 610 surdum.

778 649 1019 715 Auctor
1049 650 1202 715 dicit
1236 648 1622 732 reytdariter
1659 649 1723 712 et
1756 667 1880 728 per
1923 667 2009 711 se.
2043 645 2209 711 Nam
2252 646 2307 712 si
2351 665 2426 711 ex
2467 645 2842 710 revelatione
2888 647 3152 712 alicuius

688 748 963 816 defectus
1010 752 1318 817 naturalis
1356 752 1515 816 alter
1532 754 1863 831 pateretur
1891 748 2189 813 damnum
2220 748 2318 813 vel
2346 750 2626 831 ¹‹thwit‘er
2652 750 3150 826 contristaretur,

686 853 1002 918 revelator
1035 855 1316 938 peccaret
1360 853 1639 938 graviter
1673 854 1888 917 contra
1922 851 2233 917 iustitiam
2266 850 2363 915 vel
2394 853 2611 916 contra
2645 852 2994 928 caritatem,
3030 852 3153 917 nisi

695 952 799 1035 (ut
846 958 1048 1040 patet)
1094 957 1333 1021 iustam
1379 973 1632 1019 causam
1679 954 1934 1019 haberet
1979 953 2420 1018 manifestandi
2454 953 2760 1019 eiusmodi
2802 954 3154 1019 naturalem

687 1056 1021 1123 defectum.

784 1161 818 1198 '⁸‘
853 1161 1018 1224 Hinc
1049 1180 1099 1225 s.
1142 1161 1327 1244 Alph.
1376 1161 1419 1225 1.
1471 1164 1532 1226 5.
1566 1181 1626 1224 n.
1665 1162 1769 1223 72.
1803 1162 1878 1225 ut
1922 1161 2050 1224 iam
2105 1159 2486 1224 advertimus
2530 1157 2596 1221 in
2641 1159 2720 1221 tr.
2751 1157 2829 1221 de
2868 1156 3156 1222 Peccatis

698 1282 759 1325 n.
798 1262 945 1325 712.
981 1265 1188 1328 censet
1234 1263 1617 1346 probabilius
1648 1281 1800 1340 esse,
1849 1262 2016 1345 quod
2061 1262 2339 1347 graviter
2385 1262 2612 1344 peccet,
2658 1260 2769 1343 qui
2798 1279 2870 1325 ex
2915 1259 3154 1325 duobus

704 1367 919 1432 amicis
973 1369 1209 1434 revelat
1256 1369 1438 1433 alteri
1485 1368 1760 1433 defectus
1820 1368 2139 1433 naturales
2185 1367 2464 1445 alteriue,
2525 1368 2601 1431 ut
2655 1385 2794 1431 eam
2853 1366 3155 1431 dissolvat

697 1470 1040 1535 amicitiam
1088 1473 1152 1536 et
1195 1472 1262 1536 in
1310 1472 1519 1537 locum
1567 1472 1698 1536 eius
1731 1471 1830 1534 cui
1877 1470 2147 1534 detraxit
2183 1469 2489 1535 succedat.
2539 1468 2699 1549 Quia
2744 1488 2963 1553 nempe
3009 1470 3155 1533 ami·

696 1573 846 1638 citia
871 1575 968 1639 est
991 1593 1295 1659 magnum
1319 1574 1572 1651 bonum,
1612 1592 1737 1656 quo
1769 1573 1876 1638 ille
1900 1592 2008 1655 per
2029 1573 2323 1637 iniuriam
2353 1573 2416 1637 h.
2441 1592 2494 1638 e.
2520 1572 2826 1637 actionem
2855 1572 3155 1637 iniustam

698 1676 1003 1759 privatur.
1036 1675 1337 1756 Quocirca
1384 1677 1439 1742 si
1487 1676 1766 1741 amicitia
1813 1675 2025 1757 aliqua
2069 1694 2292 1757 parum
2336 1674 2609 1753 referret,
2635 1675 2709 1739 ut
2739 1675 2872 1738 eius
2906 1674 3155 1739 omissio

701 1781 863 1846 foret
892 1782 1027 1846 leve
1058 1781 1378 1856 damnum,
1415 1801 1534 1846 non
1563 1782 1726 1846 esset
1762 1781 1862 1844 hic
1893 1781 2220 1859 revelator,
2244 1780 2488 1845 ratione
2517 1780 2768 1845 effectus
2805 1798 2916 1844 seu
2948 1777 3154 1843 damni

694 1883 912 1961 secuti,
948 1883 1331 1948 damnandus
1356 1884 1430 1949 de
1453 1884 1726 1949 mortali.
1753 1882 1896 1947 Non
1917 1902 2060 1948 raro
2097 1901 2236 1947 vero
2274 1882 2527 1948 amissio
2552 1882 2865 1947 amicitiae
2895 1882 3155 1946 alicuius

696 1986 903 2068 potest
933 2003 1064 2050 esse
1093 1986 1324 2070 gravis,
1357 1988 1433 2050 ut
1463 1986 1517 2050 si
1547 1985 1632 2050 sit
1668 1985 1944 2050 amicitia
1976 2004 2118 2049 cum
2149 1986 2283 2049 viro
2316 1987 2588 2068 potente,
2613 1984 2713 2051 vel
2757 1985 2816 2050 si
2854 2004 3155 2069 magnum

704 2087 979 2151 dolorem
1027 2088 1245 2153 afferat
1292 2088 1543 2153 amissio
1594 2088 1924 2165 amicitiae,
1980 2106 2140 2170 quae
2193 2087 2385 2152 animi
2448 2088 2634 2153 malis
2687 2087 2965 2154 levandis
3021 2087 3158 2171 plu-

697 2190 928 2254 rimum
978 2189 1375 2255 conducebat.
1410 2190 1666 2254 Amicus
1698 2190 1862 2254 enim
1893 2191 2186 2255 thesauro
2234 2192 2632 2273 comparatur
2666 2191 2732 2254 in
2763 2188 3156 2273 ScripturiS.*

788 2294 955 2357 Item
988 2293 1091 2375 (ut
1122 2293 1346 2358 merito
1381 2292 1555 2357 addit
1587 2312 1635 2355 s.
1670 2292 1971 2376 Alphons.
2010 2292 2145 2357 heic
2176 2312 2235 2356 n.
2277 2293 2459 2376 967.)
2490 2292 2545 2357 si
2579 2292 2793 2377 gravis
2829 2293 2992 2356 esset
3012 2295 3162 2355 nota

696 2397 937 2461 ratione
975 2416 1271 2480 personae
1303 2398 1403 2462 vel
1447 2396 1807 2481 dignitatis;
1842 2395 2007 2478 quod
2056 2396 2219 2461 enim
2249 2396 2323 2460 de
2369 2396 2676 2462 eiusmodi
2703 2395 2952 2461 homine
2996 2413 3160 2459 reve-

707 2499 874 2563 letur
912 2499 1010 2563 vel
1041 2500 1254 2563 vilitas
1294 2499 1407 2562 aut
1436 2498 1693 2561 infamia
1725 2499 2052 2578 natalium,
2086 2499 2442 2563 exercitium
2479 2498 2767 2564 vilissimi
2805 2497 3011 2575 officii,
3043 2496 3162 2561 aut

704 2600 894 2667 fuisse
931 2602 1331 2684 mancipium,
1352 2600 1627 2665 detrahit
1649 2600 1818 2665 haud
1849 2602 2132 2686 exigue...
2173 2602 2335 2685 apud
2367 2602 2596 2687 vulgus
2627 2603 2692 2666 et
2719 2600 2947 2667 idcirco
2979 2619 3161 2685 aegre

702 2703 1029 2768 toleratur.
1069 2703 1191 2767 Vid
1228 2703 1435 2768 Resol.
1470 2703 1531 2767 4.

810 2864 894 2915 lx.
924 2865 972 2914 2.
1017 2859 1307 2927 Plerumque
1345 2861 1490 2915 etiam
1531 2862 1653 2915 levis
1690 2863 1930 2916 detractio
1968 2865 2193 2927 babetur,
2223 2862 2265 2915 si
2302 2862 2447 2916 alium
2484 2861 2689 2916 infames
2724 2861 3037 2927 generalibus
3077 2876 3163 2914 no·

712 2943 927 2997 minibus
963 2952 1276 3011 peccatorum
1312 2945 1606 3013 mortalium,
1647 2962 1694 2999 v.
1721 2962 1798 3011 gr.
1827 2962 1934 3001 esse
1973 2947 2277 3015 iracundum,
2314 2950 2581 3015 superbum
2615 2955 2710 3020 etc.
2748 2946 2865 3018 (etsi
2902 2947 3162 3014 aliquando

705 3028 869 3094 gravis
897 3043 1005 3083 esse
1030 3029 1209 3100 possit)
1223 3044 1240 3098 3
1265 3030 1378 3096 quia
1411 3030 1667 3085 audientes
1703 3035 1990 3100 plerumque
2026 3032 2412 3099 interpretantur
2439 3034 2501 3087 de
2526 3032 2737 3087 naturali
2760 3031 3092 3100 propensione
3114 3040 3164 3085 et

713 3117 904 3170 delectu
931 3115 1266 3169 involuntario
1293 3130 1383 3170 nec
1413 3115 1568 3170 oritur
1594 3132 1746 3181 grave
1774 3120 2001 3171 damnum
2031 3121 2199 3171 lamae.
2226 3120 2277 3171 S.
2300 3120 2414 3172 Ant.
2446 3122 2476 3171 Ι.
2501 3131 2550 3184 p.
2580 3124 2614 3170 t.
2647 3119 2695 3170 8.
2722 3131 2766 3172 c.
2795 3118 2844 3170 4.
2869 3118 3010 3183 Sylv.
3029 3118 3164 3170 Less-

699 3204 749 3255 d.
778 3204 825 3254 3.
861 3217 906 3255 n.
942 3203 1022 3254 18.
1048 3203 1219 3268 Laym.
1248 3205 1279 3256 Ι.
1306 3203 1357 3255 3.
1386 3208 1419 3256 t.
1448 3203 1496 3255 3.
1526 3219 1572 3271 p.
1606 3206 1653 3256 2.
1681 3218 1723 3257 c.
1754 3205 1802 3256 3.
1829 3218 1875 3256 n.
1904 3205 1951 3256 3.

795 3325 1001 3400 1077.
1060 3330 1284 3414 Excipe
1335 3330 1389 3396 si
1434 3330 1602 3395 dicas
1652 3348 1782 3394 esse
1832 3330 2254 3408 luxuriosum3
2304 3329 2452 3413 quia
2497 3349 2621 3395 non
2665 3330 2852 3395 datur
2888 3330 3167 3413 parvitas

711 3433 1010 3499 materiae
1057 3452 1166 3498 nec
1212 3433 1367 3498 levis
1412 3431 1684 3515 intelligi
1714 3434 1921 3515 potest
1953 3433 2154 3516 culpa.
2188 3433 2328 3496 Huc
2374 3432 2565 3496 etiam
2610 3433 2853 3516 spectat
2894 3432 3169 3497 revelare

712 3537 1033 3620 peccatum
1079 3535 1214 3600 leve
1261 3533 1539 3599 alterius.
1588 3533 1779 3599 Ratio
1828 3538 1963 3612 est,
2013 3535 2161 3616 quia
2207 3536 2269 3599 in
2298 3535 2520 3600 multis
2559 3534 2923 3600 offendimus
2955 3551 3168 3599 omnes

711 3640 774 3705 et
808 3638 945 3705 ideo
976 3657 1103 3703 non
1136 3637 1296 3702 solet
1334 3655 1465 3702 esse
1497 3637 1778 3721 graviter
1807 3637 2060 3703 noxium
2090 3637 2312 3702 famae.
2347 3635 2484 3702 Sed.
2518 3637 2643 3702 vid.
2674 3637 2883 3702 Resol.
2920 3638 2984 3701 4.

816 3782 879 3833 X.
910 3783 957 3834 3.
985 3779 1222 3833 Similiter
1247 3793 1344 3833 non
1373 3778 1467 3833 erit
1493 3781 1699 3831 mortale
1726 3778 2051 3832 communiter
2090 3783 2276 3833 reterre
2312 3786 2510 3845 peccata
2549 3779 2788 3842 mortalia,
2814 3794 2941 3845 quae
2966 3782 3029 3833 ob
3055 3794 3171 3833 con·

708 3863 943 3918 ditionem
971 3877 1212 3930 personae
1259 3878 1352 3917 non
1382 3863 1661 3918 notabiliter
1686 3867 1861 3916 tamam
1889 3866 2105 3916 laedant:
2135 3877 2182 3916 v.
2207 3878 2280 3926 gr.
2307 3863 2350 3917 si
2376 3863 2512 3918 dicas
2535 3863 2737 3917 militem
2773 3867 2958 3918 babere
2993 3879 3171 3918 concu-

715 3947 893 4010 binam,
933 3963 1174 4015 pugnasse
1211 3947 1259 4002 in
1298 3950 1478 4010 duello,
1516 3947 1733 4012 cogitare
1773 3946 2050 4011 vindictam,
2089 3948 2444 4014 adolescentem
2482 3963 2593 4002 esse
2630 3947 2906 4016 prodigum,
2946 3949 3166 4003 deditum

704 4033 951 4088 amoribus
988 4040 1080 4088 etc.
1109 4034 1275 4098 Laym.
1304 4035 1337 4087 l.
1364 4035 1411 4087 3.
1439 4040 1473 4087 t.
1502 4034 1551 4086 3.
1578 4048 1623 4100 p.
1655 4035 1702 4085 2.
1729 4047 1774 4086 c.
1801 4033 1848 4085 3.

801 4139 1009 4214 1078.
1047 4143 1508 4208 Detrimentum
1536 4142 1738 4206 famae
1773 4161 1895 4206 non
1922 4141 2205 4216 affertur;
2227 4141 2374 4223 quia
2407 4140 2709 4224 quaedam
2730 4145 2984 4225 peccata.
3006 4162 3168 4208 mor·

714 4246 869 4310 talia
904 4266 939 4310 a
972 4244 1247 4330 personis
1273 4247 1474 4310 certae
1508 4243 1876 4308 conditionis
1911 4245 2043 4308 tam
2075 4242 2425 4326 frequenter
2456 4243 2955 4323 committuntur,
2989 4246 3063 4309 ut
3092 4244 3168 4310 de

710 4346 835 4411 illis
874 4348 1054 4431 quasi
1084 4348 1212 4412 iam
1246 4347 1853 4431 praesupponantur3
1891 4345 2163 4427 adeoque
2193 4344 2266 4411 de
2298 4364 2557 4430 persona
2603 4346 2907 4412 eiusmodi
2944 4346 3168 4413 referre

714 4452 953 4512 certum
986 4452 1308 4532 peccatum
1340 4448 1630 4524 mortale,
1670 4467 1892 4530 parum
1928 4449 2159 4514 minuit
2186 4449 2360 4514 illius
2391 4448 2642 4514 famam.

802 4548 968 4613 Idem
1005 4554 1185 4628 esset,
1220 4552 1273 4616 si
1304 4552 1607 4616 revelares
1655 4553 1893 4615 certum
1940 4551 2237 4617 delictum
2283 4552 2474 4630 illiue,
2524 4551 2727 4634 quise
2757 4551 2832 4617 de
2862 4551 3172 4618 eiusmodi
