3497 5147
326 323 463 398 [556]
1105 341 1191 380 AN
1227 341 1304 380 m
1341 341 1593 389 Quumo
1628 342 1851 384 morsu
1886 342 2128 385 maana
2666 327 2772 381 427

316 437 397 501 rei
425 436 692 513 iuratae,
732 436 837 500 sed
867 437 1060 501 etiam
1090 457 1163 502 ex
1184 438 1360 520 parte
1395 458 1619 503 causae
1648 439 1897 505 iurandi
1923 459 1992 505 ac
2022 437 2276 522 proinde
2300 437 2605 502 iniustum
2630 456 2761 501 esse

311 540 745 617 iuramentum,
775 541 1020 621 quoties
1050 540 1161 604 illo
1178 540 1494 624 detegitur
1528 541 1760 607 iniuste
1797 543 2027 607 crimen
2060 541 2341 624 proximi.
2376 539 2754 621 Adduntque

314 642 492 708 Sotus
525 644 589 707 et
619 640 918 707 Ledesma
964 662 1086 706 non
1132 643 1338 708 minus
1384 663 1514 708 esse
1559 644 1866 709 iniustum
1912 645 2028 708 hoc
2072 643 2513 717 iuramentum,
2571 660 2759 723 quam

312 765 445 810 cum
475 764 574 810 res
611 745 847 809 iniusta
882 745 1159 810 facienda
1190 746 1583 828 promittitur
1617 746 1990 811 iuramento.
2038 746 2121 809 Et
2150 744 2427 819 ToletuS,
2463 744 2580 806 1100
2626 761 2765 825 pec-
2894 839 2897 842 Δ

312 849 515 912 catum
563 865 695 912 esse
740 847 1024 924 mortale,
1073 848 1318 930 quando
1367 849 1626 914 assertio
1673 849 1885 914 iurata
1916 849 2014 912 est
2052 846 2360 922 mortalia
2395 847 2458 910 et
2503 844 2765 922 veniale,

313 949 550 1032 quando
574 950 670 1012 est
692 948 953 1013 venialis
989 973 1050 1013 ».
1092 948 1260 1029 Quae
1291 951 1538 1032 quidem
1564 950 1835 1017 Sanchez
1883 950 2077 1027 addit,
2117 969 2181 1014 se
2213 948 2542 1013 admittere
2568 965 2760 1027 eaque

311 1053 499 1117 teneri
547 1053 741 1117 etiam
780 1072 815 1117 a
848 1051 1041 1137 Sayro
1080 1053 1146 1117 et
1175 1053 1421 1118 Suarez.

393 1150 568 1225 558.
596 1155 739 1218 Huc
761 1173 957 1237 usque
980 1154 1145 1219 dicta
1175 1156 1331 1220 satis
1363 1156 1685 1239 perspicua
1715 1156 1909 1221 videri
1940 1157 2202 1239 possunt
2233 1173 2304 1218 ac
2335 1171 2517 1236 porro
2542 1151 2769 1216 debent

312 1259 369 1320 et
400 1256 593 1321 simul
617 1256 809 1321 etiam
845 1256 1217 1321 sufficientia
1248 1258 1327 1321 ad
1363 1258 1765 1336 suadendum,
1790 1259 2234 1343 imaginarium
2264 1275 2395 1321 esse
2418 1255 2766 1319 Auctorum

309 1359 367 1423 in
397 1360 514 1423 hac
538 1359 900 1442 quaestione
937 1358 1301 1425 dissensum.
1351 1360 1641 1426 Praestat
1672 1363 1881 1427 tamen
1919 1361 2110 1426 etiam
2133 1362 2405 1434 innuere,
2455 1357 2762 1422 undenam

312 1464 546 1527 occasio
564 1463 785 1528 oborta
808 1463 893 1527 sit
914 1462 1311 1541 confusionis,
1338 1483 1527 1546 quam
1559 1465 1725 1548 apud
1757 1465 2273 1530 Salmanticenses
2305 1463 2456 1526 haec
2480 1460 2765 1542 quaestio

310 1565 591 1648 praefert.

392 1668 675 1731 Fuerunt
719 1667 1035 1743 nimirum,
1082 1667 1191 1750 qui
1232 1668 1545 1733 iustitiam
1580 1668 1917 1734 iuramenti
1956 1668 2247 1733 comitem
2284 1666 2480 1730 latius
2518 1667 2764 1748 proten-

309 1768 546 1833 derunt.
578 1768 743 1833 Hinc
762 1768 919 1833 illud
945 1770 1310 1834 Tamburini
1339 1768 1561 1834 Decal.
1594 1770 1702 1836 lib.
1737 1773 1799 1834 3.
1834 1790 1885 1834 c.
1925 1770 1980 1833 1.
2026 1770 2084 1851 §-
2119 1769 2180 1831 4.
2213 1789 2273 1832 11.
2310 1770 2402 1831 5.:
2445 1791 2481 1826 ‹
2505 1767 2760 1831 Iustitia

313 1869 376 1933 in
403 1890 475 1936 eo
505 1871 807 1947 consistit,
840 1873 916 1935 ut
944 1871 1010 1935 id
1040 1871 1205 1954 quod
1240 1872 1506 1949 iuratur,
1555 1873 1811 1937 honeste
1858 1874 1921 1936 et
1953 1871 2084 1935 sine
2115 1872 2363 1954 peccato
2412 1869 2717 1934 iuretur...
2743 1891 2760 1933 z

311 1969 638 2038 heic'enim
667 1973 913 2038 iustitia
957 1992 1080 2038 non
1117 1974 1390 2039 sumitur
1422 1975 1636 2039 stricte
1667 1994 1776 2057 pro
1817 1974 2051 2039 virtute
2095 1972 2386 2037 reddendi
2423 1971 2759 2054 imicuique

307 2093 509 2152 suum,
543 2075 647 2139 sed
674 2076 803 2141 late
833 2077 1011 2141 iuxta
1038 2076 1225 2140 illud:
1260 2076 1520 2159 Oportet
1551 2097 1649 2141 me
1678 2077 1935 2160 implere
1960 2095 2206 2141 omnem
2236 2075 2547 2140 iustitiam
2579 2100 2641 2136 ».

386 2179 458 2244 Id
505 2181 720 2245 autem
764 2180 853 2245 sic
897 2180 1164 2264 explicat
1212 2177 1480 2246 Sanchez
1512 2181 1555 2244 l.
1589 2201 1641 2245 c.
1682 2207 1717 2239 «
1751 2181 1934 2246 quta
1982 2180 2332 2262 aliquorum
2381 2179 2754 2244 sententiam

301 2281 545 2363 quoties
578 2281 718 2363 quis
747 2282 1099 2347 iuramento
1131 2282 1461 2346 assertorio
1495 2282 1771 2346 affirmat
1806 2301 1957 2359 rem,
1988 2282 2053 2345 in
2084 2282 2260 2345 cuius
2294 2280 2630 2345 assertione
2662 2282 2760 2344 est

298 2384 475 2466 culpa
505 2382 719 2447 letalis
754 2383 1116 2460 commissa3
1153 2385 1301 2448 tunc
1330 2402 1469 2448 eam
1508 2384 1854 2460 asserendo,
1887 2385 1983 2448 est
2021 2385 2264 2467 praeter
2291 2383 2469 2447 illam
2501 2382 2749 2465 culpam

296 2485 552 2551 letalem
587 2485 964 2563 assertioniS,
998 2486 1124 2550 alia
1148 2486 1331 2568 culpa
1359 2486 1565 2551 letalis
1595 2486 1952 2562 iuramenti,
1986 2485 2229 2549 defectu
2258 2484 2558 2548 iustitiae.
2586 2483 2669 2547 Et
2705 2483 2763 2548 si

293 2590 356 2654 in
392 2592 735 2657 assertione
765 2593 1184 2657 committitur
1214 2593 1399 2676 culpa
1427 2594 1708 2669 veniaIiS,
1743 2594 1840 2657 est
1873 2593 1998 2656 alia
2029 2591 2289 2657 venialis
2321 2590 2562 2655 ratione
2593 2590 2758 2655 iura-

287 2695 481 2760 menti
532 2694 700 2759 sicut
744 2695 808 2758 in
846 2695 1194 2759 iuramento
1243 2695 1643 2777 promissorio
1690 2694 2046 2779 contingere
2092 2693 2361 2758 diximus
2386 2718 2448 2757 ».
2489 2690 2757 2757 Subiioit

293 2798 502 2860 autem
538 2797 628 2861 sic
658 2796 936 2879 exempla
968 2796 1224 2879 (ibid.):
1263 2821 1299 2856 «
1322 2796 1412 2862 Ut
1457 2797 1508 2862 si
1548 2797 1687 2878 quis
1720 2797 1952 2879 absque
1998 2797 2168 2861 iusta
2213 2815 2402 2861 causa
2441 2796 2786 2861 occultam'

288 2914 553 2982 gravem
596 2898 863 2981 proximi
905 2898 1230 2963 infamiam
1259 2898 1512 2984 detegat
1548 2898 1681 2963 eive
1726 2900 2058 2963 mortalem
2087 2898 2530 2963 contumeliam
2562 2898 2751 2973 dicat,

286 2999 346 3063 id
377 3000 742 3065 iuramento
772 3019 1068 3077 asserens,
1103 3003 1217 3066 aut
1245 3001 1639 3066 iureiurando
1687 3000 2006 3085 proprium
2037 3001 2302 3066 mortale
2348 3000 2578 3065 crimen
2610 3019 2752 3063 cum

283 3101 457 3167 illius
486 3103 802 3169 iactantia
849 3106 962 3168 aut
1005 3103 1412 3169 delectatione
1448 3104 1707 3180 referat;
1759 3104 1928 3168 ultra
1973 3104 2294 3186 peccatum
2330 3103 2517 3167 letale
2554 3102 2756 3165 detra-

286 3205 534 3282 ctionis,
557 3206 988 3282 contumeliae,
1004 3206 1361 3284 iactantiae,
1380 3206 1830 3283 delectationiS,
1849 3209 1945 3272 est
1958 3207 2222 3271 mortale
2245 3206 2308 3269 id
2332 3206 2756 3270 iuramentum

282 3305 531 3373 defectu
564 3308 846 3373 iustitiae
883 3334 946 3372 ».
979 3309 1235 3393 Allegat
1264 3310 1476 3374 autem
1508 3328 1557 3374 s.
1591 3309 1899 3374 Thomam
1939 3311 1998 3374 2.
2035 3311 2095 3372 2.
2131 3328 2189 3389 q.
2227 3309 2330 3371 89.
2367 3328 2423 3372 a.
2459 3309 2519 3371 3.
2555 3307 2633 3371 ad
2667 3308 2751 3383 2.,

283 3406 662 3476 Caietanum
694 3409 914 3492 (ibid.)
946 3412 1010 3475 et
1038 3410 1333 3476 Valentia
1365 3413 1425 3474 2.
1461 3413 1521 3474 2.
1556 3411 1712 3493 disp.
1750 3412 1808 3475 6.
1845 3432 1903 3492 q.
1945 3412 2002 3474 7.
2030 3411 2241 3493 punct.
2276 3410 2359 3485 3.,
2401 3409 2508 3490 qui
2541 3411 2751 3473 tamen

280 3531 447 3578 mere
486 3514 727 3589 dicunt,
766 3513 1103 3578 iuramenti
1132 3513 1447 3578 iustitiam
1478 3515 1755 3596 spectare
1788 3513 1864 3577 ad
1898 3531 2152 3577 causam
2182 3510 2430 3575 iurandi
2463 3512 2527 3574 et
2558 3528 2755 3573 exem-

282 3613 456 3696 plum
489 3634 532 3679 a
565 3614 860 3679 Valentia
889 3616 1133 3680 tactum
1160 3614 1428 3680 refertur
1458 3614 1537 3678 ad
1568 3613 1883 3679 iustitiam
1916 3614 2131 3678 stricte
2165 3613 2375 3677 talem.

366 3716 694 3799 Quidquid
740 3736 884 3782 vero
930 3717 1005 3782 de
1049 3718 1168 3783 hoc
1211 3718 1316 3789 sit,
1363 3718 1604 3781 certum
1636 3718 1731 3780 est
1763 3716 1953 3779 etiam
1992 3714 2217 3780 Suarez
2251 3715 2561 3778 iustih'am
2589 3715 2755 3779 iura-

278 3820 477 3885 menti
501 3819 802 3885 comitem
822 3820 953 3885 lato
980 3819 1088 3884 illo
1113 3839 1297 3885 sensu
1321 3819 1757 3895 considerasse,
1786 3817 1859 3882 de
1883 3837 2006 3900 quo
2034 3817 2320 3883 diximus.
2347 3818 2469 3883 Pro
2494 3818 2756 3885 diversis

280 3924 496 3986 autem
537 3920 1026 3987 circumstantiis
1064 3941 1174 3987 seu
1210 3922 1677 4006 hypothesibus,
1712 3921 2026 3987 diversum
2072 3921 2146 3986 de
2177 3922 2358 3986 reatu
2391 3922 2752 3988 assertionis

277 4022 367 4088 ita
391 4024 523 4088 fert
557 4023 877 4089 iudicium.
918 4047 954 4082 ‹
977 4024 1170 4100 Licet,
1195 4024 1402 4106 inquit
1423 4024 1499 4088 de
1529 4024 1771 4088 Iuram.
1805 4025 1913 4089 lib.
1949 4026 2011 4088 3.
2039 4044 2089 4089 0.
2130 4025 2232 4088 12.
2264 4045 2326 4088 11.
2366 4026 2444 4099 7.,
2472 4026 2752 4089 narratio

276 4125 362 4190 sit
409 4125 488 4190 de
539 4127 796 4208 peccato
825 4126 1098 4202 mortali,
1148 4144 1327 4210 saepe
1372 4127 1509 4210 ipsa
1554 4146 1675 4193 non
1725 4129 1821 4192 est
1851 4128 2175 4210 peccatum
2206 4127 2429 4191 saltem
2462 4126 2748 4199 mortale,

274 4229 423 4309 quia
447 4246 588 4292 non
618 4227 692 4290 fit
721 4246 862 4291 cnm
893 4228 1339 4311 complacentia
1370 4230 1432 4292 in
1464 4230 1596 4303 1110,
1629 4249 1740 4294 nec
1771 4246 1903 4295 cmi
1939 4245 2182 4294 numm
2213 4244 2434 4304 ΤΕΒΤΠ,
2468 4246 2578 4291 1100
2609 4246 2754 4291 011111

276 4329 612 4395 scandalo:
636 4328 763 4394 imo
788 4330 842 4394 si
862 4329 974 4394 illa
990 4331 1264 4396 narratio
1291 4332 1519 4397 habeat
1541 4332 1868 4396 honestam
1892 4349 2147 4396 causam
2170 4330 2271 4394 vel
2295 4330 2748 4402 necessitatem,

278 4431 515 4513 poterit
546 4430 797 4496 nullum
833 4451 964 4497 esse
994 4435 1341 4514 peccatum
1383 4434 1434 4497 si
1472 4451 1616 4497 vero
1663 4434 1884 4498 leviter
1930 4434 2062 4511 fiat,
2096 4435 2348 4497 tantum
2401 4434 2519 4497 erit
2565 4434 2638 4496 de
2684 4452 2752 4497 se

279 4538 618 4619 peccatum
643 4535 901 4600 veniale.
935 4537 1100 4621 E1go
1131 4537 1482 4601 iuramento
1514 4537 1762 4601 firmare
1805 4537 2001 4613 illam,
2053 4538 2150 4601 vel
2196 4537 2441 4600 nullum
2479 4539 2573 4602 est
2621 4555 2753 4619 pec-

276 4642 518 4718 catum,
561 4638 623 4703 si
652 4639 728 4703 ad
756 4640 989 4705 bonum
1020 4641 1205 4705 finem
1235 4661 1378 4705 cum
1408 4641 1686 4705 utilitate
1716 4642 1815 4705 vel
1853 4641 2217 4706 necessitate
2247 4640 2381 4715 fiat,
2416 4642 2513 4704 vel
2546 4642 2749 4707 solum
