3497 5147
628 326 698 379 10
1020 337 1234 378 TRAcr.
1276 339 1329 378 v.
1373 337 1534 379 sne-r.
1575 338 1615 378 1.
1653 338 1738 376 Du
1777 336 2150 380 ruamur-ns
2187 341 2375 381 riom.
2413 341 2612 383 carm·
2650 343 2689 381 1.
2981 326 3092 403 [12]

627 436 827 501 adhuc
858 437 1105 519 plenam
1142 434 1616 511 advertentiam,
1654 435 1836 499 illum
1884 436 2214 501 dumtaxat
2259 436 2645 503 adhortando
2688 439 2764 503 ad
2812 439 3089 505 dolorem

626 541 689 603 et
734 558 924 621 spem,
958 538 1210 602 minime
1256 537 1562 619 loquendo
1612 537 1686 602 de
1734 539 1966 603 nostris
2010 540 2347 624 mysteriiS,
2388 561 2464 606 116
2511 541 2670 607 forte
2719 562 2790 607 ea
2839 562 2962 609 non
3007 543 3092 607 sit

624 641 1004 705 crediturus:
1032 641 1148 717 vel,
1176 658 1630 722 quamcumque
1656 640 1884 704 habeat
1909 641 2547 719 advertentiam‚nihil
2571 644 2627 708 ei
2652 645 2926 721 dicendo.
2948 665 3088 709 cum

625 762 696 806 ex
733 762 857 806 una
890 745 1063 824 parte
1088 741 1478 824 supponitur,
1506 741 1599 804 illi
1632 761 1754 806 non
1788 742 1995 807 deesse
2027 744 2462 811 contritionem
2487 766 2559 811 ex
2597 747 2724 811 alia
2759 766 2902 811 vero
2936 747 3090 811 iudi-

623 846 802 908 catur
818 844 1084 927 prudens
1107 862 1229 908 non
1255 862 1385 907 esse
1401 843 1575 925 loqui
1599 863 1742 908 cum
1767 864 1838 909 eo
1864 845 1937 909 de
1955 846 2185 910 nostris
2209 848 2523 931 mysteriis
2549 850 2654 912 30.
2681 849 2870 913 Mart.
2896 849 3085 912 1898.

733 1016 809 1067 lll.
831 1016 978 1080 Resp.
1000 1018 1049 1067 2.
1074 1013 1371 1067 Necessitate
1401 1012 1650 1080 praecepti
1674 1013 1840 1078 quivis
1866 1014 2024 1068 fidelis
2050 1017 2142 1068 sub
2168 1015 2360 1069 mortali
2388 1015 2615 1081 explicite
2642 1018 2844 1069 credere
2872 1022 2918 1068 et
2945 1014 3088 1074 scire,

623 1113 791 1152 crasso
829 1101 1001 1151 saltem
1039 1100 1184 1150 modo
1220 1105 1269 1151 et
1306 1099 1467 1163 quoad
1506 1097 1845 1161 substantiam,
1874 1105 2067 1151 tenetur
2103 1103 2238 1153 llaec.

738 1185 783 1234 l.
802 1184 1106 1247 Symbolum,
1130 1185 1177 1235 2.
1199 1181 1480 1236 Orationem
1511 1180 1832 1243 Dominicam,
1854 1185 1903 1235 3.
1926 1184 2186 1249 Praecepta
2221 1184 2452 1247 Decalogi
2480 1193 2529 1237 et
2554 1180 2822 1248 Ecclesiae,
2850 1184 2896 1236 4.
2924 1187 3090 1236 Sacra·

626 1272 784 1319 menta
824 1266 1031 1319 maxime
1070 1266 1360 1329 necessaria,
1387 1273 1439 1318 ut
1472 1265 1790 1333 Baptismum‚
1815 1266 2172 1320 Eucharistiam
2212 1275 2261 1321 et
2301 1267 2679 1335 Poenitentiam5
2705 1268 2890 1333 reliqua
2926 1274 3089 1320 autem

627 1358 757 1414 tunc,
781 1352 975 1416 quando
1014 1353 1118 1403 vult
1144 1349 1411 1416 suscipere.
1449 1353 1591 1404 Suar.
1618 1353 1797 1403 Sancti.
1824 1350 1934 1403 Fill.
1962 1349 2028 1406 de
2066 1350 2386 1420 Praeceptis
2414 1351 2567 1408 Fidei
2600 1360 2692 1406 etc.
2723 1360 2781 1406 lr.
2812 1354 2893 1404 22.
2922 1368 2968 1405 n.
3004 1352 3087 1404 37.

626 1435 758 1499 Quae
796 1434 957 1488 omnia
994 1434 1226 1498 intellige,
1254 1434 1347 1487 nisi
1383 1434 1667 1501 impotentia
1708 1443 1792 1489 aut
1833 1435 2132 1490 invincibilis
2171 1436 2443 1501 ignorantia
2483 1444 2700 1491 excuset.

718 1560 819 1633 12.
840 1565 874 1601 *
893 1564 965 1627 111
989 1563 1206 1645 primis
1231 1562 1562 1627 statuenda
1595 1566 1744 1627 sunt
1777 1562 2084 1644 quaedam
2107 1564 2426 1646 principia.
2439 1565 2634 1628 Actus
2666 1563 2924 1627 interior
2947 1561 3089 1626 fidei

625 1666 792 1731 cadit
836 1666 953 1730 sub
998 1667 1343 1748 praecepto.
1379 1663 1645 1729 Constat
1691 1684 1765 1728 ex
1813 1664 2180 1748 Scripturis3
2213 1665 2405 1730 Marc.
2447 1665 2617 1730 XVI.
2672 1667 2773 1729 16.
2810 1666 2933 1745 Qui
2964 1685 3089 1728 non

624 1768 979 1840 crediderit,
1018 1766 1569 1831 condemnabitur:
1603 1767 1822 1832 Ioann.
1863 1767 1978 1831 111.
2025 1767 2125 1830 16.
2171 1767 2295 1847 Qui
2336 1786 2465 1831 non
2508 1766 2725 1840 credit,
2763 1768 2894 1830 iam
2931 1766 3090 1829 iudi·

626 1878 802 1938 catus
833 1877 962 1949 est;
995 1873 1148 1953 qaia
1182 1892 1311 1935 non
1343 1870 1543 1935 credit
1588 1872 1659 1934 in
1705 1872 1954 1935 nomine
1985 1873 2301 1953 uniyeniti
2344 1871 2510 1935 Filii
2553 1870 2681 1936 Dei
2712 1875 2774 1936 et
2819 1872 2924 1935 36.
2970 1872 3092 1952 Qui

626 1974 988 2039 incredulas
1019 1978 1113 2038 est
1141 1973 1336 2047 Filio,
1356 1972 1741 2037 non.videbit
1763 1974 1956 2037 vitam
1973 1994 1996 2050 ‚·
2027 1974 2141 2037 sed
2168 1974 2271 2036 ira
2302 1972 2433 2038 Dei
2466 1979 2678 2038 manet
2704 1995 2892 2053 super
2916 1995 3089 2037 eum:

628 2079 809 2142 Rom.
844 2078 953 2142 IV.
982 2079 1041 2141 3.
1070 2078 1174 2140 23.
1212 2078 1315 2139 24.
1361 2075 1530 2156 Quid
1570 2075 1727 2139 dicit
1757 2074 2142 2155 Scriptura?
2181 2074 2470 2139 Credidit
2503 2075 2834 2139 Abraham
2861 2076 3000 2140 Deo
3031 2080 3092 2139 et

624 2184 982 2260 reputatam
1011 2183 1107 2243 est
1134 2178 1237 2241 illi
1266 2176 1356 2241 ad
1382 2178 1758 2241 iustitiam...
1793 2179 1945 2240 Non
1983 2181 2078 2241 est
2103 2180 2312 2241 autem
2341 2179 2644 2257 scriptum
2681 2181 2928 2240 tantum
2941 2197 3090 2257 pro-

620 2287 767 2364 pter
806 2285 1025 2362 ipsum
1059 2283 1210 2362 qaia
1248 2284 1605 2361 reputatum
1636 2284 1731 2343 cst
1760 2279 1864 2343 illi
1891 2279 1982 2344 ad
2015 2282 2358 2358 iustitiam,·
2404 2280 2516 2345 sed
2558 2284 2619 2345 et
2648 2284 2912 2361 propter
2956 2300 3089 2358 noe,

628 2386 854 2467 quibus
883 2384 1278 2464 reputabitur
1309 2382 1702 2447 credentibus
1740 2384 1812 2446 in
1858 2403 2016 2458 eum,
2042 2384 2154 2464 qui
2174 2385 2502 2448 suscitavit
2523 2384 2734 2448 Iesum
2773 2382 3094 2447 evaristum

631 2486 978 2552 Dominum
1006 2490 1292 2551 nostrum
1319 2507 1363 2549 a
1392 2485 1674 2549 mortuis.
1716 2487 1853 2550 Iam
1891 2504 2035 2552 vero
2082 2505 2224 2552 cum
2264 2485 2452 2552 alicui
2486 2487 2654 2551 actui
2685 2487 2878 2551 libero
2918 2486 3092 2550 iusti·

629 2591 983 2656 ficationem
1045 2593 1107 2654 et
1163 2589 1360 2654 vitam
1410 2590 1724 2653 aeternam
1774 2589 2091 2672 promittit
2138 2590 2307 2653 Deus
2356 2591 2543 2671 atque
2589 2589 2721 2654 eius
2770 2588 3088 2655 emissioni

633 2696 947 2758 aeternam
994 2692 1456 2757 damnationem
1502 2692 1939 2768 comminatur,
1988 2709 2060 2756 eo
2106 2692 2236 2774 ipse
2282 2691 2584 2774 praecipit
2628 2691 2811 2755 illum
2858 2694 3087 2756 actum.

631 2798 958 2861 Praeterea
976 2796 1243 2860 vidimus
1260 2795 1443 2859 fidem
1476 2794 2239 2877 quarumdamveritatum
2263 2813 2394 2858 esse
2427 2793 2660 2858 adultis
2684 2793 3091 2858 necessariam

632 2901 706 2962 ut
752 2897 1056 2961 medium:
1099 2898 1276 2980 atqui
1307 2897 1510 2961 media
1541 2898 1885 2962 necessaria
1919 2895 1994 2960 ad
2026 2895 2230 2974 finem,
2258 2915 2417 2978 quae
2448 2898 2597 2960 sunt
2626 2895 2690 2959 111
2737 2897 2950 2960 nostra
2988 2914 3092 2978 po·

632 3001 879 3079 testate,
914 3003 1061 3065 sunt
1097 3000 1287 3065 etiam
1320 3001 1645 3083 praecepta
1675 3000 1881 3076 nobis3
1905 2998 2191 3062 iubemur
2221 2999 2385 3062 enim
2423 2998 2670 3062 tendere
2700 2999 2764 3062 in
2795 2998 3000 3062 finem.

721 3105 853 3168 Ista
885 3106 1095 3168 autem
1145 3103 1446 3187 obligatio
1495 3101 1797 3173 credendi,
1831 3103 1905 3164 ut
1951 3100 2172 3164 docent
2217 3098 2443 3165 Suarez
2486 3100 2561 3164 de
2599 3099 2762 3164 Fide
2793 3101 2947 3184 disp.
2988 3102 3089 3164 13.

634 3208 779 3270 sect.
818 3209 876 3270 2.
912 3207 975 3269 61
1005 3206 1183 3288 Lugo
1216 3203 1289 3266 de
1327 3202 1489 3266 Fide
1513 3202 1668 3284 disp.
1709 3203 1810 3264 13.
1845 3222 1904 3265 11.
1940 3202 2068 3279 35.,
2097 3205 2531 3285 praeterquam
2556 3203 2723 3286 quod
2749 3204 2949 3269 oritur
2970 3221 3091 3268 non

633 3327 772 3372 raro
804 3307 1098 3371 indirecte
1130 3305 1208 3367 ab
1242 3305 1365 3367 alia
1398 3304 1652 3377 virtute,
1678 3303 1929 3386 propter
1958 3322 2150 3385 quam
2182 3306 2279 3370 est
2313 3306 2656 3372 necessaria
2687 3306 2864 3380 fides;
2893 3305 3092 3368 oritur

633 3411 825 3474 etiam
856 3409 1083 3472 directe
1116 3407 1192 3468 ab
1224 3406 1357 3487 ipsa
1391 3405 1624 3469 virtute
1672 3405 1849 3469 fidei:
1889 3424 2108 3490 nempe
2141 3407 2291 3473 fides
2329 3428 2436 3492 per
2482 3428 2545 3473 se
2591 3406 2871 3490 postulat
2917 3423 3090 3487 prae-

632 3513 772 3595 cipi,
808 3508 1131 3592 supposita
1162 3527 1381 3591 nempe
1418 3507 1627 3572 divina
1673 3508 2070 3573 revelatione.
2105 3510 2474 3576 Reverentia
2511 3510 2675 3574 enim
2721 3510 2851 3572 Deo
2885 3506 3092 3571 debita

633 3613 827 3696 exigit
857 3613 930 3674 ut
960 3610 1204 3674 divinae
1243 3610 1495 3675 veritati
1527 3613 1715 3693 prout
1761 3611 1909 3675 talis
1956 3614 2052 3677 est
2098 3617 2306 3678 creata
2350 3631 2522 3677 1116116
2568 3631 2634 3676 66
2680 3609 2987 3685 subiiciat,
3022 3609 3093 3673 in

633 3713 1052 3793 captivitatem
1096 3713 1387 3796 rediyens
1432 3733 1672 3777 omnem
1716 3713 2099 3779 intellectum
2132 3711 2358 3798 (νόημα
2406 3712 2783 3799 cogitatum)
2815 3712 2886 3774 in
2932 3712 3097 3777 obse-

634 3814 851 3895 quium
890 3812 1131 3877 Christi
1161 3817 1221 3878 2.
1257 3813 1396 3880 Cor.
1431 3816 1508 3880 X.
1546 3818 1605 3880 5.
1641 3817 1705 3881 et
1733 3817 1871 3883 ideo
1904 3837 2173 3900 aequum
2204 3819 2315 3895 est,
2349 3820 2424 3882 111
2454 3817 2604 3882 fides
2634 3835 2742 3900 per
2773 3834 2838 3882 se
2870 3818 3097 3900 praeci-

634 3916 847 3999 piatur
878 3915 1118 3980 ratione
1156 3917 1254 3982 sui
1287 3919 1350 3980 et
1384 3918 1472 3982 sic
1508 3937 1753 3983 necesse
1799 3920 1884 3984 sit
1930 3919 2262 4001 aliquando
2311 3921 2520 3983 actum
2558 3918 2700 3985 fidei
2738 3919 2975 3998 elicere,
3011 3939 3096 3984 se-

638 4018 827 4083 clusis
866 4019 1057 4082 etiam
1088 4020 1343 4084 motivis
1376 4020 1636 4085 aliarum
1672 4022 2002 4087 virtutum.
2038 4021 2130 4086 Of.
2164 4040 2266 4086 nn.
2299 4023 2407 4085 42.
2442 4040 2608 4105 seqq.

726 4117 826 4190 13.
862 4119 1160 4199 Quamvis
1195 4123 1405 4186 autem
1436 4141 1677 4188 necesse
1707 4124 1794 4188 sit
1829 4124 1988 4189 nulli
2017 4123 2271 4188 veritati
2316 4125 2630 4190 revelatae
2659 4144 3002 4211 repugnare
3033 4125 3097 4188 et

636 4222 804 4286 omni
834 4222 1108 4299 veritati,
1144 4242 1333 4305 quam
1358 4227 1523 4289 certo
1549 4226 1799 4290 constat
1820 4226 1997 4290 nobis
2029 4243 2159 4290 esse
2190 4226 2551 4306 revelatam,
2587 4247 2902 4294 assensum
2927 4246 3098 4311 prae-

634 4325 794 4401 bere,
829 4343 952 4389 non
986 4328 1083 4390 est
1121 4328 1328 4390 tamen
1367 4346 1608 4392 necesse
1656 4331 1730 4392 ut
1775 4327 1982 4392 fideles
2014 4328 2359 4410 quamlibet
2391 4332 2720 4396 veritatem
2758 4333 3096 4396 revelatam

635 4427 919 4510 explicite
957 4428 1227 4502 credant,
1262 4447 1403 4492 611111
1436 4449 1545 4495 1166
1577 4431 1904 4494 teneantur
1951 4448 2056 4494 eas
2104 4449 2315 4497 omnes
2352 4451 2566 4510 nosse3
2600 4434 2716 4498 hoc
2754 4433 2916 4498 enim
2947 4434 3099 4516 ipsis

638 4535 732 4596 est
765 4533 1085 4597 moraliter
1122 4533 1502 4615 impossibile
1532 4552 1643 4598 nec
1680 4533 1811 4597 ulla
1847 4533 1945 4599 lex
1992 4537 2195 4601 exstat
2241 4537 2303 4600 id
2351 4536 2745 4621 praecipiens.
2781 4536 3099 4618 Quaedam
