3497 5147
654 352 762 407 890
1099 363 1311 405 raher.
1340 364 1444 406 vn.
1473 364 1632 406 sinor.
1660 363 1741 405 iv.
1770 362 1855 402 nn
1878 360 2194 404 munorum
2220 359 2662 402 momerium-m
2928 343 3108 419 [1214]

734 460 829 521 49.
875 460 999 537 Qu1
1045 476 1222 521 VERO
1265 476 1521 523 CETERA
1564 474 2012 521 TRANSGREsffl
2054 472 2366 529 ruamur,
2411 471 2590 525 QUAE
2635 471 2743 516 ms
2787 470 3108 516 DECRET18

657 574 1118 620 GENERALmus
1149 575 1708 630 PRAEmPlUN‘rUR,
1742 574 1870 620 PRO
1899 572 2187 618 mvERSA
2219 570 2476 617 nunus
2505 569 2888 615 GRAw‘rAr-r:
2916 569 3110 615 3111110

656 673 741 718 ΑΒ
787 654 1107 719 Episcopo
1150 673 1563 720 MoNEAN‘rUR
1606 673 1687 720 ΕΤ
1728 673 1788 719 S1
1832 670 2282 718 OPPORTUNUM
2327 669 2713 727 vrm-Jssrruss,
2759 667 3110 714 canonicis

655 771 863 819 ETIAM
908 772 1139 819 POENIS
1183 773 1683 819 coERCEAN'rUR.

747 895 937 969 1214.
966 898 1191 964 Ν111133
1224 919 1371 985 ergo
1398 901 1557 966 aliae
1582 919 1873 965 censurae
1902 899 2071 964 latae
2103 897 2464 976 sententiae,
2493 899 2735 981 praeter
2758 896 2913 961 duas
2937 915 3114 980 supe·

654 1002 785 1067 rius
808 1004 1186 1067 memoratas
1212 1003 1336 1085 (aa.
1363 1004 1471 1068 47.
1497 1004 1636 1089 48.)
1662 1003 1930 1086 amphus
1955 1001 2195 1086 vigent:
2223 1019 2333 1085 pro
2357 1002 2579 1066 ceteris
2611 1001 3113 1086 transgressioni-

651 1105 767 1170 bus
812 1105 1021 1170 locum
1070 1106 1300 1170 habent
1346 1124 1576 1189 poenae
1623 1105 1905 1171 ferendae
1951 1104 2313 1181 sententiae,
2347 1104 2690 1169 monitione
2735 1104 2896 1169 seria
2942 1122 3114 1187 prae-

656 1225 868 1271 missa.

742 1308 1061 1374 Hactenus
1086 1306 1491 1376 Constitutio.
2827 1374 2832 1379 .

744 1405 930 1480 1215.
957 1409 1262 1490 Quaerere
1284 1412 1487 1477 solent
1509 1412 1812 1499 Theologi
1838 1432 1918 1478 an
1947 1414 2044 1478 lex
2076 1414 2303 1480 Indicis
2335 1415 2463 1480 vim
2488 1412 2807 1498 obligandi
2830 1412 3114 1477 obtineat

651 1513 714 1576 in
740 1514 960 1596 quovis
984 1514 1141 1591 loco,
1163 1516 1316 1597 puta
1340 1516 1403 1579 in
1429 1514 1673 1595 Galliis,
1699 1516 1764 1580 in
1783 1516 2141 1594 Hollandia,
2164 1517 2227 1581 in
2245 1517 2475 1602 Anglia
2498 1518 2562 1581 et
2585 1515 2868 1598 quaestio
2892 1533 3016 1579 non
3039 1513 3117 1578 fit

651 1613 725 1679 de
750 1615 814 1679 vi
862 1615 1180 1700 obligandi
1223 1617 1285 1681 in
1335 1621 1481 1683 actu
1526 1619 1746 1701 primo,
1789 1639 1913 1701 qua
1959 1618 2033 1684 de
2078 1638 2142 1685 re
2187 1638 2366 1684 nemo
2413 1618 2682 1695 dubitat,
2731 1616 2834 1682 sed
2861 1617 2922 1681 in
2964 1618 3112 1680 actu

651 1717 936 1782 secundo.
972 1718 1236 1798 Quidam
1268 1740 1376 1784 nec
1408 1721 1587 1803 pauci
1635 1722 1918 1787 doctores
1949 1722 2012 1785 in
2045 1720 2269 1787 Galliis
2300 1721 2406 1805 (ci.
2457 1720 2632 1806 Gur-y
2663 1721 2706 1784 l.
2741 1740 2793 1785 c.
2834 1720 2893 1803 ξ.
2930 1720 3114 1803 986.)

653 1821 800 1885 011111
840 1822 938 1885 vel
972 1825 1280 1906 negarunt
1324 1824 1417 1888 vel
1446 1824 1817 1889 dubitarunt
1848 1824 2169 1908 speciatim
2202 1844 2311 1909 pro
2346 1844 2460 1889 sua
2490 1824 2761 1908 regione,
2795 1822 2926 1887 sive
2963 1822 3114 1905 quia

651 1923 737 1987 ibi
776 1943 898 1988 non
931 1923 1120 1989 fuerit
1167 1926 1567 2011 promulgata
1615 1931 1727 1992 aut
1772 1929 2037 2011 recepta,
2087 1928 2214 1991 sive
2261 1927 2448 2010 (quae
2485 1927 2648 1991 ratio
2689 1923 2828 1989 aliis
2864 1924 2927 1989 in
2959 1924 3115 1990 locis

651 2027 826 2089 extra
874 2026 1111 2091 Gallias
1168 2029 1377 2111 potius
1426 2029 1708 2115 auditur)
1758 2031 1904 2113 quia
1951 2030 2136 2094 huius
2183 2030 2339 2113 legis
2388 2028 2739 2095 observatio
2785 2026 3113 2091 catholicis

652 2129 1044 2194 versantibus
1082 2130 1242 2196 inter
1274 2132 1614 2199 haereticos
1661 2134 1745 2200 sit
1790 2134 1915 2199 fere
1963 2133 2382 2217 impossibffls.

743 2233 977 2297 Verum
1000 2233 1064 2297 in
1088 2234 1223 2319 lege
1255 2236 1573 2301 Romanae
1598 2236 1772 2302 Sedis
1803 2237 1978 2302 nulla
2001 2239 2097 2302 est
2128 2237 2402 2321 exceptio
2432 2256 2543 2302 nec
2566 2256 2713 2302 sane
2735 2235 3115 2321 intelligitur

651 2355 811 2420 quae
849 2355 980 2401 esse
1026 2338 1483 2405 rationabiliter
1520 2341 1745 2425 possit3
1787 2361 1929 2406 cum
1976 2341 2136 2405 ratio
2184 2340 2620 2425 prohibitionis
2666 2359 2857 2423 aeque
2903 2339 3115 2404 valeat

650 2459 763 2523 pro
796 2441 1018 2523 quovis
1049 2440 1208 2519 loco,
1242 2442 1367 2507 imo
1401 2443 1603 2528 magis
1642 2444 1865 2528 urgeat
1910 2463 2019 2525 pro
2066 2443 2192 2507 illis
2238 2442 2778 2520 Christifidelibus,
2817 2441 2922 2524 qui
2951 2442 3114 2505 inter

648 2544 925 2610 infideles
958 2546 1304 2611 versantur.
1338 2546 1553 2630 Neque
1586 2548 1715 2611 ulla
1746 2550 1843 2612 est
1882 2548 2229 2627 necessitas,
2263 2551 2339 2614 ut
2369 2548 2654 2614 Romana
2675 2547 2773 2612 lex
2803 2546 2867 2610 in
2889 2543 3108 2628 quovis

651 2647 788 2712 loco
821 2649 1273 2733 promulgetur,
1324 2650 1486 2732 quod
1521 2651 1581 2715 in
1620 2652 1687 2713 1⁰
1718 2651 2031 2715 volumine
2063 2650 2558 2716 demonstratum
2590 2652 2703 2715 est.
2743 2648 2842 2713 Ad
2872 2649 3112 2711 factum

650 2750 818 2833 quod
866 2753 1108 2834 spectat
1152 2754 1538 2835 receptionis,
1588 2754 1697 2820 ubi
1741 2754 2101 2820 Tridentina
2148 2754 2431 2840 Synodus
2469 2774 2541 2820 ex
2584 2754 2829 2838 integro
2867 2753 3113 2833 recepta

651 2853 747 2918 est
792 2856 857 2917 et
901 2853 1051 2918 haec
1098 2873 1344 2938 quoque
1389 2857 1485 2920 lex
1532 2856 1830 2922 censenda
1867 2859 1963 2923 est
2006 2859 2272 2941 recepta.
2320 2857 2384 2924 Si
2418 2855 2648 2922 alicubi
2677 2855 2837 2921 forte
2866 2854 3115 2936 recepta

652 2974 772 3019 non
805 2954 947 3034 fuit,
985 2956 1267 3036 dicimus,
1304 2959 1705 3025 nihilominus
1737 2961 2146 3045 recipiendam
2180 2980 2338 3036 esse,
2373 2961 2521 3043 quia
2552 2960 2700 3024 talis
2731 2955 3112 3024 consuetudo

651 3059 746 3123 est
794 3060 1008 3123 contra
1055 3060 1249 3125 bonos
1293 3079 1513 3138 mores,
1553 3062 1812 3144 ideoque
1851 3064 2004 3128 nihi]
2038 3065 2268 3128 valens.
2317 3062 2549 3149 Agitur
2593 3063 2757 3128 enim
2788 3061 2863 3127 de
2908 3060 3113 3126 salute

650 3164 1020 3244 animarum,
1056 3167 1156 3231 cui
1186 3167 1459 3232 Ecclesia
1491 3168 1790 3253 prospicit
1825 3170 2239 3251 prohibitione
2262 3171 2572 3235 malorum
2595 3169 2919 3234 librorum.
2953 3165 3113 3247 Quo·

648 3266 809 3332 circa
846 3267 980 3331 fieri
1013 3268 1262 3350 quidem
1294 3271 1526 3353 poterit
1557 3272 1630 3336 ut
1660 3273 2042 3339 consuetudo
2081 3273 2459 3357 praescribat
2496 3274 2712 3339 contra
2742 3290 2969 3355 poenas
2999 3288 3107 3334 seu

647 3389 956 3444 censuras,
998 3391 1152 3454 quas
1184 3373 1282 3438 lex
1321 3374 1734 3441 ecclesiastica
1766 3375 2064 3442 decernit:
2099 3379 2167 3442 at
2197 3395 2320 3443 non
2357 3378 2574 3442 contra
2611 3374 3108 3459 prohibitionem.

649 3471 939 3539 Ceterum
977 3474 1041 3538 et
1070 3474 1136 3539 in
1168 3474 1393 3541 Galliis
1426 3477 1543 3542 viri
1575 3477 1743 3543 docti
1767 3481 2035 3558 censent,
2070 3479 2361 3544 historice
2392 3479 2621 3545 falsum
2652 3497 2803 3555 3333,
2828 3476 2994 3560 quod
3023 3474 3112 3540 ibi

644 3575 744 3641 lex
775 3576 1002 3641 Indicis
1050 3595 1173 3643 non
1204 3577 1394 3644 fuerit
1438 3583 1684 3663 recepta
1718 3583 1782 3645 et
1819 3584 2054 3646 certum
2095 3585 2208 3662 est,
2259 3583 2607 3649 Romanam
2645 3579 2864 3646 Sedem
2896 3579 2982 3644 ibi
3014 3598 3116 3643 ur·

644 3699 790 3763 gere
822 3680 1008 3744 huius
1039 3680 1195 3764 legis
1229 3682 1743 3748 observationem.
1779 3683 1873 3748 Cf.
1912 3685 2088 3770 Gury
2119 3686 2161 3749 l.
2195 3707 2247 3751 c.

738 3781 951 3863 Neque
984 3782 1164 3847 ullibi
1213 3785 1562 3851 observatio
1603 3787 1790 3852 huius
1837 3788 1993 3872 legis
2041 3808 2148 3872 per
2194 3808 2258 3852 se
2296 3787 2691 3871 impossibilis
2722 3785 2842 3851 dici
2873 3784 3110 3868 potest;

648 3884 796 3966 quia
822 3885 885 3947 et
914 3884 1010 3948 lex
1042 3887 1190 3951 nota
1223 3889 1318 3952 est
1342 3889 1406 3953 et
1429 3888 1573 3954 libri
1604 3890 1758 3954 mali
1789 3909 1908 3954 non
1942 3893 2088 3956 sunt
2119 3892 2466 3957 necessarii.
2493 3889 2670 3971 Quod
2693 3888 2747 3954 si
2775 3887 3115 3953 identidem

648 3987 882 4053 Christi
919 3989 1147 4069 fideleS,
1182 3993 1288 4075 qui
1322 3993 1483 4058 inter
1514 3995 1856 4060 haereticos
1888 3996 2128 4074 vivunt,
2164 4000 2224 4059 in
2260 4016 2331 4061 ea
2377 3996 2698 4060 versentur
2739 3992 3112 4069 conditione,

648 4095 719 4156 ut
743 4093 841 4158 vel
866 4093 1076 4177 aliquo
1101 4095 1260 4176 libro
1288 4098 1599 4180 prohibito
1626 4099 1652 4181 (
1656 4119 1778 4164 non
1805 4102 2010 4164 tamen
2044 4099 2117 4164 de
2145 4100 2439 4185 religione
2465 4119 2535 4165 ex
2558 4098 2832 4183 professo
2860 4098 3113 4182 agente)

648 4194 722 4259 iis
763 4195 857 4260 uti
896 4217 1138 4262 necesse
1171 4218 1422 4283 prorsus
1455 4201 1556 4279 sit,
1599 4202 1696 4267 vel
1728 4203 2018 4286 ignorent
2044 4202 2503 4287 inculpabiliter
2534 4202 2786 4285 quinam
2819 4200 2948 4264 sint
2978 4218 3117 4283 pro·

649 4296 850 4376 hibiti,
879 4317 984 4365 eos
1002 4301 1320 4367 excusabit
1346 4302 1594 4385 quidem
1618 4303 1811 4387 (quod
1839 4305 1934 4368 est
1966 4307 2134 4370 omni
2164 4306 2291 4392 legi
2323 4306 2673 4389 commune)
2696 4324 2804 4388 per
2837 4302 3116 4367 accidens

645 4397 1015 4482 impotentia
1066 4405 1178 4466 aut
1223 4404 1615 4487 ignorantia;
1665 4425 1787 4470 non
1835 4409 2044 4473 tamen
2092 4410 2156 4474 id
2189 4410 2430 4486 efficiet,
2481 4409 2681 4494 legem
2714 4427 2837 4473 non
2875 4408 3119 4472 exstare

648 4500 840 4566 etiam
871 4522 982 4585 pro
1020 4504 1191 4587 ipsis.
