3497 5147
677 344 786 398 212
868 355 1081 396 ‘rme-r.
1109 357 1163 397 v.
1192 355 1353 397 sno'r.
1380 356 1470 396 111.
1496 354 1582 394 nn
1603 353 1926 395 camni-rs
1951 353 2342 395 maironnus.
2372 354 2572 396 carm·
2597 355 2659 394 11.
2685 355 2826 396 nun.
2855 360 2913 400 V.
2986 343 3144 418 [292]

679 454 920 518 actione
950 451 1200 517 ferendi.
1240 451 1402 515 Nam
1436 454 1613 517 actus
1637 451 1866 515 ferendi
1900 452 1995 514 est
2025 470 2278 533 prorsus
2309 451 2655 516 indifferens
2692 453 2757 516 et
2785 454 3141 520 continetur

674 556 738 618 in
771 574 956 619 censu
1006 554 1461 636 obsequiorum,
1513 571 1670 635 quae
1701 554 1963 635 quisque
2000 553 2275 617 famulus
2305 553 2556 618 domino
2602 556 2916 636 praestat:
2964 560 3030 621 et
3052 559 3139 620 vi-

676 658 839 721 tium
868 658 965 721 est
987 656 1119 720 heri
1143 656 1250 738 qui
1282 656 1490 720 debita
1516 656 1633 719 sibi
1664 656 1966 719 servitute
1988 655 2151 719 male
2175 655 2397 719 utitur.
2432 654 2560 718 Nec
2589 654 2864 721 famulus
2889 658 3136 723 tenetur

675 759 971 837 divinare,
1012 759 1160 840 quid
1197 758 1445 822 litterae
1481 757 1857 821 contineant.

764 859 977 941 Quoad
1013 859 1399 924 scribendum
1432 878 1597 934 vero,
1645 860 1699 923 si
1739 858 1867 923 sint
1898 858 2107 942 turpia
2139 859 2251 924 aut
2288 860 2865 943 quomodocumque
2887 862 3130 940 illicita,

672 964 830 1027 nihil
860 964 956 1028 est
985 962 1449 1046 disputandum,
1482 962 1632 1043 quia
1660 962 1901 1026 malum
1931 962 1994 1025 in
2042 980 2107 1026 se
2144 963 2258 1026 est.
2292 961 2480 1027 Secus
2513 963 2567 1027 si
2596 963 2670 1026 de
2701 965 2954 1048 negotio
2988 985 3137 1049 quo-

672 1066 842 1149 piam
887 1065 1256 1130 indifferenti
1304 1066 1532 1149 agatur
1577 1065 1691 1128 aut
1735 1065 1870 1128 sola
1917 1064 2095 1147 signa
2134 1064 2510 1129 urbanitatis
2541 1064 2911 1130 scribantur.
2962 1068 3131 1133 Haec

673 1168 834 1231 enim
866 1185 990 1231 non
1022 1167 1244 1230 debent
1273 1166 1570 1230 recenseri
1600 1166 1764 1230 inter
1795 1165 2066 1231 actiones
2099 1166 2373 1249 proxime
2406 1166 2484 1230 ad
2513 1170 2838 1251 peccatum
2883 1188 3134 1235 concur·

670 1270 898 1333 rentes.

781 1443 1101 1495 Lxxxvlll.
1129 1444 1179 1494 6.
1204 1440 1277 1494 Ob
1310 1439 1465 1492 simile
1506 1439 1778 1507 periculum
1816 1447 2113 1494 excusantur
2149 1440 2408 1507 plurimum
2446 1456 2692 1507 caupones
2730 1450 2779 1497 et
2808 1449 3044 1510 propolae
3079 1447 3129 1500 in

672 1525 810 1589 lociS,
832 1525 914 1579 ubi
940 1524 1181 1579 Catholici
1207 1523 1377 1578 vivunt
1411 1524 1549 1577 mixti
1577 1524 1854 1587 naereticiS,
1881 1524 1966 1590 qui
1994 1524 2268 1578 ministrant
2295 1532 2379 1578 aut
2408 1528 2622 1579 vendunt
2661 1542 2830 1580 carnes
2858 1527 2936 1581 dic
2963 1528 3127 1583 ieiunii

670 1612 977 1674 comesturis,
1003 1611 1118 1664 item
1160 1610 1323 1664 vinum
1351 1610 1577 1674 ebriosis,
1604 1613 1717 1663 dum
1744 1612 2007 1676 postulant,
2034 1610 2126 1663 etsi
2152 1611 2306 1663 sciant
2332 1625 2418 1663 eos
2443 1626 2469 1664 a
2510 1618 2711 1678 peccato
2751 1627 2846 1666 non
2874 1616 3101 1669 excusari
3110 1630 3128 1684 ;

668 1698 781 1765 quia
820 1701 1091 1765 plerunque
1117 1704 1365 1764 peecatum
1404 1711 1557 1762 aeque
1599 1699 1753 1761 fleret,
1780 1694 2262 1749 subministrantibus
2298 1695 2423 1758 aliis,
2451 1704 2499 1750 et
2525 1697 2620 1764 ipsi
2644 1700 2873 1751 damnum
2914 1700 3129 1755 notabile

670 1789 970 1852 paterentur,
990 1783 1106 1835 dum
1135 1781 1364 1848 paulatim
1389 1795 1529 1834 nemo
1548 1782 1609 1833 ad
1628 1795 1715 1833 eos
1739 1780 1947 1834 veniret.
1966 1783 2143 1834 Sanch.
2167 1782 2198 1834 l.
2231 1783 2273 1833 l.
2295 1782 2403 1834 c.7.
2427 1784 2605 1836 Bonae.
2623 1789 2716 1837 etc.
2740 1785 2885 1851 Quod
2907 1784 2950 1837 si
2975 1793 3132 1840 tamen

672 1872 763 1923 bae
797 1868 1011 1921 rationes
1046 1882 1141 1920 non
1179 1868 1424 1927 adessent,
1452 1881 1546 1919 non
1584 1873 1955 1919 excusarentur.
1984 1867 2121 1920 Unde
2160 1880 2253 1919 non
2297 1865 2410 1921 licet
2448 1882 2503 1921 ea
2543 1867 2881 1934 patrifamilias
2921 1869 3016 1937 (uti
3044 1886 3130 1924 nec

669 1967 870 2007 coenam
909 1952 988 2005 die
1026 1951 1216 2016 ieiunii)
1247 1950 1516 2004 ministrare
1556 1965 1674 2003 suae
1708 1950 1918 2003 tauriliae
1954 1965 2110 2016 neque
2136 1951 2347 2016 cauponi
2373 1951 2459 2016 illi,
2486 1959 2678 2019 praeter
2713 1969 2857 2019 quem
2898 1970 2997 2009 non
3021 1964 3131 2010 sunt

666 2039 778 2093 alii:
808 2039 899 2091 nisi
938 2046 1096 2092 tamen
1133 2036 1227 2091 alia
1264 2037 1459 2101 gravior
1495 2052 1639 2089 causa
1681 2045 1894 2102 cogeret.
1922 2037 2040 2089 ibid.

756 2196 816 2262 S.
857 2197 1041 2279 Alph.
1076 2195 1182 2259 lib.
1218 2196 1279 2258 2.
1315 2216 1372 2258 n.
1409 2196 1551 2257 69.:
1602 2194 1781 2257 affert
1825 2196 2198 2260 sententiam
2230 2194 2518 2275 Concina,
2569 2199 2675 2282 qui
2709 2200 2957 2266 licitum
2988 2222 3130 2268 cau·

668 2299 932 2383 ponibus
965 2297 1116 2361 dicit
1152 2296 1409 2361 vendere
1455 2296 1670 2360 vinum
1698 2296 1796 2373 iis,
1846 2316 2002 2378 quos
2034 2298 2359 2365 ebriandos
2391 2301 2769 2383 praevident,
2818 2305 3028 2369 solum
3058 2325 3128 2369 ex

666 2401 842 2465 metu
869 2400 1092 2465 mortis
1125 2400 1238 2463 aut
1258 2398 1697 2463 mutilationis,
1730 2396 1844 2462 Sed
1866 2398 2267 2478 probabilius
2297 2401 2451 2467 dicit
2480 2404 2814 2468 tenendum
2838 2425 2983 2470 cum
3007 2407 3134 2472 Bu-

667 2503 989 2568 sembaum
1023 2501 1283 2584 aliisque
1307 2501 1730 2578 communiter,
1759 2502 2034 2566 excusari
2064 2502 2142 2566 ob
2173 2504 2412 2567 metum
2443 2504 2886 2589 cuiuscumque
2916 2510 3128 2594 gravis

669 2608 898 2684 damni,
939 2628 996 2671 v.
1031 2627 1124 2690 gr.
1159 2606 1211 2669 si
1251 2605 1610 2670 notabiliter
1632 2605 2018 2669 minueretur
2039 2626 2333 2670 numerus
2357 2609 2725 2692 emptorum.
2761 2609 2940 2691 Quod
2965 2613 3125 2679 idem

667 2709 992 2774 dicendum
1027 2708 1248 2771 asserit
1286 2707 1359 2771 de
1397 2707 1763 2771 comesturis
1794 2727 2007 2771 carnes
2037 2709 2135 2772 die
2171 2709 2389 2773 vetito.

753 2809 923 2874 Nota
955 2811 1165 2873 tamen
1199 2807 1266 2873 1⁰
1297 2809 1500 2891 quoad
1526 2810 1740 2874 vinum
1767 2809 2222 2894 porrigendum,
2249 2811 2312 2874 id
2344 2831 2416 2875 ex
2445 2813 2664 2878 multis
2696 2814 2835 2879 aliis
2867 2817 3128 2882 circum·

664 2915 916 2979 stantiis
940 2914 1238 2990 locorum,
1265 2915 1638 2996 temporum,
1665 2932 2067 2996 personarum
2099 2915 2212 2978 etc.
2247 2913 2645 2981 decidendum
2670 2936 2801 2982 esse
2821 2939 3122 3005 curasque

666 3017 1040 3083 adhibendas
1080 3036 1117 3080 a
1147 3035 1441 3098 caupone,
1476 3035 1551 3079 ne
1582 3017 1820 3080 malum
1859 3017 1976 3080 hoc
2007 3016 2138 3079 fiat.

866 3121 935 3183 2⁰
981 3118 1196 3198 Quoad
1245 3137 1455 3182 carnes
1512 3118 1933 3195 comedendas,
1992 3136 2214 3184 causae
2262 3125 2524 3204 possunt
2577 3142 2708 3188 esse
2754 3127 3120 3202 comedenti,

662 3242 773 3287 cur
816 3223 987 3286 licite
1015 3221 1077 3285 id
1115 3221 1308 3285 faciat
1342 3239 1452 3284 nec
1482 3220 1767 3284 venditor
1796 3223 2043 3285 tenetur
2074 3221 2399 3304 inquirere,

749 3321 927 3395 292.
952 3325 1049 3388 An
1074 3323 1308 3388 volenti
1331 3322 1612 3406 frangere
1637 3322 1958 3400 ieiunium,
1994 3325 2367 3407 ubicumque
2399 3327 2675 3392 inveniat
2705 3329 2893 3409 ciboS,
2936 3331 3120 3396 liceat

658 3445 763 3492 eos
794 3427 1102 3510 praebere,
1153 3424 1404 3489 dicendo
1452 3424 1890 3502 conditionate,
1939 3427 2000 3488 si
2044 3427 2139 3490 vis
2182 3429 2312 3491 iam
2340 3428 2670 3506 comedere,
2717 3450 2909 3496 coena
2953 3433 3124 3514 apud

655 3548 792 3606 me,·
841 3526 1298 3592 affirmantibus
1331 3524 1490 3602 aliia,
1525 3525 1672 3607 quia
1708 3530 2030 3610 peccatum
2065 3528 2190 3593 iam
2228 3531 2324 3594 est
2354 3532 2615 3598 interius
2654 3535 2980 3618 patratum
3012 3559 3118 3604 nec

652 3631 939 3714 impediri
985 3628 1210 3713 potest,
1244 3628 1319 3691 ut
1365 3628 1764 3710 supponitur:
1813 3630 2101 3715 negative
2147 3633 2474 3715 respondet
2521 3655 2571 3700 s.
2616 3639 2852 3704 Doctor
2897 3642 3005 3706 lib.
3055 3645 3114 3707 2.

652 3752 712 3797 n.
758 3734 862 3796 80.
897 3732 1148 3813 propter
1184 3730 1510 3806 rationem,
1560 3749 1748 3812 quam
1782 3750 1854 3796 ex
1887 3751 1958 3797 eo
1993 3734 2323 3800 attulimus
2359 3757 2418 3801 n.
2455 3739 2606 3803 254.
2645 3740 2804 3805 Vide
2851 3762 3001 3828 ergo
3034 3744 3118 3808 ibi

652 3833 837 3897 dicta.
872 3831 1162 3896 Ceterum
1197 3833 1249 3896 si
1298 3836 1525 3916 agatur
1572 3833 1644 3897 de
1692 3834 1826 3898 sola
1873 3836 2273 3918 permissione
2321 3840 2557 3920 peccati
2602 3843 2666 3906 et
2709 3843 2881 3908 iusta
2927 3865 3112 3912 causa

648 3935 737 4002 sit
765 3933 1181 4018 permittendi,
1216 3934 1564 3998 cuiusmodi
1596 3937 1691 4000 est
1722 3937 1785 4000 in
1834 3956 2128 4021 caupone,
2162 3958 2283 4004 non
2334 3945 2609 4024 apparet,
2643 3963 2752 4009 cur
2783 3944 2885 4010 hic
2914 3946 3113 4014 dicere

645 4039 915 4121 nequeat
945 4034 1365 4116 frequentanti
1412 4054 1788 4120 cauponam:
1837 4040 1891 4103 si
1923 4040 2237 4105 decretum
2273 4045 2368 4107 est
2399 4044 2513 4110 tibi
2556 4064 2767 4110 carnes
2798 4051 3116 4117 comedere

646 4144 711 4208 et
741 4142 905 4206 certe
946 4137 1108 4221 apud
1148 4137 1342 4202 alium
1376 4157 1439 4202 es
1471 4143 1878 4219 comesturus,
1912 4143 2160 4207 comede
2211 4145 2374 4226 apud
2411 4165 2529 4210 me.
2569 4145 2748 4225 Sane,
2798 4151 2851 4214 si
2900 4156 3118 4237 nequit

645 4244 929 4327 impediri
946 4241 1287 4325 peccatum,
1305 4244 1507 4307 cessat
1521 4244 1831 4309 motivum
1848 4244 2175 4326 prohibens
2191 4249 2686 4330 cooperationem
2701 4254 3114 4322 materialem.

743 4342 918 4415 293.
946 4343 1006 4409 S.
1048 4344 1233 4427 Alph.
1258 4364 1318 4409 n.
1355 4345 1459 4408 69.
1495 4346 1559 4408 in
1581 4344 1685 4408 fin.
1722 4347 1834 4419 ait,
1861 4365 1925 4410 se
1949 4347 2224 4412 recedere
2257 4350 2333 4414 ab
2364 4350 2460 4428 iia,
2497 4352 2603 4432 qui
2633 4353 2879 4419 licitum
2903 4357 3116 4423 dicunt

647 4448 905 4513 vendere
937 4447 1152 4510 vinum
1184 4447 1298 4524 illi,
1326 4447 1433 4529 qui
1465 4447 1748 4530 deinceps
1780 4449 2004 4513 vendet
2025 4451 2294 4516 mixtum
2326 4471 2487 4534 aqua
2519 4456 2583 4518 et
2618 4456 2823 4520 solum
2863 4465 3116 4526 excusat

649 4551 727 4617 ob
767 4551 1005 4614 metum
1043 4549 1263 4612 mortis
1306 4547 1404 4612 vel
1449 4548 1770 4628 infamiae,
1821 4569 1960 4615 cum
1995 4553 2103 4616 alii
2135 4553 2417 4619 doctores
2462 4559 2769 4634 excusent,
2820 4560 2873 4623 si
2923 4580 3116 4644 aeque
