3497 5147
380 357 561 427 [1029]
636 371 806 420 Qum
833 372 969 414 sm'r
994 371 1241 414 senonas
1266 371 1583 412 mxuma:
1614 370 2072 414 consummana
2097 370 2337 412 cos-rna
2363 372 2664 414 nal-riman
2740 360 2846 416 761

377 469 764 554 pollutionis,
814 469 920 534 sed
952 469 1124 534 aliud
1154 469 1353 553 specie
1391 468 1722 533 diversum.
1759 469 1929 534 Idem
1955 469 2164 554 cogita
2189 469 2262 532 de
2296 470 2591 533 eunuchis
2616 472 2847 536 semine

378 573 457 636 ad
477 572 942 657 generationem
965 573 1113 656 apto
1149 571 1488 636 destitutis.
1523 606 1553 618 -
1584 570 1713 635 Nec
1751 571 1934 635 aliter
1958 572 2386 636 Babenstuber
2409 573 2489 636 tr.
2511 574 2571 636 5.
2607 573 2763 656 disp.
2784 575 2843 638 7.

381 679 498 742 art.
542 679 601 741 2.
645 697 704 740 n.
747 678 896 741 71.:
946 713 976 725 -
1023 677 1469 759 Impuberes...,
1531 676 1639 758 qui
1685 677 1991 740 conantur
2034 676 2346 759 impudico
2389 678 2575 741 motu
2636 697 2844 743 semen

378 779 704 857 effundere,
760 798 902 844 cum
948 779 1223 844 nondum
1277 778 1535 862 possint,
1576 781 1832 861 peccant
1879 778 2129 860 quidem
2175 780 2627 857 mortaliter...;
2676 781 2848 845 istud

378 882 587 945 tamen
620 900 836 946 eorum
872 882 1197 965 peccatum
1242 880 1442 964 specie
1495 880 1700 945 differt
1747 899 1784 944 a
1831 899 1977 944 vera
2023 881 2088 944 et
2145 881 2389 964 proprie
2429 882 2595 946 dicta
2643 882 2848 965 pollu—

376 983 566 1048 tione.
607 983 795 1048 Ratio
844 984 958 1061 est,
993 983 1142 1066 quia
1173 982 1247 1047 de
1279 982 1519 1047 ratione
1550 1001 1731 1046 verae
1770 981 2136 1064 pollutionis
2174 983 2270 1047 est
2301 983 2608 1047 effundere
2639 1002 2846 1049 semen

372 1088 591 1150 contra
623 1085 807 1151 finem
838 1086 1147 1150 humanae
1178 1084 1630 1170 generationis;
1671 1084 1778 1148 sed
1809 1085 1984 1149 nulla
2016 1085 2198 1149 estin
2231 1085 2536 1150 eiusmodi
2570 1088 2846 1169 personis

377 1187 630 1253 seminis
678 1187 913 1253 effusio.
948 1187 1131 1271 Ergo.
1174 1186 1311 1250 Hoc
1356 1185 1553 1270 igitur
1583 1187 1907 1268 peccatum
1946 1184 2148 1268 reipsa
2195 1204 2267 1250 ac
2303 1187 2547 1270 proprie
2580 1188 2848 1271 pertinet

378 1289 456 1353 ad
501 1288 956 1372 impudicitiam
1003 1290 1276 1353 tactus...
1312 1287 1491 1368 Quod
1537 1288 1611 1352 de
1657 1287 2081 1370 impuberibus
2128 1288 2366 1352 dictum
2396 1291 2511 1364 est,
2547 1289 2739 1354 etiam
2772 1288 2847 1353 de

375 1390 673 1455 eunuchis
718 1390 988 1476 intelligi
1034 1391 1231 1455 debet.
1283 1391 1354 1453 In
1400 1390 1498 1454 his
1546 1389 1711 1454 enim
1756 1407 1880 1453 non
1928 1392 2022 1455 est
2068 1408 2275 1454 semen
2323 1391 2479 1455 utile
2528 1390 2605 1454 ad
2659 1410 2845 1476 gene-

375 1494 702 1558 rationem.
736 1529 762 1541 ·
788 1493 873 1557 Et
902 1494 1252 1576 praeiverat
1282 1492 1649 1556 Tamburini
1681 1492 1756 1556 de
1791 1495 1850 1555 2.
1886 1492 2059 1556 Eccl.
2096 1512 2310 1573 praec.
2361 1513 2413 1556 0.
2468 1493 2570 1557 17.
2620 1514 2678 1557 n.
2733 1495 2837 1558 13.

376 1597 657 1678 inquiens
685 1617 699 1660 :
733 1632 757 1644 -
793 1594 912 1674 Qui
958 1614 1030 1659 ex
1068 1594 1310 1659 defectu
1358 1594 1604 1671 aetatis,
1632 1594 1731 1657 vel
1780 1613 1850 1658 ex
1898 1594 2023 1658 alia
2055 1613 2243 1658 causa
2275 1595 2519 1677 (quales
2551 1598 2699 1660 sunt
2730 1597 2844 1659 im-

374 1699 653 1781 puberes,
688 1698 764 1762 ut
806 1698 959 1762 item
1008 1696 1303 1780 eunuchi)
1349 1714 1473 1760 non
1520 1699 1783 1779 possunt
1828 1698 2008 1760 motu
2054 1697 2366 1779 impudico
2415 1717 2622 1762 semen
2654 1698 2842 1763 effun-

375 1800 516 1864 dere
553 1800 653 1863 vel
682 1798 1008 1863 effunth
1054 1817 1259 1862 semen
1306 1798 1547 1873 inutile,
1582 1798 1840 1879 peccant
1868 1799 2285 1863 mortaliter...
2314 1823 2330 1876 ς
2364 1799 2470 1864 3οᾶ
2495 1801 2658 1863 certe
2690 1800 2842 1865 haec

379 1901 608 1984 species
625 1900 860 1984 peccati
892 1899 1097 1964 differt
1123 1918 1158 1963 a
1184 1918 1328 1963 vera
1360 1899 1725 1983 pollutione,
1754 1901 1930 1965 cuius
1948 1903 2043 1964 est
2065 1901 2361 1985 proiicere
2385 1920 2590 1965 semen
2623 1903 2840 1967 contra

376 2002 792 2088 generationis
829 2002 1034 2080 finem,
1074 2021 1234 2084 quae
1258 2001 1555 2084 proiectio
1580 2020 1703 2066 non
1735 2004 1832 2066 est
1862 2003 1924 2066 in
1960 2001 2290 2086 praedictis
2322 2003 2653 2078 eiusmodi;
2690 2023 2837 2088 ergo

376 2108 700 2188 peccatum
729 2106 794 2169 in
819 2105 1240 2188 impuberibus
1265 2104 1580 2169 reducitur
1605 2105 1806 2187 reipsa
1833 2104 1910 2167 ad
1935 2106 2178 2169 tactum
2200 2104 2604 2188 impudicum.
2630 2142 2654 2152 -
2677 2105 2840 2170 Hinc

376 2228 519 2272 vero
551 2207 919 2284 rationibus,
945 2225 1102 2289 quas
1134 2207 1445 2289 sapienter
1469 2207 1683 2271 afferre
1714 2207 1918 2271 solent
1950 2208 2269 2286 Doctores,
2297 2227 2407 2271 cur
2437 2209 2838 2274 cautissimus

373 2330 505 2376 esse
542 2310 951 2375 confessarius
996 2310 1218 2375 debeat
1247 2310 1310 2372 in
1342 2308 1798 2394 interrogandis
1831 2308 1905 2373 de
1928 2310 2045 2373 hoc
2076 2311 2445 2394 argumento
2479 2311 2837 2376 huiusmodi

376 2418 853 2503 poenitentibus,
888 2418 1039 2483 haec
1087 2416 1500 2500 peremptoria
1548 2415 1802 2493 accedit,
1843 2416 2007 2498 quod
2040 2416 2228 2481 simul
2275 2435 2347 2482 ac
2393 2417 2547 2480 satis
2570 2416 2834 2480 scrutati

377 2523 709 2608 prudenter
731 2521 982 2598 fuerint,
1010 2540 1162 2585 num
1192 2519 1505 2584 malitiose
1538 2521 1787 2602 peracta
1819 2520 1970 2584 haec
1994 2518 2245 2592 fuerint,
2270 2517 2482 2583 nullus
2514 2519 2687 2584 100113
2736 2518 2835 2583 ul-

372 2625 705 2691 terioribus
735 2622 1330 2708 interrogationibus
1363 2622 1643 2704 superest
1674 2648 1733 2685 ».

466 2723 674 2796 1029.
738 2750 773 2783 «
804 2724 895 2789 Ex
938 2725 1036 2788 his
1086 2724 1296 2788 autem
1345 2723 1583 2788 occasio
1631 2724 1906 2788 eiusdem
1954 2743 2143 2807 prope
2190 2723 2571 2806 quaestionis
2627 2722 2832 2805 quoad

374 2831 535 2896 idem
583 2830 923 2913 peccatum,
960 2828 1013 2892 si
1045 2828 1117 2892 de
1148 2827 1393 2892 feminis
1433 2830 1677 2913 agatur.
1713 2828 2066 2910 Utcumque
2105 2828 2268 2893 enim
2300 2828 2580 2913 theologi
2605 2828 2676 2892 cle
2699 2847 2834 2891 mu·

370 2934 551 3000 liebri
582 2932 812 2997 semine
858 2948 1201 2995 sermonem
1235 2933 1297 2994 et
1328 2930 1609 3013 pluribus
1659 2929 1907 3013 quidem
1941 2930 2013 2994 de
2047 2930 2269 3008 causis,
2320 2930 2629 3006 iniiciant3
2673 2930 2833 2994 atta·

370 3058 512 3103 men
550 3037 659 3102 ubi
683 3036 756 3101 de
786 3036 982 3119 ipsius
998 3037 1225 3099 natura
1258 3034 1472 3099 deinde
1511 3037 1837 3117 quaerunt,
1857 3034 2012 3098 nihil
2032 3035 2150 3098 nisi
2183 3034 2330 3117 quid
2363 3054 2581 3118 porsus
2614 3033 2833 3098 incerti

373 3140 783 3206 communiter
806 3140 1056 3204 habent.
1092 3138 1298 3203 Instar
1332 3137 1609 3202 omnium
1655 3136 1738 3200 sit
1784 3136 2098 3200 Bonacina
2125 3136 2199 3199 de
2238 3137 2441 3200 Matr.
2477 3156 2535 3217 q.
2577 3137 2637 3198 4.
2674 3156 2732 3218 p.
2769 3136 2829 3199 6.

368 3264 431 3308 n.
468 3245 596 3321 13„
631 3243 740 3325 qui
785 3243 1042 3307 scribit:
1068 3276 1091 3288 -
1129 3239 1477 3304 Secundum
1502 3238 2067 3321 probabilissimam
2099 3239 2471 3302 sententiam
2510 3258 2715 3302 semen
2751 3237 2835 3301 fe-

370 3348 573 3411 minae
605 3365 716 3411 nec
750 3345 949 3409 active
981 3361 1091 3406 nec
1122 3342 1365 3425 passive
1412 3342 1723 3406 concurrit
1758 3341 1834 3403 ad
1865 3340 2345 3423 generationem.
2380 3374 2410 3386 —
2441 3340 2524 3404 Et
2563 3341 2832 3406 Sanchez

372 3448 480 3511 lib.
521 3450 581 3511 9.
631 3447 787 3529 disp.
829 3446 930 3509 17.
958 3465 1018 3508 n.
1070 3446 1162 3507 9.:
1203 3480 1232 3491 -
1268 3443 1630 3506 Femineum
1676 3462 1883 3507 semen
1930 3462 2039 3505 neo
2087 3461 2216 3506 esse
2264 3443 2675 3507 necessarium
2724 3465 2834 3510 nec

376 3549 575 3612 active
639 3548 714 3612 ad
769 3545 1232 3632 generationem
1280 3563 1657 3620 concurrere,
1708 3543 1929 3608 docent
1973 3543 2248 3607 Galenus
2296 3543 2415 3608 sibi
2461 3546 2829 3624 contrariUS,

370 3651 758 3727 Aristoteles,
806 3650 1140 3722 Avicenna,
1188 3647 1482 3712 Aibertus
1531 3646 1640 3723 Μ..
1679 3646 1869 3730 Hugo
1910 3644 2191 3710 Senensis
2240 3647 2302 3709 et
2348 3646 2534 3709 multi
2599 3646 2706 3709 alii
2770 3649 2834 3711 et

371 3754 660 3816 universa
708 3753 1144 3837 theologorum
1192 3750 1404 3816 schola
1452 3769 1593 3813 cum
1641 3768 1689 3812 3.
1725 3748 1967 3812 Thema
2017 3749 2076 3810 3.
2118 3767 2176 3829 q.
2219 3748 2324 3810 31.
2376 3748 2493 3810 art.
2530 3748 2590 3810 4.
2643 3746 2718 3810 ad
2768 3748 2828 3811 3.

370 3853 550 3935 Quod
596 3854 736 3919 inde
773 3857 1038 3936 constat,
1073 3855 1240 3936 quia,
1276 3852 1649 3937 experientia
1696 3851 1874 3929 teste,
1923 3850 2187 3916 feminae
2236 3849 2483 3914 omnino
2531 3850 2828 3914 invitae...

367 3976 576 4022 semen
599 3956 777 4021 virile
808 3957 1166 4040 recipientes
1198 3956 1586 4039 concipiunt;
1615 3956 1764 4017 tunc
1791 3954 2001 4017 autem
2031 3951 2286 4016 minime
2311 3952 2636 4016 seminant.
2665 3953 2829 4036 Ergo

354 4079 511 4123 ‘cum
559 4060 790 4141 absque
837 4077 907 4123 eo
957 4059 1251 4123 semine...
1307 4056 1625 4143 generatio
1685 4057 1984 4138 sequatur
2030 4057 2146 4119 etc.
2185 4092 2209 4102 -
2246 4053 2637 4135 Quamquam
2685 4073 2828 4118 vero

365 4163 610 4246 antiqui
657 4161 925 4227 asseclae
965 4159 1153 4237 Scoti,
1202 4162 1276 4225 ut
1322 4161 1527 4225 innuit
1568 4159 1838 4223 Sanchez
1886 4159 1927 4222 l.
1964 4179 2015 4223 0.
2051 4160 2115 4223 01
2153 4158 2291 4222 (10111
2332 4157 2508 4221 Elbel
2556 4160 2715 4240 part.
2765 4157 2828 4219 4.

364 4267 522 4332 conf.
565 4269 625 4330 9.
659 4286 720 4330 n.
757 4264 929 4343 252„
979 4264 1123 4349 post
1174 4263 1619 4345 Hippocratem
1666 4262 2000 4340 censerent,
2050 4279 2258 4324 semen
2302 4259 2590 4324 mulieris
2635 4260 2831 4323 active

362 4388 729 4433 concurrere
775 4366 865 4431 ad
905 4366 1392 4451 yenerationem,
1433 4366 1561 4448 ipse
1609 4367 1821 4429 tamen
1870 4363 2045 4428 Elbel
2093 4362 2240 4426 ibid.
2276 4381 2336 4425 n.
2372 4364 2522 4426 253.
2557 4362 2696 4427 dein
2743 4362 2831 4426 fa-

364 4473 550 4549 tetur,
585 4470 764 4535 hodie
809 4492 852 4535 a
897 4470 1094 4535 doctis
1128 4466 1402 4533 Medicis
1448 4469 1855 4531 communiter
1899 4466 2144 4549 negari,
2180 4464 2328 4529 dari
2362 4466 2432 4527 in
2461 4465 2831 4529 mulieribus

364 4594 575 4637 verum
598 4595 804 4640 semen
827 4579 943 4639 aut
974 4593 1150 4638 veros
1183 4570 1511 4637 testiculos.
1534 4570 1642 4636 Ita
1675 4570 1988 4654 Geor-qius
2009 4568 2304 4634 Francus
2339 4567 2512 4649 apud
2548 4567 2829 4632 Paulum
