3497 5147
1111 488 1782 575 'I'RACTATUS
1843 490 1990 571 VI.

785 653 914 716 DE
982 651 1686 719 PRAECEPTIS
1757 652 2325 718 DEcALoel

1357 995 1650 1059 Snc'flo
1692 996 1748 1058 Ι.

882 1130 987 1184 DE
1025 1129 1281 1185 PRIMO
1317 1129 1779 1186 PRAEOEPTO
1817 1128 2211 1185 DECALOGI

429 1301 464 1351 l.
494 1296 657 1350 Huius
696 1294 958 1363 praecepti,
988 1302 1135 1361 prout
1174 1302 1248 1348 est
1286 1295 1646 1359 affirmativum,
1672 1294 1876 1347 materia
1916 1293 2115 1362 propria
2154 1301 2268 1349 sunt
2294 1302 2431 1348 aetus
2465 1293 2663 1349 virtutis
2688 1296 2783 1347 Re·

329 1381 535 1446 ligionis.
573 1383 662 1434 Est
700 1386 863 1434 autem
901 1384 1020 1434 haee
1059 1380 1230 1434 Virtus
1268 1376 1483 1445 moralis,
1521 1393 1615 1444 qua
1659 1378 1865 1432 interior
1904 1386 1954 1432 et
1991 1378 2204 1433 exterior
2241 1382 2401 1433 cultus
2443 1382 2545 1432 Deo
2593 1378 2787 1432 debitus

325 1465 595 1520 exhibetur.
621 1468 777 1517 Actus
814 1463 918 1518 eius
946 1464 1167 1518 internus
1204 1470 1279 1517 est
1304 1463 1449 1517 animi
1486 1463 1765 1530 submissim
1793 1479 1886 1529 qua
1926 1463 2161 1517 infinitam
2205 1464 2296 1517 Dei
2321 1463 2659 1517 excellentiam
2703 1478 2788 1514 ve-

326 1564 564 1603 neramur.
604 1551 848 1602 Externus
884 1556 973 1610 est,
1011 1564 1107 1615 quo
1144 1549 1388 1601 internum
1430 1554 1681 1611 testamur,
1724 1555 1775 1600 ut
1812 1547 1988 1613 oratic,
2029 1546 2320 1600 sacrificium
2382 1556 2474 1601 etc.
2514 1550 2575 1600 de
2612 1544 2789 1612 quibus

329 1634 422 1687 vid.
448 1634 620 1687 Seuol.
648 1633 697 1685 in
726 1635 774 1685 2.
801 1640 851 1685 et
876 1635 924 1686 3.
961 1641 1115 1699 parte.
1160 1635 1308 1685 Prout
1342 1647 1459 1685 vero
1498 1638 1573 1685 est
1609 1632 1907 1696 negativum,
1935 1633 2165 1698 probibet
2205 1632 2321 1684 vitia
2363 1631 2603 1695 Religioni
2641 1646 2790 1697 oppo-

324 1720 440 1773 sita:
478 1733 623 1785 quae,
664 1718 779 1784 quia
814 1726 1128 1784 opponuntur
1167 1717 1338 1771 virtuti
1377 1718 1503 1770 iuter
1554 1719 1764 1771 morales
1813 1717 2122 1784 praecipuae,
2160 1725 2271 1770 sunt
2310 1724 2524 1784 peccata,
2563 1724 2677 1782 post
2713 1732 2786 1781 ea,

324 1818 450 1870 quae
484 1809 657 1857 contra
694 1803 904 1856 virtutes
942 1803 1268 1866 Tneologicns
1303 1802 1688 1863 committuntur,
1713 1801 2002 1865 gravissima
2030 1810 2164 1855 etex
2197 1815 2376 1865 genere
2416 1816 2507 1853 suo
2545 1801 2788 1855 mortalia.

327 1890 450 1941 Sunt
486 1897 645 1940 autem
681 1886 918 1954 duplicia:
944 1888 1055 1955 alia,
1083 1902 1207 1953 quae
1233 1894 1548 1954 opponuntur
1574 1901 1665 1953 per
1691 1901 1966 1951 excessum,
1994 1895 2046 1939 ul
2083 1886 2367 1954 superstitio
2398 1901 2510 1940 cum
2542 1886 2648 1940 suis
2684 1901 2791 1953 spe·

328 1972 530 2026 ciebus:
563 1972 653 2025 alia
692 1987 778 2038 per
815 1975 1074 2035 delectum,
1100 1978 1154 2025 ut
1191 1971 1527 2035 irreligiositas
1564 1986 1674 2025 cum
1714 1971 1835 2024 suis,

410 2097 597 2171 3⁰3.
649 2099 830 2180 Quod
874 2101 1120 2185 Religio
1166 2101 1252 2164 sit
1298 2100 1519 2176 virtue,
1567 2100 1661 2164 ita
1708 2119 1755 2163 s.
1807 2100 2079 2164 Thomas
2127 2102 2188 2164 2.
2230 2102 2290 2164 2.
2337 2120 2398 2181 q.
2434 2101 2539 2163 81.
2590 2118 2645 2163 a.
2697 2101 2788 2163 2.:

323 2230 359 2264 «
385 2204 614 2269 Virtus
660 2206 775 2280 est,
808 2222 967 2286 quae
1004 2204 1237 2268 bonum
1266 2202 1420 2266 facit
1464 2203 1795 2267 habentem
1826 2206 1887 2264 et
1915 2222 2068 2282 opus
2099 2204 2232 2266 eius
2264 2202 2489 2266 bonum
2519 2201 2788 2265 reddit...

318 2306 737 2377 Manifestum
784 2306 882 2369 est
927 2307 1163 2381 autem,
1197 2306 1362 2385 quod
1403 2303 1659 2368 reddere
1705 2304 1976 2368 debitum
2022 2305 2218 2368 alicui
2260 2305 2446 2367 habet
2486 2305 2795 2368 rationem

313 2409 530 2474 boni...
584 2406 749 2472 Cum
796 2426 942 2492 ergo
994 2407 1073 2471 ad
1119 2408 1482 2491 religionem
1516 2408 1842 2486 pertineat
1883 2407 2140 2471 reddere
2185 2406 2479 2471 honorem
2523 2407 2795 2471 debitum

313 2510 453 2576 Deo
472 2533 496 2589 ‚·
527 2510 941 2576 manifestum
973 2511 1087 2588 eet,
1123 2510 1290 2593 quod
1326 2510 1544 2595 religio
1580 2510 1677 2575 est
1713 2511 1915 2576 virtus
1942 2535 2003 2573 ».
2029 2510 2146 2575 Est
2174 2512 2385 2575 autem
2418 2531 2550 2573 una
2571 2511 2793 2585 virtus,

308 2617 463 2698 quia
494 2616 570 2698 (l.
605 2634 663 2679 e.
699 2617 818 2679 art.
853 2615 974 2698 3.):
1010 2638 1046 2673 ‹<
1078 2613 1329 2677 exhibet
1348 2614 1760 2677 reverentiam
1786 2616 1903 2677 uni
1931 2612 2068 2678 Deo
2105 2614 2445 2678 secundum
2473 2633 2666 2678 unam
2695 2634 2798 2678 ra-

312 2720 568 2792 tionem,
604 2718 986 2798 inquantum
1006 2716 1247 2781 scilieet
1279 2720 1373 2780 est
1397 2718 1673 2796 primam
1696 2717 2090 2796 principium
2119 2718 2456 2782 creationis
2487 2721 2550 2781 et
2580 2717 2799 2799 yuber-

302 2823 600 2885 nationis
634 2840 851 2884 rerum
872 2845 934 2884 ›.
976 2819 1090 2884 Eat
1121 2819 1375 2903 proinde
1408 2820 1610 2884 virtus
1648 2820 1958 2902 specialis;
1994 2820 2141 2901 quia
2181 2845 2215 2878 «
2246 2820 2357 2884 ubi
2385 2825 2481 2884 est
2507 2820 2799 2901 specialis

304 2925 476 2987 ratio
512 2922 692 2998 boni,
731 2921 823 2985 ibi
851 2924 1089 3002 oportet
1120 2941 1249 2986 esee
1279 2921 1613 3001 speeicdem
1642 2923 1953 2985 virtutem.
1988 2923 2232 2988 Bonum
2266 2926 2496 2998 autem,
2524 2925 2601 2987 ad
2633 2923 2798 3005 quod

302 3026 656 3091 ordinatur
698 3024 940 3109 religi0‚
981 3029 1077 3088 est
1122 3023 1410 3088 exhibere
1458 3023 1598 3088 Deo
1645 3023 1919 3087 debitum
1963 3024 2272 3088 honorem.
2321 3025 2549 3089 Honor
2592 3029 2802 3089 autem

300 3128 577 3193 debemr
626 3126 1067 3192 excellentiae.-
1116 3128 1247 3191 Deo
1295 3128 1512 3191 autem
1559 3127 1860 3210 competit
1904 3127 2240 3211 singularis
2286 3129 2665 3204 exeellentia,
2713 3129 2803 3191 in-

298 3234 637 3314 quantum
686 3230 894 3294 omnia
930 3230 994 3293 in
1032 3230 1351 3294 infinitum
1399 3229 1819 3294 transscendit
1863 3230 2203 3295 secundm
2251 3231 2676 3295 omnimodum
2707 3249 2802 3295 ex-

294 3353 583 3401 cessum.
640 3330 819 3397 Unde
849 3332 909 3395 ei
939 3331 1195 3395 debetur
1222 3331 1514 3411 specialis
1559 3330 1758 3395 honor
1787 3357 1849 3396 ›.
1885 3333 1985 3396 Ita
2015 3333 2179 3396 idem
2210 3333 2358 3398 ibid.
2400 3354 2455 3397 a.
2490 3336 2551 3398 4.

393 3433 890 3501 Advertendum
936 3453 1080 3498 vero
1119 3435 1216 3499 est
1252 3434 1417 3516 quod
1464 3434 1614 3498 ibid.
1656 3435 1733 3498 ad
1784 3437 1870 3497 2⁰¹
1905 3434 2210 3499 traditur:
2267 3460 2302 3492 «
2336 3436 2558 3500 Omnia
2594 3456 2804 3500 secun-

297 3540 454 3605 dum
496 3536 687 3621 quod
717 3536 782 3600 in
816 3535 1088 3621 gloriam
1117 3537 1232 3600 Dei
1262 3536 1441 3611 fiunt,
1461 3537 1796 3616 pertinent
1819 3535 1909 3599 ad
1933 3538 2320 3618 reliyionem‚
2352 3558 2479 3601 non
2509 3540 2693 3618 quasi
2720 3540 2808 3600 ad

288 3642 696 3715 elicientem,
742 3637 859 3702 sed
899 3639 1084 3719 qua-ei
1133 3637 1222 3702 ad
1260 3638 1688 3717 imperantem.
1738 3639 1858 3702 llla
1907 3641 2120 3703 autem
2181 3640 2491 3723 pertinent
2545 3640 2623 3704 ad
2669 3641 2806 3703 reli-

294 3747 569 3831 gionem
606 3740 984 3818 elicientem,
1023 3759 1181 3823 quae
1228 3741 1565 3805 secundum
1596 3742 1903 3807 rationem
1941 3759 2089 3805 suae
2121 3743 2342 3825 speciei
2381 3744 2691 3826 pertinent
2728 3744 2806 3807 ad

298 3844 751 3912 reverentiam
782 3842 898 3907 Dei
926 3866 989 3906 ».

389 3943 601 4020 3⁰4.
641 3945 943 4024 Quaestio
990 3945 1124 4010 fieri
1174 3948 1333 4011 solet
1371 3966 1449 4011 an
1495 3947 1715 4030 religio
1754 3948 1840 4012 sit
1871 3949 2072 4013 virtus
2120 3949 2489 4034 theologica.
2522 3948 2810 4034 Negatur

297 4048 755 4120 communiter
800 4067 943 4113 cum
990 4068 1039 4113 S.
1092 4049 1333 4114 Thema
1379 4049 1527 4114 ibid.
1577 4069 1634 4114 a.
1685 4053 1783 4128 5.;
1834 4052 1981 4133 quia
2043 4052 2162 4115 etsi
2215 4052 2434 4136 religio
2484 4051 2561 4116 ad
2608 4055 2809 4116 Deum

296 4159 661 4229 referatur,
699 4152 887 4216 habet
940 4151 1191 4234 quidem
1222 4154 1425 4217 Deum
1472 4171 1583 4235 pro
1630 4153 1770 4230 fine,
1805 4173 1928 4219 non
1960 4158 2171 4221 tamen
2209 4173 2319 4237 pro
2352 4155 2612 4231 obiecto,
2646 4156 2812 4236 quod

296 4259 680 4343 requiritur
728 4253 807 4318 ad
851 4254 1164 4318 rationem
1211 4254 1466 4319 virtutis
1513 4254 1920 4340 theologicae.
1968 4282 2003 4316 «
2035 4257 2280 4340 Religio
2329 4257 2444 4331 est,
2494 4256 2603 4333 ait,
2653 4276 2812 4338 quae

300 4364 435 4427 Deo
474 4357 789 4424 debitum
819 4356 1064 4420 cultum
1088 4356 1288 4420 affert.
1315 4356 1456 4421 Duo
1489 4377 1637 4442 ergo
1670 4359 1735 4422 in
1767 4360 2064 4444 religione
2089 4359 2574 4424 considerantur.
2601 4359 2811 4424 Unum

295 4463 594 4548 quidem,
635 4456 813 4539 quod.
843 4457 1071 4541 religio
1099 4459 1229 4523 Deo
1255 4458 1452 4533 affert,
1479 4460 1612 4525 scil.
1639 4462 1849 4526 cultus
1878 4464 1942 4526 et
1971 4462 2088 4527 hoc
2120 4481 2184 4526 se
2208 4461 2398 4525 habet
2421 4480 2526 4547 per
2557 4461 2812 4526 modum

304 4564 636 4629 materiae
678 4575 795 4622 seu
834 4559 1055 4622 obiecti
1101 4559 1440 4642 (obiectum
1471 4563 1824 4646 materiale)
1857 4563 1935 4627 ad
1965 4563 2346 4647 religionem.
2380 4563 2568 4627 Aliud
2602 4565 2812 4626 autem
