3497 5147
706 346 815 400 622
1026 358 1242 402 mer.
1261 360 1342 400 w.
1365 358 1528 402 snm.
1555 359 1647 401 111.
1663 360 1751 400 nn
1775 360 2022 409 Quanto
2045 360 2264 402 manc.
2284 360 2613 403 precamur.
2637 360 2780 403 nun.
2799 360 2859 401 v.
3026 346 3177 421 [843]

714 475 953 522 meram
1001 456 1335 538 paritatem
1381 476 1524 521 cum
1572 456 1953 541 obligatione
1999 441 2397 523 cohabitandi
2431 477 2573 523 cum
2604 458 2739 522 viro
2776 456 3057 540 perculso
3088 458 3183 522 in-

714 559 1035 624 fortuniis:
1071 557 1595 640 quemadmodum
1618 562 1682 624 et
1704 557 2008 624 Salmant.
2032 560 2308 625 referunt
2337 559 2411 624 de
2434 560 2507 624 4⁰
2528 558 2758 624 Praec.
2792 579 2844 623 c.
2880 559 2941 623 1.
2978 578 3039 623 ιι.
3066 560 3176 624 62.

712 661 977 725 aientes:
1012 680 1155 725 cum
1180 659 1448 725 Sanchez
1474 661 1638 726 idem
1669 660 1999 726 tenendum
2024 662 2098 726 de
2120 662 2254 728 viro
2280 662 2829 728 excommunicato.
2856 660 3177 727 Sententia

717 762 972 847 proinde
1018 759 1288 828 Sanchez
1332 762 1502 827 haud
1546 763 1709 828 clare
1753 763 2038 837 refertur,
2085 784 2227 829 cum
2273 765 2501 829 dicitur
2543 782 2701 831 uxor
2735 763 2952 829 debere
2997 765 3174 847 sequi

714 867 941 945 virum,
976 866 1036 930 si
1077 866 1179 928 vir
1207 865 1444 930 alicubi
1486 867 2063 933 excommunicetur.
2112 865 2495 933 Sententiam
2539 886 2720 933 suam
2765 868 2992 951 probat
3025 865 3177 932 San-

717 969 861 1033 chez
901 988 952 1032 e.
987 969 1154 1031 inter
1181 965 1336 1042 alia,
1366 967 1443 1032 de
1474 966 1802 1033 Sententia
1845 971 2513 1035 exommunicationis.
2554 968 2670 1035 Sed
2717 969 2792 1035 de
2837 970 2934 1035 his
2969 970 3035 1034 in
3064 970 3173 1035 Tr.

708 1072 784 1135 de
815 1070 1021 1134 Matr.

803 1173 899 1236 Ad
934 1173 993 1237 7.
1021 1172 1160 1238 Non
1185 1173 1546 1256 prohibetur
1576 1174 1820 1251 mulier,
1855 1174 2223 1240 coadiuvare
2254 1195 2386 1240 rem
2408 1174 2834 1248 domesticam,
2859 1174 2965 1239 sed
2988 1192 3172 1259 agere

726 1277 935 1359 partes
974 1275 1370 1340 dominantis.
1417 1276 1754 1358 Excipitur,
1803 1276 1857 1340 si
1902 1278 2166 1342 maritus
2214 1278 2297 1342 sit
2326 1277 2650 1362 prodigus:
2699 1276 2854 1341 adde
2886 1276 2940 1340 si
2970 1277 3054 1341 sit
3082 1276 3174 1341 in-

717 1377 928 1442 curius
960 1378 1060 1441 vel
1089 1376 1337 1461 ineptus
1372 1378 1449 1441 ad
1477 1377 1784 1442 familiam
1815 1379 2299 1462 gubernandam.

807 1476 986 1550 843.
1020 1479 1197 1560 Quod
1243 1482 1484 1564 spectat
1529 1481 1606 1545 ad
1652 1481 2024 1564 praestanda
2062 1500 2247 1566 opera
2292 1480 2560 1559 servilia,
2609 1500 2658 1546 s.
2691 1481 2877 1564 Alph.
2925 1500 2984 1545 n.
3019 1481 3173 1545 352.

721 1584 892 1648 tenet
920 1582 1324 1665 probabiliuS,
1357 1601 1611 1648 uxorem
1640 1583 1910 1648 nobilem
1942 1602 2063 1648 non
2093 1584 2289 1649 teneri
2320 1584 2565 1649 obedire
2607 1584 2743 1648 viro
2774 1583 3180 1667 praecipienti

721 1686 925 1751 officia
958 1687 1127 1764 vilia,
1161 1686 1331 1751 cibos
1362 1704 1601 1769 parare,
1630 1686 1886 1751 domum
1909 1704 2148 1751 verrere
2171 1688 2323 1763 etc.;
2359 1687 2507 1768 quia
2528 1704 2692 1751 uxor·
2714 1687 2812 1750 est
2840 1685 3028 1763 socia,
3052 1705 3176 1751 non

729 1807 875 1854 vero
903 1789 1148 1853 ancilla.
1172 1788 1256 1853 Et
1284 1788 1340 1852 si
1369 1790 1733 1872 praestaret,
1761 1789 1959 1866 aiunt,
1985 1790 2193 1871 posset
2223 1789 2342 1854 sibi
2366 1806 2759 1872 compensare
2785 1787 2974 1871 (quae
2994 1807 3180 1871 quae·

716 1890 839 1955 stio
878 1911 1099 1973 pamm
1134 1890 1369 1973 refert).

809 1992 1080 2057 Adverte
1096 1993 1326 2076 potiuS,
1352 1993 1747 2059 nobilitatem
1768 1995 1905 2059 heic
1927 1995 2056 2059 late
2070 1995 2236 2059 sumi
2250 2012 2361 2076 pro
2377 1992 2728 2060 conditione
2750 2010 3175 2076 personarum,

724 2115 884 2178 quae
921 2115 993 2160 ex
1029 2097 1342 2161 communi
1378 2116 1496 2161 usu
1528 2116 1647 2161 non
1686 2098 1889 2162 solent
1918 2098 2075 2162 talia
2109 2098 2441 2181 praestare.

826 2253 1068 2306 XXXVl.
1088 2254 1137 2305 3.
1158 2254 1334 2306 peccat
1350 2252 1566 2317 graviter
1584 2253 1809 2317 maritum,
1843 2254 1889 2306 4.
1912 2252 1954 2306 si
1978 2252 2146 2307 verbis
2170 2251 2538 2307 contumeliosis
2556 2255 2634 2305 vel
2656 2250 2979 2307 infamator-iis
2997 2253 3177 2307 afficiat

720 2351 953 2390 uxorem:
978 2340 1009 2390 9.
1033 2336 1076 2391 si
1099 2336 1334 2404 impediat
1356 2337 1487 2391 illam
1517 2337 1641 2391 circa
1669 2343 1934 2405 praecepta
1954 2337 2048 2391 Dei
2067 2341 2146 2391 vel
2165 2337 2413 2392 Ecclesiae
2436 2336 2541 2391 sine
2568 2336 2694 2391 iusta
2720 2351 2886 2391 causa.
2904 2339 3048 2403 Sayr.
3067 2341 3101 2390 l.
3121 2339 3174 2391 7.

714 2438 760 2476 c.
787 2423 840 2475 7.
872 2424 995 2476 Nav.
1023 2437 1065 2476 c.
1095 2424 1180 2476 44.
1203 2423 1256 2476 Si
1280 2437 1402 2477 vero
1429 2423 1661 2489 impediat
1699 2423 1845 2476 etiam
1872 2422 1977 2475 sine
2013 2436 2162 2476 causa
2200 2421 2327 2475 circa
2353 2436 2412 2475 ea
2449 2424 2593 2486 hona,
2617 2436 2744 2487 quae
2766 2421 2962 2476 consilii
2985 2428 3175 2475 tantum

716 2515 846 2570 sunt,
875 2514 929 2561 ut
965 2516 1041 2561 est
1065 2507 1325 2570 contessio,
1350 2506 1628 2561 communio
1653 2515 1766 2573 etc„
1791 2505 2115 2561 communiter
2137 2514 2324 2560 tantum
2349 2513 2519 2573 peccat
2543 2505 2818 2570 venialiter,
2846 2505 2936 2559 nisi
2960 2512 3174 2570 constet,

718 2596 851 2658 quod
877 2606 1097 2656 magnam
1121 2607 1184 2646 ex
1207 2593 1270 2646 iis
1297 2592 1554 2647 utilitatem
1582 2592 1834 2660 percipiat.
1857 2596 2001 2658 Sayr.
2030 2591 2137 2646 Fill.
2162 2595 2343 2645 Bonae.
2371 2607 2417 2656 q.
2442 2594 2490 2644 4.
2516 2607 2566 2658 p.
2591 2592 2643 2644 7.
2668 2593 2826 2646 Trull.
2848 2594 2897 2646 3.
2921 2590 2964 2644 si
3000 2592 3179 2645 caedat

721 2676 970 2742 graviter:
998 2679 1246 2731 moderate
1282 2684 1442 2731 tamen
1480 2678 1721 2742 castigare
1758 2677 1943 2741 verbis,
1968 2679 2051 2731 vel
2075 2676 2221 2731 etiam
2246 2691 2307 2730 ex
2335 2675 2478 2740 gravi
2512 2690 2662 2729 eausa
2699 2675 2968 2730 moderatis
3003 2676 3179 2729 verbo-

724 2762 880 2825 ιίιιιιε,
910 2761 1075 2816 habita
1112 2761 1302 2816 ratione
1337 2762 1632 2817 conditionis
1669 2770 1719 2816 et
1755 2770 1931 2827 status,
1955 2764 2245 2829 quandoque
2283 2767 2459 2828 potest.
2489 2761 2538 2814 4.
2562 2760 2605 2814 si
2640 2760 2868 2814 alimum
2894 2767 3055 2825 neget,
3079 2758 3176 2813 nisi

721 2851 880 2900 tamen
922 2861 1050 2899 uxor
1087 2861 1114 2899 a
1140 2847 1385 2901 consortio
1417 2848 1579 2901 mariti
1617 2847 1816 2914 propria
1854 2850 1995 2915 culpa
2033 2846 2339 2901 discesserit:
2366 2848 2416 2899 5.
2445 2845 2489 2899 si
2525 2845 2738 2910 negligat
2771 2844 3174 2910 gubernationem

728 2931 904 2983 domus
940 2936 990 2984 et
1024 2945 1128 2984 rem
1167 2931 1478 2985 familiarem:
1505 2935 1555 2985 6.
1581 2931 1625 2985 si
1662 2932 1809 2985 uxori
1844 2946 1941 2987 non
1979 2931 2245 2992 cohabitet,
2284 2933 2361 2984 vel
2401 2930 2505 2983 sine
2541 2929 2671 2983 iusta
2707 2944 2854 2985 causa
2890 2930 2976 2984 diu
3013 2927 3175 2984 absit:

717 3013 771 3067 7.
798 3014 857 3081 si,
887 3030 996 3069 cum
1024 3014 1197 3083 possit,
1219 3016 1447 3070 alimenta
1473 3031 1568 3069 uon
1600 3023 1847 3083 procuret.
1872 3015 2072 3091 V.Fill.
2100 3031 2147 3068 n.
2177 3015 2295 3068 ⁴40.
2321 3021 2371 3068 et
2399 3015 2517 3067 441.
2542 3016 2665 3068 Nav-
2691 3029 2735 3068 c.
2763 3014 2847 3069 44.
2873 3029 2922 3068 ιι.
2951 3016 3036 3068 49.
3062 3016 3173 3072 Tol.

716 3102 748 3153 l.
774 3102 824 3154 5.
851 3115 892 3153 c.
924 3103 971 3155 2.
1000 3103 1176 3155 Sanch.
1205 3103 1236 3154 l.
1266 3104 1348 3154 40.
1377 3100 1442 3155 de
1466 3103 1632 3157 Matr.
1660 3101 1787 3168 disp.
1823 3104 1905 3155 48.
1932 3115 1981 3154 n.
2013 3102 2094 3154 46.
2118 3101 2240 3154 Bon.
2268 3114 2315 3165 p.
2338 3099 2391 3153 7.

807 3219 995 3292 844.
1023 3223 1120 3288 Ad
1142 3224 1229 3298 4.,
1255 3224 1362 3288 ubi
1387 3224 1461 3289 de
1484 3223 1783 3309 negandis
1809 3223 2142 3300 alimenti8‚
2169 3221 2415 3306 s.A1ph.
2440 3242 2501 3286 n.
2535 3222 2694 3287 356..
2719 3221 2798 3287 ad
2820 3222 2882 3286 h.
2907 3222 2952 3286 l.
2978 3220 3171 3298 addit,

717 3325 933 3410 negari
962 3344 1142 3408 posse
1179 3327 1495 3405 alimenta,
1529 3326 1585 3390 si
1620 3325 1934 3391 commisit
1971 3324 2367 3392 adulterium.

806 3428 1029 3494 Addit:
1069 3453 1107 3489 α
1142 3429 1379 3512 Nequit
1407 3428 1505 3494 vir
1539 3428 1802 3494 retinere
1833 3429 2043 3495 dotem
2071 3427 2281 3495 uxoris
2328 3426 2664 3503 adulterae,
2698 3425 2754 3490 si
2781 3425 3058 3491 discedat
3093 3424 3178 3489 ab

716 3552 791 3598 ea
829 3533 972 3597 ante
1005 3531 1378 3598 sententiam
1408 3531 1630 3596 iudicis
1666 3532 1918 3616 propria
1949 3532 2350 3598 auctoritate:
2390 3528 2674 3611 quamvis
2704 3528 2835 3613 ipse
2868 3527 3047 3594 uxori
3074 3546 3176 3592 re—

722 3636 961 3719 petenti
999 3635 1212 3700 dotem
1243 3634 1444 3717 possit
1475 3653 1779 3718 opponere
1815 3635 2231 3718 exceptionem
2264 3631 2556 3696 adulterii
2588 3633 2652 3696 et
2686 3632 2913 3714 petere,
2950 3630 3029 3695 ut
3054 3629 3176 3695 sibi

716 3739 1060 3822 applicetur
1084 3763 1146 3802 ».

811 3839 928 3903 Sed
964 3841 1028 3904 in
1060 3840 1158 3905 his
1189 3841 1596 3905 diiudicandis
1631 3838 2044 3922 inspiciendae
2074 3838 2224 3902 sunt
2250 3836 2418 3920 leges
2439 3836 2739 3902 locorum.

803 3942 901 4006 Ad
922 3941 982 4006 6.
1006 3943 1099 4006 De
1124 3943 1503 4028 obligatione
1523 3939 2024 4016 cohabitationis,
2049 3937 2335 4003 videlieet
2365 3938 2565 4003 obius
2588 3938 2847 4004 alterius
2867 3937 3174 4022 coniugis,

718 4043 973 4127 eiusque
1004 4045 1295 4128 pericula.
1345 4047 1438 4111 De
1468 4063 1593 4126 qua
1622 4063 1687 4108 re
1716 4044 1783 4107 in
1814 4044 1892 4106 tr.
1925 4041 2001 4104 de
2037 4041 2241 4106 Matr.
