<?xml version="1.0" encoding="UTF-8"?>
<!DOCTYPE html PUBLIC "-//W3C//DTD XHTML 1.0 Transitional//EN"
    "http://www.w3.org/TR/xhtml1/DTD/xhtml1-transitional.dtd">
<html xmlns="http://www.w3.org/1999/xhtml" xml:lang="en" lang="en">
 <head>
  <title>
</title>
<meta http-equiv="Content-Type" content="text/html;charset=utf-8" />
  <meta name='ocr-system' content='tesseract 3.04.00' />
  <meta name='ocr-capabilities' content='ocr_page ocr_carea ocr_par ocr_line ocrx_word'/>
</head>
<body>
  <div class='ocr_page' id='page_1' title='image "./opustheologicum00ballgoog/opustheologicum00ballgoog_0875.png"; bbox 0 0 3497 5147; ppageno 0'>
   <div class='ocr_carea' id='block_1_1' title="bbox 714 347 3190 424">
    <p class='ocr_par' dir='ltr' id='par_1_1' title="bbox 714 347 3190 424">
     <span class='ocr_line' id='line_1_1' title="bbox 714 347 3190 424; baseline -0.002 -15"><span class='ocrx_word' id='word_1_1' title='bbox 714 354 824 409; x_wconf 83' lang='lat'>868</span> <span class='ocrx_word' id='word_1_2' title='bbox 1079 366 1291 407; x_wconf 60' lang='lat' dir='ltr'>maor.</span> <span class='ocrx_word' id='word_1_3' title='bbox 1308 368 1413 408; x_wconf 84' lang='lat' dir='ltr'>vu.</span> <span class='ocrx_word' id='word_1_4' title='bbox 1439 365 1602 408; x_wconf 74' lang='lat' dir='ltr'>anor.</span> <span class='ocrx_word' id='word_1_5' title='bbox 1630 365 1718 406; x_wconf 90' lang='lat'>111.</span> <span class='ocrx_word' id='word_1_6' title='bbox 1744 365 1830 404; x_wconf 73' lang='lat' dir='ltr'>nn</span> <span class='ocrx_word' id='word_1_7' title='bbox 1855 364 2209 406; x_wconf 72' lang='lat' dir='ltr'>PRAECEPTO</span> <span class='ocrx_word' id='word_1_8' title='bbox 2235 363 2538 405; x_wconf 65' lang='lat' dir='ltr'>somni-tm</span> <span class='ocrx_word' id='word_1_9' title='bbox 2564 362 2838 403; x_wconf 64' lang='lat' dir='ltr'>macnus</span> <span class='ocrx_word' id='word_1_10' title='bbox 3002 347 3190 424; x_wconf 79' lang='lat'>[1157]</span> 
     </span>
    </p>
   </div>
   <div class='ocr_carea' id='block_1_2' title="bbox 700 459 3189 4638">
    <p class='ocr_par' dir='ltr' id='par_1_2' title="bbox 711 459 3189 1765">
     <span class='ocr_line' id='line_1_2' title="bbox 713 459 3189 545; baseline -0.002 -17"><span class='ocrx_word' id='word_1_11' title='bbox 713 465 954 529; x_wconf 89' lang='lat' dir='ltr'>notum.</span> <span class='ocrx_word' id='word_1_12' title='bbox 989 462 1084 526; x_wconf 88' lang='lat' dir='ltr'>Ad</span> <span class='ocrx_word' id='word_1_13' title='bbox 1120 482 1232 527; x_wconf 89' lang='lat' dir='ltr'>nos</span> <span class='ocrx_word' id='word_1_14' title='bbox 1265 462 1428 544; x_wconf 87' lang='lat' dir='ltr'>quod</span> <span class='ocrx_word' id='word_1_15' title='bbox 1462 461 1719 545; x_wconf 88' lang='lat' dir='ltr'>spectat,</span> <span class='ocrx_word' id='word_1_16' title='bbox 1757 461 2042 541; x_wconf 79' lang='lat' dir='ltr'>sepositis</span> <span class='ocrx_word' id='word_1_17' title='bbox 2080 459 2331 524; x_wconf 81' lang='lat' dir='ltr'>decimis</span> <span class='ocrx_word' id='word_1_18' title='bbox 2363 459 2547 524; x_wconf 86' lang='lat' dir='ltr'>dictis</span> <span class='ocrx_word' id='word_1_19' title='bbox 2580 459 2914 523; x_wconf 77' lang='lat' dir='ltr'>dominicis</span> <span class='ocrx_word' id='word_1_20' title='bbox 2946 479 3058 525; x_wconf 88' lang='lat' dir='ltr'>seu</span> <span class='ocrx_word' id='word_1_21' title='bbox 3081 460 3189 524; x_wconf 78' lang='lat' dir='ltr'>do—</span> 
     </span>
     <span class='ocr_line' id='line_1_3' title="bbox 712 563 3184 647; baseline -0 -17"><span class='ocrx_word' id='word_1_22' title='bbox 712 566 1131 643; x_wconf 74' lang='lat' dir='ltr'>minicazibus,</span> <span class='ocrx_word' id='word_1_23' title='bbox 1166 585 1323 647; x_wconf 90' lang='lat' dir='ltr'>quae</span> <span class='ocrx_word' id='word_1_24' title='bbox 1355 568 1501 629; x_wconf 90' lang='lat' dir='ltr'>sunt</span> <span class='ocrx_word' id='word_1_25' title='bbox 1532 564 1836 646; x_wconf 82' lang='lat' dir='ltr'><strong>quaedam</strong></span> <span class='ocrx_word' id='word_1_26' title='bbox 1870 564 2127 639; x_wconf 87' lang='lat' dir='ltr'>tributa,</span> <span class='ocrx_word' id='word_1_27' title='bbox 2162 582 2320 645; x_wconf 90' lang='lat' dir='ltr'>quae</span> <span class='ocrx_word' id='word_1_28' title='bbox 2355 563 2503 627; x_wconf 92' lang='lat' dir='ltr'>olim</span> <span class='ocrx_word' id='word_1_29' title='bbox 2537 564 2911 646; x_wconf 71' lang='lat' dir='ltr'>temporales</span> <span class='ocrx_word' id='word_1_30' title='bbox 2944 565 3184 629; x_wconf 85' lang='lat' dir='ltr'>domini</span> 
     </span>
     <span class='ocr_line' id='line_1_4' title="bbox 715 665 3180 752; baseline -0.001 -18"><span class='ocrx_word' id='word_1_31' title='bbox 715 668 899 752; x_wconf 88' lang='lat' dir='ltr'>(quos</span> <span class='ocrx_word' id='word_1_32' title='bbox 944 669 1108 732; x_wconf 90' lang='lat' dir='ltr'>inter</span> <span class='ocrx_word' id='word_1_33' title='bbox 1151 668 1214 733; x_wconf 87' lang='lat' dir='ltr'>et</span> <span class='ocrx_word' id='word_1_34' title='bbox 1244 667 1582 751; x_wconf 78' lang='lat' dir='ltr'>Episcopus</span> <span class='ocrx_word' id='word_1_35' title='bbox 1614 685 1744 730; x_wconf 90' lang='lat' dir='ltr'>esse</span> <span class='ocrx_word' id='word_1_36' title='bbox 1776 666 2049 748; x_wconf 88' lang='lat' dir='ltr'>poterat)</span> <span class='ocrx_word' id='word_1_37' title='bbox 2081 665 2346 729; x_wconf 90' lang='lat' dir='ltr'>subditis</span> <span class='ocrx_word' id='word_1_38' title='bbox 2376 666 2779 749; x_wconf 78' lang='lat' dir='ltr'>imponebant</span> <span class='ocrx_word' id='word_1_39' title='bbox 2810 667 2887 729; x_wconf 88' lang='lat' dir='ltr'>ad</span> <span class='ocrx_word' id='word_1_40' title='bbox 2919 666 3180 731; x_wconf 89' lang='lat' dir='ltr'>modum</span> 
     </span>
     <span class='ocr_line' id='line_1_5' title="bbox 713 766 3181 854; baseline -0.001 -19"><span class='ocrx_word' id='word_1_41' title='bbox 713 789 929 835; x_wconf 90' lang='lat' dir='ltr'>census</span> <span class='ocrx_word' id='word_1_42' title='bbox 963 772 1212 854; x_wconf 90' lang='lat' dir='ltr'>propter</span> <span class='ocrx_word' id='word_1_43' title='bbox 1234 769 1625 852; x_wconf 90' lang='lat' dir='ltr'>praediorum</span> <span class='ocrx_word' id='word_1_44' title='bbox 1658 768 2110 832; x_wconf 80' lang='lat' dir='ltr'>concessionem</span> <span class='ocrx_word' id='word_1_45' title='bbox 2134 767 2385 849; x_wconf 87' lang='lat' dir='ltr'>(Monit.</span> <span class='ocrx_word' id='word_1_46' title='bbox 2421 768 2565 831; x_wconf 88' lang='lat' dir='ltr'>eccl.</span> <span class='ocrx_word' id='word_1_47' title='bbox 2596 766 2955 849; x_wconf 71' lang='lat' dir='ltr'>Septembre</span> <span class='ocrx_word' id='word_1_48' title='bbox 2984 768 3181 833; x_wconf 84' lang='lat'>1897.</span> 
     </span>
     <span class='ocr_line' id='line_1_6' title="bbox 714 869 3175 956; baseline -0 -21"><span class='ocrx_word' id='word_1_49' title='bbox 714 893 773 956; x_wconf 87' lang='lat' dir='ltr'>p.</span> <span class='ocrx_word' id='word_1_50' title='bbox 811 873 1007 956; x_wconf 84' lang='lat'>167.).</span> <span class='ocrx_word' id='word_1_51' title='bbox 1044 872 1330 935; x_wconf 81' lang='lat' dir='ltr'>Decimae</span> <span class='ocrx_word' id='word_1_52' title='bbox 1376 872 1508 934; x_wconf 89' lang='lat' dir='ltr'>iure</span> <span class='ocrx_word' id='word_1_53' title='bbox 1555 870 1968 935; x_wconf 88' lang='lat' dir='ltr'>ecclesiastico</span> <span class='ocrx_word' id='word_1_54' title='bbox 2016 871 2318 934; x_wconf 89' lang='lat' dir='ltr'>vocantur</span> <span class='ocrx_word' id='word_1_55' title='bbox 2357 869 2592 933; x_wconf 88' lang='lat' dir='ltr'>decima</span> <span class='ocrx_word' id='word_1_56' title='bbox 2640 889 2784 951; x_wconf 89' lang='lat' dir='ltr'>pars</span> <span class='ocrx_word' id='word_1_57' title='bbox 2829 870 3175 948; x_wconf 87' lang='lat' dir='ltr'>fructuum,</span> 
     </span>
     <span class='ocr_line' id='line_1_7' title="bbox 714 972 3182 1058; baseline -0.001 -19"><span class='ocrx_word' id='word_1_58' title='bbox 714 994 872 1058; x_wconf 89' lang='lat' dir='ltr'>quae</span> <span class='ocrx_word' id='word_1_59' title='bbox 919 974 1185 1038; x_wconf 86' lang='lat' dir='ltr'>solvitur</span> <span class='ocrx_word' id='word_1_60' title='bbox 1222 973 1299 1037; x_wconf 89' lang='lat' dir='ltr'>ad</span> <span class='ocrx_word' id='word_1_61' title='bbox 1331 973 1848 1037; x_wconf 79' lang='lat' dir='ltr'>sustentationem</span> <span class='ocrx_word' id='word_1_62' title='bbox 1887 972 2315 1036; x_wconf 84' lang='lat' dir='ltr'>ministrorum</span> <span class='ocrx_word' id='word_1_63' title='bbox 2350 972 2485 1048; x_wconf 90' lang='lat' dir='ltr'>Dei,</span> <span class='ocrx_word' id='word_1_64' title='bbox 2520 972 2628 1053; x_wconf 91' lang='lat' dir='ltr'>qui</span> <span class='ocrx_word' id='word_1_65' title='bbox 2676 991 2892 1036; x_wconf 88' lang='lat' dir='ltr'>curam</span> <span class='ocrx_word' id='word_1_66' title='bbox 2944 973 3182 1036; x_wconf 87' lang='lat' dir='ltr'>anima·</span> 
     </span>
     <span class='ocr_line' id='line_1_8' title="bbox 711 1074 3179 1150; baseline -0.001 -8"><span class='ocrx_word' id='word_1_67' title='bbox 711 1098 853 1143; x_wconf 88' lang='lat' dir='ltr'>rum</span> <span class='ocrx_word' id='word_1_68' title='bbox 885 1076 1117 1140; x_wconf 90' lang='lat' dir='ltr'>habent</span> <span class='ocrx_word' id='word_1_69' title='bbox 1146 1078 1208 1140; x_wconf 88' lang='lat' dir='ltr'>et</span> <span class='ocrx_word' id='word_1_70' title='bbox 1240 1077 1625 1139; x_wconf 88' lang='lat' dir='ltr'>sacramenta</span> <span class='ocrx_word' id='word_1_71' title='bbox 1672 1075 2051 1150; x_wconf 89' lang='lat' dir='ltr'>ministrant,</span> <span class='ocrx_word' id='word_1_72' title='bbox 2086 1074 2246 1138; x_wconf 90' lang='lat' dir='ltr'>unde</span> <span class='ocrx_word' id='word_1_73' title='bbox 2293 1078 2357 1138; x_wconf 88' lang='lat' dir='ltr'>et</span> <span class='ocrx_word' id='word_1_74' title='bbox 2402 1074 2675 1139; x_wconf 84' lang='lat' dir='ltr'>decimae</span> <span class='ocrx_word' id='word_1_75' title='bbox 2722 1074 2927 1139; x_wconf 89' lang='lat' dir='ltr'>dictae</span> <span class='ocrx_word' id='word_1_76' title='bbox 2963 1095 3179 1139; x_wconf 82' lang='lat' dir='ltr'>sacra·</span> 
     </span>
     <span class='ocr_line' id='line_1_9' title="bbox 711 1176 3181 1261; baseline 0 -19"><span class='ocrx_word' id='word_1_77' title='bbox 711 1179 1011 1243; x_wconf 75' lang='lat' dir='ltr'>mentales</span> <span class='ocrx_word' id='word_1_78' title='bbox 1047 1179 1111 1241; x_wconf 91' lang='lat' dir='ltr'>in</span> <span class='ocrx_word' id='word_1_79' title='bbox 1150 1179 1534 1261; x_wconf 89' lang='lat' dir='ltr'>oppositione</span> <span class='ocrx_word' id='word_1_80' title='bbox 1568 1178 1643 1241; x_wconf 91' lang='lat' dir='ltr'>ad</span> <span class='ocrx_word' id='word_1_81' title='bbox 1676 1176 2097 1253; x_wconf 74' lang='lat' dir='ltr'>dominicales,</span> <span class='ocrx_word' id='word_1_82' title='bbox 2131 1177 2416 1259; x_wconf 78' lang='lat' dir='ltr'>quamvis</span> <span class='ocrx_word' id='word_1_83' title='bbox 2452 1179 2514 1241; x_wconf 89' lang='lat' dir='ltr'>et</span> <span class='ocrx_word' id='word_1_84' title='bbox 2548 1178 2671 1242; x_wconf 86' lang='lat' dir='ltr'>alio</span> <span class='ocrx_word' id='word_1_85' title='bbox 2707 1198 2956 1261; x_wconf 91' lang='lat' dir='ltr'>quoque</span> <span class='ocrx_word' id='word_1_86' title='bbox 2989 1197 3181 1244; x_wconf 86' lang='lat' dir='ltr'>sensu</span> 
     </span>
     <span class='ocr_line' id='line_1_10' title="bbox 715 1278 3184 1365; baseline 0 -19"><span class='ocrx_word' id='word_1_87' title='bbox 715 1282 1092 1365; x_wconf 86' lang='lat' dir='ltr'>acciperetur</span> <span class='ocrx_word' id='word_1_88' title='bbox 1125 1279 1458 1363; x_wconf 85' lang='lat' dir='ltr'>appellatio</span> <span class='ocrx_word' id='word_1_89' title='bbox 1506 1278 1985 1343; x_wconf 70' lang='lat' dir='ltr'>sacramentalis</span> <span class='ocrx_word' id='word_1_90' title='bbox 2021 1280 2186 1344; x_wconf 83' lang='lat' dir='ltr'>facta</span> <span class='ocrx_word' id='word_1_91' title='bbox 2233 1280 2531 1343; x_wconf 85' lang='lat' dir='ltr'>decimae:</span> <span class='ocrx_word' id='word_1_92' title='bbox 2565 1301 2624 1344; x_wconf 88' lang='lat' dir='ltr'>v.</span> <span class='ocrx_word' id='word_1_93' title='bbox 2660 1302 2719 1344; x_wconf 92' lang='lat' dir='ltr'>n.</span> <span class='ocrx_word' id='word_1_94' title='bbox 2757 1300 2881 1362; x_wconf 90' lang='lat' dir='ltr'>seq.</span> <span class='ocrx_word' id='word_1_95' title='bbox 2921 1282 3184 1346; x_wconf 83' lang='lat' dir='ltr'>Decima</span> 
     </span>
     <span class='ocr_line' id='line_1_11' title="bbox 712 1380 3182 1465; baseline -0 -17"><span class='ocrx_word' id='word_1_96' title='bbox 712 1383 1014 1448; x_wconf 87' lang='lat' dir='ltr'>ministris</span> <span class='ocrx_word' id='word_1_97' title='bbox 1044 1383 1159 1447; x_wconf 89' lang='lat' dir='ltr'>Dei</span> <span class='ocrx_word' id='word_1_98' title='bbox 1190 1382 1443 1457; x_wconf 89' lang='lat' dir='ltr'>tradita,</span> <span class='ocrx_word' id='word_1_99' title='bbox 1478 1382 1608 1446; x_wconf 93' lang='lat' dir='ltr'>Deo</span> <span class='ocrx_word' id='word_1_100' title='bbox 1641 1381 1822 1465; x_wconf 88' lang='lat' dir='ltr'>pendi</span> <span class='ocrx_word' id='word_1_101' title='bbox 1846 1382 2227 1445; x_wconf 88' lang='lat' dir='ltr'>censebatur.</span> <span class='ocrx_word' id='word_1_102' title='bbox 2255 1380 2322 1445; x_wconf 84' lang='lat' dir='ltr'>O.</span> <span class='ocrx_word' id='word_1_103' title='bbox 2355 1381 2494 1444; x_wconf 75' lang='lat' dir='ltr'>Tua</span> <span class='ocrx_word' id='word_1_104' title='bbox 2523 1381 2726 1459; x_wconf 72' lang='lat' dir='ltr'>nobie,</span> <span class='ocrx_word' id='word_1_105' title='bbox 2761 1383 2836 1446; x_wconf 81' lang='lat' dir='ltr'>de</span> <span class='ocrx_word' id='word_1_106' title='bbox 2867 1381 3182 1448; x_wconf 54' lang='lat' dir='ltr'>Decimi&amp;</span> 
     </span>
     <span class='ocr_line' id='line_1_12' title="bbox 718 1482 3182 1569; baseline 0.002 -24"><span class='ocrx_word' id='word_1_107' title='bbox 718 1510 754 1545; x_wconf 80' lang='lat'><strong>«</strong></span> <span class='ocrx_word' id='word_1_108' title='bbox 784 1485 988 1549; x_wconf 88' lang='lat' dir='ltr'>Nimis</span> <span class='ocrx_word' id='word_1_109' title='bbox 1020 1484 1267 1549; x_wconf 80' lang='lat' dir='ltr'>videtur</span> <span class='ocrx_word' id='word_1_110' title='bbox 1297 1484 1601 1565; x_wconf 89' lang='lat' dir='ltr'>iniquum,</span> <span class='ocrx_word' id='word_1_111' title='bbox 1637 1483 1692 1547; x_wconf 85' lang='lat' dir='ltr'>si</span> <span class='ocrx_word' id='word_1_112' title='bbox 1724 1482 2015 1561; x_wconf 87' lang='lat' dir='ltr'>decimae,</span> <span class='ocrx_word' id='word_1_113' title='bbox 2043 1503 2198 1565; x_wconf 89' lang='lat' dir='ltr'>quas</span> <span class='ocrx_word' id='word_1_114' title='bbox 2225 1484 2391 1547; x_wconf 90' lang='lat' dir='ltr'>Deus</span> <span class='ocrx_word' id='word_1_115' title='bbox 2420 1483 2487 1547; x_wconf 90' lang='lat' dir='ltr'>in</span> <span class='ocrx_word' id='word_1_116' title='bbox 2518 1485 2769 1569; x_wconf 88' lang='lat' dir='ltr'>signum</span> <span class='ocrx_word' id='word_1_117' title='bbox 2800 1485 3182 1550; x_wconf 85' lang='lat' dir='ltr'>universalis</span> 
     </span>
     <span class='ocr_line' id='line_1_13' title="bbox 711 1585 3183 1669; baseline -0 -16"><span class='ocrx_word' id='word_1_118' title='bbox 711 1587 969 1653; x_wconf 89' lang='lat' dir='ltr'>dominii</span> <span class='ocrx_word' id='word_1_119' title='bbox 1001 1586 1119 1651; x_wconf 88' lang='lat' dir='ltr'>sibi</span> <span class='ocrx_word' id='word_1_120' title='bbox 1142 1586 1311 1650; x_wconf 89' lang='lat' dir='ltr'>reddi</span> <span class='ocrx_word' id='word_1_121' title='bbox 1337 1586 1667 1669; x_wconf 89' lang='lat' dir='ltr'>praecepit,</span> <span class='ocrx_word' id='word_1_122' title='bbox 1695 1605 1840 1649; x_wconf 89' lang='lat' dir='ltr'>suas</span> <span class='ocrx_word' id='word_1_123' title='bbox 1866 1605 1996 1650; x_wconf 87' lang='lat' dir='ltr'>esse</span> <span class='ocrx_word' id='word_1_124' title='bbox 2020 1585 2287 1650; x_wconf 86' lang='lat' dir='ltr'>decimas</span> <span class='ocrx_word' id='word_1_125' title='bbox 2312 1588 2374 1649; x_wconf 88' lang='lat' dir='ltr'>et</span> <span class='ocrx_word' id='word_1_126' title='bbox 2399 1585 2709 1668; x_wconf 90' lang='lat' dir='ltr'>primitias</span> <span class='ocrx_word' id='word_1_127' title='bbox 2748 1606 3183 1652; x_wconf 63' lang='lat' dir='ltr'>asseverante...</span> 
     </span>
     <span class='ocr_line' id='line_1_14' title="bbox 713 1688 2748 1765; baseline -0.001 -11"><span class='ocrx_word' id='word_1_128' title='bbox 713 1689 976 1754; x_wconf 84' lang='lat' dir='ltr'>diminui</span> <span class='ocrx_word' id='word_1_129' title='bbox 1006 1690 1276 1765; x_wconf 83' lang='lat' dir='ltr'>valeant,</span> <span class='ocrx_word' id='word_1_130' title='bbox 1310 1709 1452 1752; x_wconf 91' lang='lat' dir='ltr'>cum</span> <span class='ocrx_word' id='word_1_131' title='bbox 1486 1689 1614 1753; x_wconf 90' lang='lat' dir='ltr'>Deo</span> <span class='ocrx_word' id='word_1_132' title='bbox 1648 1688 1856 1753; x_wconf 87' lang='lat' dir='ltr'>debita</span> <span class='ocrx_word' id='word_1_133' title='bbox 1893 1689 1978 1752; x_wconf 90' lang='lat' dir='ltr'>sit</span> <span class='ocrx_word' id='word_1_134' title='bbox 2009 1688 2241 1753; x_wconf 89' lang='lat' dir='ltr'>solutio</span> <span class='ocrx_word' id='word_1_135' title='bbox 2272 1688 2652 1753; x_wconf 88' lang='lat' dir='ltr'>decimarum</span> <span class='ocrx_word' id='word_1_136' title='bbox 2686 1713 2748 1752; x_wconf 85' lang='lat'>».</span> 
     </span>
    </p>

    <p class='ocr_par' dir='ltr' id='par_1_3' title="bbox 707 1790 3182 2897">
     <span class='ocr_line' id='line_1_15' title="bbox 802 1790 3182 1875; baseline 0.003 -22"><span class='ocrx_word' id='word_1_137' title='bbox 802 1792 967 1856; x_wconf 79' lang='lat' dir='ltr'>Olim</span> <span class='ocrx_word' id='word_1_138' title='bbox 1013 1792 1236 1875; x_wconf 82' lang='lat' dir='ltr'>triplex</span> <span class='ocrx_word' id='word_1_139' title='bbox 1283 1791 1517 1855; x_wconf 87' lang='lat' dir='ltr'>decima</span> <span class='ocrx_word' id='word_1_140' title='bbox 1563 1791 2101 1875; x_wconf 87' lang='lat' dir='ltr'>distinguebatur:</span> <span class='ocrx_word' id='word_1_141' title='bbox 2129 1790 2503 1870; x_wconf 79' lang='lat' dir='ltr'>praedialis,</span> <span class='ocrx_word' id='word_1_142' title='bbox 2533 1792 2918 1870; x_wconf 76' lang='lat' dir='ltr'>personalis,</span> <span class='ocrx_word' id='word_1_143' title='bbox 2953 1796 3182 1860; x_wconf 60' lang='lat' dir='ltr'>mimia.</span> 
     </span>
     <span class='ocr_line' id='line_1_16' title="bbox 713 1894 3180 1979; baseline 0.002 -21"><span class='ocrx_word' id='word_1_144' title='bbox 713 1895 1052 1959; x_wconf 88' lang='lat' dir='ltr'>Praedialis</span> <span class='ocrx_word' id='word_1_145' title='bbox 1084 1914 1156 1958; x_wconf 87' lang='lat' dir='ltr'>ea</span> <span class='ocrx_word' id='word_1_146' title='bbox 1193 1896 1346 1971; x_wconf 87' lang='lat' dir='ltr'>erat,</span> <span class='ocrx_word' id='word_1_147' title='bbox 1380 1914 1539 1976; x_wconf 89' lang='lat' dir='ltr'>quae</span> <span class='ocrx_word' id='word_1_148' title='bbox 1586 1895 2019 1959; x_wconf 86' lang='lat' dir='ltr'>secernebatur</span> <span class='ocrx_word' id='word_1_149' title='bbox 2063 1913 2134 1958; x_wconf 83' lang='lat' dir='ltr'>ex</span> <span class='ocrx_word' id='word_1_150' title='bbox 2167 1894 2470 1959; x_wconf 84' lang='lat' dir='ltr'>fructibus</span> <span class='ocrx_word' id='word_1_151' title='bbox 2504 1914 2819 1979; x_wconf 86' lang='lat' dir='ltr'>agrorum,</span> <span class='ocrx_word' id='word_1_152' title='bbox 2856 1897 3180 1979; x_wconf 89' lang='lat' dir='ltr'>arborum,</span> 
     </span>
     <span class='ocr_line' id='line_1_17' title="bbox 711 1996 3182 2081; baseline 0.003 -21"><span class='ocrx_word' id='word_1_153' title='bbox 711 1996 1108 2080; x_wconf 89' lang='lat' dir='ltr'>piscinarum,</span> <span class='ocrx_word' id='word_1_154' title='bbox 1146 1996 1661 2075; x_wconf 84' lang='lat' dir='ltr'>molendinorum,</span> <span class='ocrx_word' id='word_1_155' title='bbox 1710 1997 2095 2061; x_wconf 88' lang='lat' dir='ltr'>locationum</span> <span class='ocrx_word' id='word_1_156' title='bbox 2128 1998 2242 2061; x_wconf 88' lang='lat' dir='ltr'>etc.</span> <span class='ocrx_word' id='word_1_157' title='bbox 2292 1997 2664 2075; x_wconf 89' lang='lat' dir='ltr'>Personalis,</span> <span class='ocrx_word' id='word_1_158' title='bbox 2718 2017 2876 2081; x_wconf 89' lang='lat' dir='ltr'>quae</span> <span class='ocrx_word' id='word_1_159' title='bbox 2925 2020 2997 2065; x_wconf 76' lang='lat' dir='ltr'>ex</span> <span class='ocrx_word' id='word_1_160' title='bbox 3046 2003 3182 2066; x_wconf 88' lang='lat' dir='ltr'>fru-</span> 
     </span>
     <span class='ocr_line' id='line_1_18' title="bbox 710 2098 3179 2183; baseline 0.002 -20"><span class='ocrx_word' id='word_1_161' title='bbox 710 2100 914 2163; x_wconf 85' lang='lat' dir='ltr'>ctibus</span> <span class='ocrx_word' id='word_1_162' title='bbox 960 2117 1070 2163; x_wconf 90' lang='lat' dir='ltr'>seu</span> <span class='ocrx_word' id='word_1_163' title='bbox 1115 2100 1515 2183; x_wconf 85' lang='lat' dir='ltr'>proventibus</span> <span class='ocrx_word' id='word_1_164' title='bbox 1554 2099 1861 2163; x_wconf 90' lang='lat' dir='ltr'>humanae</span> <span class='ocrx_word' id='word_1_165' title='bbox 1889 2098 2251 2175; x_wconf 84' lang='lat' dir='ltr'>industriae,</span> <span class='ocrx_word' id='word_1_166' title='bbox 2301 2101 2377 2162; x_wconf 88' lang='lat' dir='ltr'>ut</span> <span class='ocrx_word' id='word_1_167' title='bbox 2423 2120 2497 2163; x_wconf 82' lang='lat' dir='ltr'>ex</span> <span class='ocrx_word' id='word_1_168' title='bbox 2542 2100 2715 2165; x_wconf 87' lang='lat' dir='ltr'>lucro</span> <span class='ocrx_word' id='word_1_169' title='bbox 2765 2104 3179 2182; x_wconf 75' lang='lat' dir='ltr'>mercaturae,</span> 
     </span>
     <span class='ocr_line' id='line_1_19' title="bbox 707 2200 3178 2285; baseline 0.002 -20"><span class='ocrx_word' id='word_1_170' title='bbox 707 2201 1172 2285; x_wconf 84' lang='lat' dir='ltr'>negotiationis,</span> <span class='ocrx_word' id='word_1_171' title='bbox 1199 2201 1353 2264; x_wconf 90' lang='lat' dir='ltr'>artis</span> <span class='ocrx_word' id='word_1_172' title='bbox 1385 2200 1701 2277; x_wconf 82' lang='lat' dir='ltr'>exercitae,</span> <span class='ocrx_word' id='word_1_173' title='bbox 1729 2201 2144 2282; x_wconf 89' lang='lat' dir='ltr'>professionis,</span> <span class='ocrx_word' id='word_1_174' title='bbox 2178 2201 2460 2279; x_wconf 89' lang='lat' dir='ltr'>militiae,</span> <span class='ocrx_word' id='word_1_175' title='bbox 2488 2203 2859 2281; x_wconf 81' lang='lat' dir='ltr'>venationiS,</span> <span class='ocrx_word' id='word_1_176' title='bbox 2899 2205 3032 2269; x_wconf 90' lang='lat' dir='ltr'>ludi</span> <span class='ocrx_word' id='word_1_177' title='bbox 3059 2212 3178 2272; x_wconf 85' lang='lat' dir='ltr'>etc.</span> 
     </span>
     <span class='ocr_line' id='line_1_20' title="bbox 708 2303 3174 2386; baseline 0.003 -19"><span class='ocrx_word' id='word_1_178' title='bbox 708 2303 929 2381; x_wconf 81' lang='lat' dir='ltr'>Mixta,</span> <span class='ocrx_word' id='word_1_179' title='bbox 964 2322 1121 2385; x_wconf 87' lang='lat' dir='ltr'>quae</span> <span class='ocrx_word' id='word_1_180' title='bbox 1167 2304 1302 2367; x_wconf 88' lang='lat' dir='ltr'>erat</span> <span class='ocrx_word' id='word_1_181' title='bbox 1346 2303 1577 2386; x_wconf 90' lang='lat' dir='ltr'>partim</span> <span class='ocrx_word' id='word_1_182' title='bbox 1625 2322 1697 2368; x_wconf 79' lang='lat' dir='ltr'>ex</span> <span class='ocrx_word' id='word_1_183' title='bbox 1741 2303 2027 2386; x_wconf 77' lang='lat' dir='ltr'>praediiS,</span> <span class='ocrx_word' id='word_1_184' title='bbox 2062 2305 2291 2386; x_wconf 90' lang='lat' dir='ltr'>partim</span> <span class='ocrx_word' id='word_1_185' title='bbox 2339 2324 2410 2368; x_wconf 84' lang='lat' dir='ltr'>ex</span> <span class='ocrx_word' id='word_1_186' title='bbox 2448 2306 2779 2384; x_wconf 86' lang='lat' dir='ltr'>industria,</span> <span class='ocrx_word' id='word_1_187' title='bbox 2821 2309 3174 2376; x_wconf 89' lang='lat' dir='ltr'>cuiusmodi</span> 
     </span>
     <span class='ocr_line' id='line_1_21' title="bbox 710 2405 3167 2490; baseline 0.002 -20"><span class='ocrx_word' id='word_1_188' title='bbox 710 2408 857 2470; x_wconf 91' lang='lat' dir='ltr'>sunt</span> <span class='ocrx_word' id='word_1_189' title='bbox 902 2423 1060 2487; x_wconf 88' lang='lat' dir='ltr'>quae</span> <span class='ocrx_word' id='word_1_190' title='bbox 1105 2406 1477 2488; x_wconf 78' lang='lat' dir='ltr'>proveniunt</span> <span class='ocrx_word' id='word_1_191' title='bbox 1523 2423 1593 2469; x_wconf 85' lang='lat' dir='ltr'>ex</span> <span class='ocrx_word' id='word_1_192' title='bbox 1632 2405 2025 2481; x_wconf 83' lang='lat' dir='ltr'>animalibus,</span> <span class='ocrx_word' id='word_1_193' title='bbox 2060 2424 2274 2469; x_wconf 91' lang='lat' dir='ltr'>eorum</span> <span class='ocrx_word' id='word_1_194' title='bbox 2310 2406 2534 2485; x_wconf 82' lang='lat' dir='ltr'>foetus,</span> <span class='ocrx_word' id='word_1_195' title='bbox 2569 2408 2685 2486; x_wconf 88' lang='lat' dir='ltr'>lac,</span> <span class='ocrx_word' id='word_1_196' title='bbox 2715 2428 2981 2486; x_wconf 87' lang='lat' dir='ltr'>caseum,</span> <span class='ocrx_word' id='word_1_197' title='bbox 3019 2414 3167 2490; x_wconf 90' lang='lat' dir='ltr'>mel,</span> 
     </span>
     <span class='ocr_line' id='line_1_22' title="bbox 708 2507 3163 2594; baseline 0.004 -23"><span class='ocrx_word' id='word_1_198' title='bbox 708 2526 845 2572; x_wconf 89' lang='lat' dir='ltr'>cera</span> <span class='ocrx_word' id='word_1_199' title='bbox 892 2509 955 2571; x_wconf 91' lang='lat' dir='ltr'>et</span> <span class='ocrx_word' id='word_1_200' title='bbox 1003 2526 1187 2590; x_wconf 88' lang='lat' dir='ltr'>opera</span> <span class='ocrx_word' id='word_1_201' title='bbox 1232 2507 1433 2571; x_wconf 91' lang='lat' dir='ltr'>coloni</span> <span class='ocrx_word' id='word_1_202' title='bbox 1482 2508 1577 2571; x_wconf 82' lang='lat' dir='ltr'>vel</span> <span class='ocrx_word' id='word_1_203' title='bbox 1625 2508 2017 2572; x_wconf 88' lang='lat' dir='ltr'>conductoris</span> <span class='ocrx_word' id='word_1_204' title='bbox 2066 2509 2296 2592; x_wconf 87' lang='lat' dir='ltr'>praedii</span> <span class='ocrx_word' id='word_1_205' title='bbox 2337 2512 2452 2576; x_wconf 90' lang='lat' dir='ltr'>etc.</span> <span class='ocrx_word' id='word_1_206' title='bbox 2501 2512 2725 2594; x_wconf 87' lang='lat' dir='ltr'>ltaque</span> <span class='ocrx_word' id='word_1_207' title='bbox 2774 2514 2840 2579; x_wconf 89' lang='lat' dir='ltr'>in</span> <span class='ocrx_word' id='word_1_208' title='bbox 2883 2515 3163 2581; x_wconf 87' lang='lat' dir='ltr'>omnibus</span> 
     </span>
     <span class='ocr_line' id='line_1_23' title="bbox 707 2610 3174 2695; baseline 0.004 -22"><span class='ocrx_word' id='word_1_209' title='bbox 707 2610 1032 2688; x_wconf 83' lang='lat' dir='ltr'>fructibus,</span> <span class='ocrx_word' id='word_1_210' title='bbox 1067 2611 1174 2692; x_wconf 90' lang='lat' dir='ltr'>qui</span> <span class='ocrx_word' id='word_1_211' title='bbox 1204 2610 1382 2674; x_wconf 90' lang='lat' dir='ltr'>nobis</span> <span class='ocrx_word' id='word_1_212' title='bbox 1413 2610 1621 2675; x_wconf 82' lang='lat' dir='ltr'>divino</span> <span class='ocrx_word' id='word_1_213' title='bbox 1654 2630 1905 2675; x_wconf 87' lang='lat' dir='ltr'>munere</span> <span class='ocrx_word' id='word_1_214' title='bbox 1941 2612 2335 2695; x_wconf 88' lang='lat' dir='ltr'>proveniunt,</span> <span class='ocrx_word' id='word_1_215' title='bbox 2367 2613 2639 2678; x_wconf 89' lang='lat' dir='ltr'>decimae</span> <span class='ocrx_word' id='word_1_216' title='bbox 2671 2617 2999 2681; x_wconf 86' lang='lat' dir='ltr'>solvendae</span> <span class='ocrx_word' id='word_1_217' title='bbox 3027 2637 3174 2682; x_wconf 90' lang='lat' dir='ltr'>con-</span> 
     </span>
     <span class='ocr_line' id='line_1_24' title="bbox 709 2712 3180 2799; baseline 0.005 -24"><span class='ocrx_word' id='word_1_218' title='bbox 709 2712 1150 2777; x_wconf 90' lang='lat' dir='ltr'>stituebantur.</span> <span class='ocrx_word' id='word_1_219' title='bbox 1208 2738 1243 2770; x_wconf 82' lang='grc'><strong>«</strong></span> <span class='ocrx_word' id='word_1_220' title='bbox 1275 2713 1367 2777; x_wconf 89' lang='lat' dir='ltr'>De</span> <span class='ocrx_word' id='word_1_221' title='bbox 1413 2713 1698 2777; x_wconf 90' lang='lat' dir='ltr'>omnibus</span> <span class='ocrx_word' id='word_1_222' title='bbox 1744 2714 2043 2796; x_wconf 89' lang='lat' dir='ltr'>possessis</span> <span class='ocrx_word' id='word_1_223' title='bbox 2096 2714 2366 2779; x_wconf 88' lang='lat' dir='ltr'>decimae</span> <span class='ocrx_word' id='word_1_224' title='bbox 2414 2717 2564 2795; x_wconf 84' lang='lat' dir='ltr'>sunt</span> <span class='ocrx_word' id='word_1_225' title='bbox 2606 2718 3034 2799; x_wconf 79' lang='lat' dir='ltr'>solvendae»,</span> <span class='ocrx_word' id='word_1_226' title='bbox 3083 2722 3180 2787; x_wconf 87' lang='lat' dir='ltr'>ait</span> 
     </span>
     <span class='ocr_line' id='line_1_25' title="bbox 711 2814 1744 2897; baseline 0.002 -19"><span class='ocrx_word' id='word_1_227' title='bbox 711 2832 759 2878; x_wconf 78' lang='grc' dir='ltr'>ε.</span> <span class='ocrx_word' id='word_1_228' title='bbox 795 2814 1065 2879; x_wconf 88' lang='lat' dir='ltr'>Thomas</span> <span class='ocrx_word' id='word_1_229' title='bbox 1101 2819 1160 2879; x_wconf 81' lang='lat'>2.</span> <span class='ocrx_word' id='word_1_230' title='bbox 1196 2818 1256 2879; x_wconf 84' lang='lat'>2.</span> <span class='ocrx_word' id='word_1_231' title='bbox 1290 2835 1349 2897; x_wconf 92' lang='lat' dir='ltr'>q.</span> <span class='ocrx_word' id='word_1_232' title='bbox 1387 2816 1491 2880; x_wconf 81' lang='lat'>87.</span> <span class='ocrx_word' id='word_1_233' title='bbox 1530 2817 1647 2880; x_wconf 89' lang='lat' dir='ltr'>art.</span> <span class='ocrx_word' id='word_1_234' title='bbox 1685 2819 1744 2881; x_wconf 86' lang='lat'>2.</span> 
     </span>
    </p>

    <p class='ocr_par' dir='ltr' id='par_1_4' title="bbox 707 2915 3178 3187">
     <span class='ocr_line' id='line_1_26' title="bbox 797 2915 3173 3003; baseline 0.006 -25"><span class='ocrx_word' id='word_1_235' title='bbox 797 2915 889 2979; x_wconf 84' lang='lat' dir='ltr'>Ex</span> <span class='ocrx_word' id='word_1_236' title='bbox 918 2916 1014 2979; x_wconf 90' lang='lat' dir='ltr'>his</span> <span class='ocrx_word' id='word_1_237' title='bbox 1048 2917 1333 2980; x_wconf 87' lang='lat' dir='ltr'>omnibus</span> <span class='ocrx_word' id='word_1_238' title='bbox 1371 2918 1522 2982; x_wconf 90' lang='lat' dir='ltr'>olim</span> <span class='ocrx_word' id='word_1_239' title='bbox 1553 2918 1821 2984; x_wconf 89' lang='lat' dir='ltr'>decimas</span> <span class='ocrx_word' id='word_1_240' title='bbox 1853 2919 2134 2984; x_wconf 89' lang='lat' dir='ltr'>debuisse</span> <span class='ocrx_word' id='word_1_241' title='bbox 2165 2919 2322 2984; x_wconf 84' lang='lat' dir='ltr'>solvi</span> <span class='ocrx_word' id='word_1_242' title='bbox 2354 2923 2532 3003; x_wconf 87' lang='lat' dir='ltr'>patet</span> <span class='ocrx_word' id='word_1_243' title='bbox 2562 2940 2632 2986; x_wconf 81' lang='lat' dir='ltr'>ex</span> <span class='ocrx_word' id='word_1_244' title='bbox 2664 2923 2801 2987; x_wconf 88' lang='lat' dir='ltr'>iure</span> <span class='ocrx_word' id='word_1_245' title='bbox 2834 2922 3173 2993; x_wconf 84' lang='lat' dir='ltr'>Canonico.</span> 
     </span>
     <span class='ocr_line' id='line_1_27' title="bbox 708 3013 3178 3108; baseline 0.005 -27"><span class='ocrx_word' id='word_1_246' title='bbox 708 3013 800 3081; x_wconf 82' lang='lat' dir='ltr'>cf.</span> <span class='ocrx_word' id='word_1_247' title='bbox 833 3017 897 3081; x_wconf 91' lang='lat' dir='ltr'>in</span> <span class='ocrx_word' id='word_1_248' title='bbox 945 3018 1046 3082; x_wconf 88' lang='lat' dir='ltr'>tit.</span> <span class='ocrx_word' id='word_1_249' title='bbox 1080 3016 1155 3081; x_wconf 83' lang='lat' dir='ltr'>de</span> <span class='ocrx_word' id='word_1_250' title='bbox 1200 3017 1482 3082; x_wconf 77' lang='lat' dir='ltr'>Decimis</span> <span class='ocrx_word' id='word_1_251' title='bbox 1526 3041 1611 3086; x_wconf 89' lang='lat' dir='ltr'>cc.</span> <span class='ocrx_word' id='word_1_252' title='bbox 1649 3020 1972 3086; x_wconf 80' lang='lat' dir='ltr'>Pervenit.</span> <span class='ocrx_word' id='word_1_253' title='bbox 2023 3022 2326 3086; x_wconf 70' lang='lat' dir='ltr'>Nuucios,</span> <span class='ocrx_word' id='word_1_254' title='bbox 2385 3023 2714 3103; x_wconf 77' lang='lat' dir='ltr'>Quoniam.</span> <span class='ocrx_word' id='word_1_255' title='bbox 2752 3025 2870 3090; x_wconf 80' lang='lat' dir='ltr'>Ad</span> <span class='ocrx_word' id='word_1_256' title='bbox 2896 3028 3178 3108; x_wconf 71' lang='lat' dir='ltr'>Aposto-</span> 
     </span>
     <span class='ocr_line' id='line_1_28' title="bbox 707 3115 1678 3187; baseline 0.005 -5"><span class='ocrx_word' id='word_1_257' title='bbox 707 3115 882 3184; x_wconf 82' lang='lat' dir='ltr'>licae.</span> <span class='ocrx_word' id='word_1_258' title='bbox 918 3119 1070 3183; x_wconf 85' lang='lat' dir='ltr'>Non</span> <span class='ocrx_word' id='word_1_259' title='bbox 1106 3124 1215 3184; x_wconf 78' lang='lat' dir='ltr'>est.</span> <span class='ocrx_word' id='word_1_260' title='bbox 1250 3119 1316 3183; x_wconf 78' lang='lat' dir='ltr'><strong><em>A</em></strong></span> <span class='ocrx_word' id='word_1_261' title='bbox 1351 3120 1533 3185; x_wconf 80' lang='lat' dir='ltr'>nobis</span> <span class='ocrx_word' id='word_1_262' title='bbox 1562 3124 1678 3187; x_wconf 89' lang='lat' dir='ltr'>etc.</span> 
     </span>
    </p>

    <p class='ocr_par' dir='ltr' id='par_1_5' title="bbox 704 3221 3173 3617">
     <span class='ocr_line' id='line_1_29' title="bbox 796 3221 3172 3314; baseline 0.006 -29"><span class='ocrx_word' id='word_1_263' title='bbox 796 3221 1275 3305; x_wconf 83' lang='lat' dir='ltr'>Exeipiebantur</span> <span class='ocrx_word' id='word_1_264' title='bbox 1320 3222 1487 3288; x_wconf 88' lang='lat' dir='ltr'>olera</span> <span class='ocrx_word' id='word_1_265' title='bbox 1531 3224 1798 3303; x_wconf 85' lang='lat' dir='ltr'>minuta,</span> <span class='ocrx_word' id='word_1_266' title='bbox 1846 3245 2005 3308; x_wconf 86' lang='lat' dir='ltr'>quae</span> <span class='ocrx_word' id='word_1_267' title='bbox 2050 3227 2113 3291; x_wconf 87' lang='lat' dir='ltr'>in</span> <span class='ocrx_word' id='word_1_268' title='bbox 2162 3228 2359 3292; x_wconf 88' lang='lat' dir='ltr'>hortis</span> <span class='ocrx_word' id='word_1_269' title='bbox 2408 3229 2883 3314; x_wconf 82' lang='lat' dir='ltr'>colligebantur,</span> <span class='ocrx_word' id='word_1_270' title='bbox 2924 3252 3053 3298; x_wconf 91' lang='lat' dir='ltr'>non</span> <span class='ocrx_word' id='word_1_271' title='bbox 3093 3236 3172 3299; x_wconf 87' lang='lat' dir='ltr'>ad</span> 
     </span>
     <span class='ocr_line' id='line_1_30' title="bbox 704 3324 3173 3412; baseline 0.005 -24"><span class='ocrx_word' id='word_1_272' title='bbox 704 3325 969 3402; x_wconf 90' lang='lat' dir='ltr'>lucrum,</span> <span class='ocrx_word' id='word_1_273' title='bbox 1002 3325 1107 3390; x_wconf 87' lang='lat' dir='ltr'>sed</span> <span class='ocrx_word' id='word_1_274' title='bbox 1154 3324 1232 3389; x_wconf 90' lang='lat' dir='ltr'>ad</span> <span class='ocrx_word' id='word_1_275' title='bbox 1268 3327 1580 3409; x_wconf 88' lang='lat' dir='ltr'>quandam</span> <span class='ocrx_word' id='word_1_276' title='bbox 1613 3328 2004 3412; x_wconf 86' lang='lat' dir='ltr'>voluptatem</span> <span class='ocrx_word' id='word_1_277' title='bbox 2034 3333 2097 3394; x_wconf 88' lang='lat' dir='ltr'>et</span> <span class='ocrx_word' id='word_1_278' title='bbox 2128 3331 2634 3396; x_wconf 84' lang='lat' dir='ltr'>commoditatem</span> <span class='ocrx_word' id='word_1_279' title='bbox 2668 3333 2966 3400; x_wconf 88' lang='lat' dir='ltr'>familiae.</span> <span class='ocrx_word' id='word_1_280' title='bbox 3002 3337 3173 3402; x_wconf 89' lang='lat' dir='ltr'>Nam</span> 
     </span>
     <span class='ocr_line' id='line_1_31' title="bbox 712 3428 3172 3516; baseline 0.008 -30"><span class='ocrx_word' id='word_1_281' title='bbox 712 3452 749 3486; x_wconf 82' lang='lat'>«</span> <span class='ocrx_word' id='word_1_282' title='bbox 776 3428 1091 3493; x_wconf 87' lang='lat' dir='ltr'>honestati</span> <span class='ocrx_word' id='word_1_283' title='bbox 1137 3429 1565 3495; x_wconf 87' lang='lat' dir='ltr'>ministrorum</span> <span class='ocrx_word' id='word_1_284' title='bbox 1604 3432 1719 3495; x_wconf 90' lang='lat' dir='ltr'>Dei</span> <span class='ocrx_word' id='word_1_285' title='bbox 1765 3451 1887 3496; x_wconf 90' lang='lat' dir='ltr'>non</span> <span class='ocrx_word' id='word_1_286' title='bbox 1935 3434 2241 3510; x_wconf 84' lang='lat' dir='ltr'>convenit,</span> <span class='ocrx_word' id='word_1_287' title='bbox 2276 3434 2351 3497; x_wconf 88' lang='lat' dir='ltr'>ut</span> <span class='ocrx_word' id='word_1_288' title='bbox 2396 3436 2587 3498; x_wconf 89' lang='lat' dir='ltr'>etiam</span> <span class='ocrx_word' id='word_1_289' title='bbox 2634 3437 2912 3516; x_wconf 88' lang='lat' dir='ltr'>minima,</span> <span class='ocrx_word' id='word_1_290' title='bbox 2949 3442 3172 3506; x_wconf 81' lang='lat' dir='ltr'>exacta</span> 
     </span>
     <span class='ocr_line' id='line_1_32' title="bbox 704 3529 2851 3617; baseline 0.004 -24"><span class='ocrx_word' id='word_1_291' title='bbox 704 3529 1049 3614; x_wconf 82' lang='lat' dir='ltr'>diligentia,</span> <span class='ocrx_word' id='word_1_292' title='bbox 1087 3531 1407 3612; x_wconf 87' lang='lat' dir='ltr'>requirant</span> <span class='ocrx_word' id='word_1_293' title='bbox 1438 3556 1501 3606; x_wconf 80' lang='lat'>›,</span> <span class='ocrx_word' id='word_1_294' title='bbox 1536 3533 1627 3597; x_wconf 88' lang='lat' dir='ltr'>ait</span> <span class='ocrx_word' id='word_1_295' title='bbox 1663 3552 1712 3598; x_wconf 92' lang='lat' dir='ltr'>s.</span> <span class='ocrx_word' id='word_1_296' title='bbox 1748 3534 2021 3599; x_wconf 87' lang='lat' dir='ltr'>Thomas</span> <span class='ocrx_word' id='word_1_297' title='bbox 2061 3537 2121 3598; x_wconf 84' lang='lat'>2.</span> <span class='ocrx_word' id='word_1_298' title='bbox 2159 3538 2217 3599; x_wconf 86' lang='lat'>2.</span> <span class='ocrx_word' id='word_1_299' title='bbox 2253 3556 2311 3617; x_wconf 94' lang='lat' dir='ltr'>q.</span> <span class='ocrx_word' id='word_1_300' title='bbox 2348 3537 2451 3599; x_wconf 88' lang='grc'>87.</span> <span class='ocrx_word' id='word_1_301' title='bbox 2489 3557 2543 3600; x_wconf 90' lang='lat' dir='ltr'>a.</span> <span class='ocrx_word' id='word_1_302' title='bbox 2581 3539 2639 3600; x_wconf 85' lang='lat'>2.</span> <span class='ocrx_word' id='word_1_303' title='bbox 2678 3539 2755 3602; x_wconf 91' lang='lat' dir='ltr'>ad</span> <span class='ocrx_word' id='word_1_304' title='bbox 2790 3540 2851 3602; x_wconf 90' lang='lat'>3.</span> 
     </span>
    </p>

    <p class='ocr_par' dir='ltr' id='par_1_6' title="bbox 704 3633 3171 3906">
     <span class='ocr_line' id='line_1_33' title="bbox 797 3633 3171 3726; baseline 0.006 -30"><span class='ocrx_word' id='word_1_305' title='bbox 797 3633 1030 3697; x_wconf 87' lang='lat' dir='ltr'>Deinde</span> <span class='ocrx_word' id='word_1_306' title='bbox 1062 3653 1203 3699; x_wconf 86' lang='lat' dir='ltr'>vero</span> <span class='ocrx_word' id='word_1_307' title='bbox 1236 3634 1471 3699; x_wconf 90' lang='lat' dir='ltr'>decima</span> <span class='ocrx_word' id='word_1_308' title='bbox 1507 3638 1847 3718; x_wconf 90' lang='lat' dir='ltr'>personalis</span> <span class='ocrx_word' id='word_1_309' title='bbox 1880 3657 1987 3720; x_wconf 91' lang='lat' dir='ltr'>per</span> <span class='ocrx_word' id='word_1_310' title='bbox 2017 3639 2521 3704; x_wconf 88' lang='lat' dir='ltr'>consuetudinem</span> <span class='ocrx_word' id='word_1_311' title='bbox 2554 3641 2860 3726; x_wconf 88' lang='lat' dir='ltr'>abrogata</span> <span class='ocrx_word' id='word_1_312' title='bbox 2893 3643 3037 3710; x_wconf 86' lang='lat' dir='ltr'>fuit.</span> <span class='ocrx_word' id='word_1_313' title='bbox 3075 3645 3171 3712; x_wconf 90' lang='lat' dir='ltr'>Cf.</span> 
     </span>
     <span class='ocr_line' id='line_1_34' title="bbox 706 3734 3171 3822; baseline 0.007 -25"><span class='ocrx_word' id='word_1_314' title='bbox 706 3734 1070 3798; x_wconf 86' lang='lat' dir='ltr'>Tamburini</span> <span class='ocrx_word' id='word_1_315' title='bbox 1104 3735 1180 3799; x_wconf 85' lang='lat' dir='ltr'>de</span> <span class='ocrx_word' id='word_1_316' title='bbox 1212 3735 1578 3815; x_wconf 75' lang='lat' dir='ltr'>Praeceptis</span> <span class='ocrx_word' id='word_1_317' title='bbox 1602 3737 1922 3802; x_wconf 71' lang='lat' dir='ltr'>Ecclesiae</span> <span class='ocrx_word' id='word_1_318' title='bbox 1955 3759 2154 3822; x_wconf 91' lang='lat' dir='ltr'>praec.</span> <span class='ocrx_word' id='word_1_319' title='bbox 2184 3741 2242 3804; x_wconf 90' lang='lat'>5.</span> <span class='ocrx_word' id='word_1_320' title='bbox 2271 3762 2329 3804; x_wconf 92' lang='lat' dir='ltr'>n.</span> <span class='ocrx_word' id='word_1_321' title='bbox 2359 3743 2418 3805; x_wconf 87' lang='lat'>5.</span> <span class='ocrx_word' id='word_1_322' title='bbox 2455 3744 2518 3806; x_wconf 91' lang='lat' dir='ltr'>et</span> <span class='ocrx_word' id='word_1_323' title='bbox 2555 3741 2920 3810; x_wconf 88' lang='lat' dir='ltr'>Salmantic.</span> <span class='ocrx_word' id='word_1_324' title='bbox 2950 3749 3031 3811; x_wconf 86' lang='lat' dir='ltr'>tr.</span> <span class='ocrx_word' id='word_1_325' title='bbox 3066 3752 3171 3815; x_wconf 83' lang='lat'>18.</span> 
     </span>
     <span class='ocr_line' id='line_1_35' title="bbox 704 3837 2085 3906; baseline 0.006 -8"><span class='ocrx_word' id='word_1_326' title='bbox 704 3854 758 3899; x_wconf 89' lang='lat' dir='ltr'>c.</span> <span class='ocrx_word' id='word_1_327' title='bbox 784 3837 845 3898; x_wconf 87' lang='lat'>3.</span> <span class='ocrx_word' id='word_1_328' title='bbox 873 3855 931 3898; x_wconf 90' lang='lat' dir='ltr'>n.</span> <span class='ocrx_word' id='word_1_329' title='bbox 970 3837 1073 3898; x_wconf 81' lang='lat'>56.</span> <span class='ocrx_word' id='word_1_330' title='bbox 1109 3840 1172 3899; x_wconf 88' lang='lat' dir='ltr'>et</span> <span class='ocrx_word' id='word_1_331' title='bbox 1202 3838 1484 3903; x_wconf 84' lang='lat' dir='ltr'>Lessium</span> <span class='ocrx_word' id='word_1_332' title='bbox 1516 3840 1558 3903; x_wconf 94' lang='lat' dir='ltr'>l.</span> <span class='ocrx_word' id='word_1_333' title='bbox 1589 3843 1647 3904; x_wconf 83' lang='lat'>2.</span> <span class='ocrx_word' id='word_1_334' title='bbox 1675 3859 1727 3904; x_wconf 89' lang='lat' dir='ltr'>c.</span> <span class='ocrx_word' id='word_1_335' title='bbox 1758 3842 1863 3905; x_wconf 83' lang='lat'>39.</span> <span class='ocrx_word' id='word_1_336' title='bbox 1889 3861 1950 3906; x_wconf 91' lang='lat' dir='ltr'>n.</span> <span class='ocrx_word' id='word_1_337' title='bbox 1983 3843 2085 3905; x_wconf 83' lang='lat'>12.</span> 
     </span>
    </p>

    <p class='ocr_par' dir='ltr' id='par_1_7' title="bbox 700 3936 3176 4638">
     <span class='ocr_line' id='line_1_36' title="bbox 794 3936 3176 4026; baseline 0.008 -26"><span class='ocrx_word' id='word_1_338' title='bbox 794 3936 1093 4017; x_wconf 83' lang='lat' dir='ltr'>Quocirca</span> <span class='ocrx_word' id='word_1_339' title='bbox 1123 3940 1339 4022; x_wconf 90' lang='lat' dir='ltr'>regula</span> <span class='ocrx_word' id='word_1_340' title='bbox 1371 3941 1455 4005; x_wconf 91' lang='lat' dir='ltr'>sit</span> <span class='ocrx_word' id='word_1_341' title='bbox 1490 3944 1816 4025; x_wconf 88' lang='lat' dir='ltr'>generalis,</span> <span class='ocrx_word' id='word_1_342' title='bbox 1852 3944 1943 4007; x_wconf 90' lang='lat' dir='ltr'>ait</span> <span class='ocrx_word' id='word_1_343' title='bbox 1974 3944 2339 4009; x_wconf 86' lang='lat' dir='ltr'>Tamburini</span> <span class='ocrx_word' id='word_1_344' title='bbox 2367 3945 2517 4010; x_wconf 89' lang='lat' dir='ltr'>ibid.</span> <span class='ocrx_word' id='word_1_345' title='bbox 2551 3969 2611 4013; x_wconf 92' lang='lat' dir='ltr'>n.</span> <span class='ocrx_word' id='word_1_346' title='bbox 2649 3950 2732 4026; x_wconf 89' lang='grc'>6.,</span> <span class='ocrx_word' id='word_1_347' title='bbox 2769 3949 3042 4017; x_wconf 87' lang='lat' dir='ltr'>decimas</span> <span class='ocrx_word' id='word_1_348' title='bbox 3075 3955 3176 4020; x_wconf 91' lang='lat' dir='ltr'>de-</span> 
     </span>
     <span class='ocr_line' id='line_1_37' title="bbox 702 4040 3170 4134; baseline 0.007 -29"><span class='ocrx_word' id='word_1_349' title='bbox 702 4040 833 4105; x_wconf 89' lang='lat' dir='ltr'>beri</span> <span class='ocrx_word' id='word_1_350' title='bbox 862 4040 1170 4105; x_wconf 86' lang='lat' dir='ltr'>Ecclesiae</span> <span class='ocrx_word' id='word_1_351' title='bbox 1203 4040 1277 4105; x_wconf 89' lang='lat' dir='ltr'>de</span> <span class='ocrx_word' id='word_1_352' title='bbox 1308 4044 1593 4108; x_wconf 90' lang='lat' dir='ltr'>omnibus</span> <span class='ocrx_word' id='word_1_353' title='bbox 1623 4045 1930 4110; x_wconf 87' lang='lat' dir='ltr'>fructibus</span> <span class='ocrx_word' id='word_1_354' title='bbox 1962 4048 2024 4109; x_wconf 88' lang='lat' dir='ltr'>et</span> <span class='ocrx_word' id='word_1_355' title='bbox 2048 4048 2448 4129; x_wconf 75' lang='lat' dir='ltr'>proventibus</span> <span class='ocrx_word' id='word_1_356' title='bbox 2481 4069 2552 4113; x_wconf 82' lang='lat' dir='ltr'>ex</span> <span class='ocrx_word' id='word_1_357' title='bbox 2590 4051 2768 4115; x_wconf 90' lang='lat' dir='ltr'>bonis</span> <span class='ocrx_word' id='word_1_358' title='bbox 2804 4055 3170 4134; x_wconf 84' lang='lat' dir='ltr'>mobilibus,</span> 
     </span>
     <span class='ocr_line' id='line_1_38' title="bbox 703 4142 3169 4238; baseline 0.006 -33"><span class='ocrx_word' id='word_1_359' title='bbox 703 4143 914 4224; x_wconf 87' lang='lat' dir='ltr'>qualia</span> <span class='ocrx_word' id='word_1_360' title='bbox 961 4144 1109 4207; x_wconf 92' lang='lat' dir='ltr'>sunt</span> <span class='ocrx_word' id='word_1_361' title='bbox 1156 4142 1451 4208; x_wconf 88' lang='lat' dir='ltr'>animalia</span> <span class='ocrx_word' id='word_1_362' title='bbox 1498 4149 1561 4208; x_wconf 91' lang='lat' dir='ltr'>et</span> <span class='ocrx_word' id='word_1_363' title='bbox 1592 4166 1663 4210; x_wconf 83' lang='lat' dir='ltr'>ex</span> <span class='ocrx_word' id='word_1_364' title='bbox 1708 4147 2150 4225; x_wconf 87' lang='lat' dir='ltr'>immobilibus,</span> <span class='ocrx_word' id='word_1_365' title='bbox 2185 4148 2396 4230; x_wconf 87' lang='lat' dir='ltr'>qualia</span> <span class='ocrx_word' id='word_1_366' title='bbox 2434 4153 2584 4215; x_wconf 91' lang='lat' dir='ltr'>sunt</span> <span class='ocrx_word' id='word_1_367' title='bbox 2615 4152 2856 4230; x_wconf 79' lang='lat' dir='ltr'>domuS,</span> <span class='ocrx_word' id='word_1_368' title='bbox 2892 4159 3169 4238; x_wconf 85' lang='lat' dir='ltr'>praedia,</span> 
     </span>
     <span class='ocr_line' id='line_1_39' title="bbox 702 4243 3175 4333; baseline 0.007 -25"><span class='ocrx_word' id='word_1_369' title='bbox 702 4245 970 4326; x_wconf 89' lang='lat' dir='ltr'>piscinae</span> <span class='ocrx_word' id='word_1_370' title='bbox 1001 4247 1120 4309; x_wconf 89' lang='lat' dir='ltr'>etc.</span> <span class='ocrx_word' id='word_1_371' title='bbox 1160 4270 1197 4304; x_wconf 82' lang='lat'><strong>«</strong></span> <span class='ocrx_word' id='word_1_372' title='bbox 1228 4243 1387 4310; x_wconf 84' lang='lat' dir='ltr'>Cum</span> <span class='ocrx_word' id='word_1_373' title='bbox 1432 4247 1507 4309; x_wconf 90' lang='lat' dir='ltr'>de</span> <span class='ocrx_word' id='word_1_374' title='bbox 1538 4249 1776 4313; x_wconf 89' lang='lat' dir='ltr'>cunctis</span> <span class='ocrx_word' id='word_1_375' title='bbox 1825 4250 2073 4313; x_wconf 91' lang='lat' dir='ltr'>omnino</span> <span class='ocrx_word' id='word_1_376' title='bbox 2123 4251 2523 4333; x_wconf 87' lang='lat' dir='ltr'>proventibus</span> <span class='ocrx_word' id='word_1_377' title='bbox 2574 4253 2847 4320; x_wconf 88' lang='lat' dir='ltr'>decimae</span> <span class='ocrx_word' id='word_1_378' title='bbox 2882 4260 3011 4322; x_wconf 91' lang='lat' dir='ltr'>sint</span> <span class='ocrx_word' id='word_1_379' title='bbox 3043 4261 3175 4325; x_wconf 86' lang='lat' dir='ltr'>red·</span> 
     </span>
     <span class='ocr_line' id='line_1_40' title="bbox 701 4347 3174 4434; baseline 0.007 -23"><span class='ocrx_word' id='word_1_380' title='bbox 701 4347 949 4424; x_wconf 88' lang='lat' dir='ltr'>dendae,</span> <span class='ocrx_word' id='word_1_381' title='bbox 985 4348 1149 4412; x_wconf 88' lang='lat' dir='ltr'>sicut</span> <span class='ocrx_word' id='word_1_382' title='bbox 1195 4350 1450 4414; x_wconf 87' lang='lat' dir='ltr'>colonus</span> <span class='ocrx_word' id='word_1_383' title='bbox 1498 4348 1571 4412; x_wconf 88' lang='lat' dir='ltr'>de</span> <span class='ocrx_word' id='word_1_384' title='bbox 1618 4355 1794 4432; x_wconf 84' lang='lat' dir='ltr'>parte</span> <span class='ocrx_word' id='word_1_385' title='bbox 1839 4351 2177 4428; x_wconf 84' lang='lat' dir='ltr'>fructuum,</span> <span class='ocrx_word' id='word_1_386' title='bbox 2228 4369 2386 4434; x_wconf 86' lang='lat' dir='ltr'>quae</span> <span class='ocrx_word' id='word_1_387' title='bbox 2432 4354 2551 4417; x_wconf 89' lang='lat' dir='ltr'>sibi</span> <span class='ocrx_word' id='word_1_388' title='bbox 2598 4361 2879 4422; x_wconf 84' lang='lat' dir='ltr'>remanet</span> <span class='ocrx_word' id='word_1_389' title='bbox 2924 4362 3174 4428; x_wconf 86' lang='lat' dir='ltr'>ratione</span> 
     </span>
     <span class='ocr_line' id='line_1_41' title="bbox 701 4449 3174 4540; baseline 0.007 -28"><span class='ocrx_word' id='word_1_390' title='bbox 701 4449 1001 4524; x_wconf 87' lang='lat' dir='ltr'>culturae,</span> <span class='ocrx_word' id='word_1_391' title='bbox 1038 4450 1124 4512; x_wconf 87' lang='lat' dir='ltr'>sic</span> <span class='ocrx_word' id='word_1_392' title='bbox 1155 4455 1217 4514; x_wconf 90' lang='lat' dir='ltr'>et</span> <span class='ocrx_word' id='word_1_393' title='bbox 1250 4451 1536 4515; x_wconf 87' lang='lat' dir='ltr'>dominus</span> <span class='ocrx_word' id='word_1_394' title='bbox 1569 4451 1641 4516; x_wconf 89' lang='lat' dir='ltr'>de</span> <span class='ocrx_word' id='word_1_395' title='bbox 1680 4453 1980 4534; x_wconf 84' lang='lat' dir='ltr'>portione,</span> <span class='ocrx_word' id='word_1_396' title='bbox 2014 4472 2204 4536; x_wconf 88' lang='lat' dir='ltr'>quam</span> <span class='ocrx_word' id='word_1_397' title='bbox 2239 4454 2497 4536; x_wconf 84' lang='lat' dir='ltr'>percipit</span> <span class='ocrx_word' id='word_1_398' title='bbox 2535 4458 2781 4523; x_wconf 85' lang='lat' dir='ltr'>ratione</span> <span class='ocrx_word' id='word_1_399' title='bbox 2813 4461 3035 4540; x_wconf 87' lang='lat' dir='ltr'>terrae,</span> <span class='ocrx_word' id='word_1_400' title='bbox 3073 4465 3174 4529; x_wconf 88' lang='lat' dir='ltr'>de—</span> 
     </span>
     <span class='ocr_line' id='line_1_42' title="bbox 700 4552 3172 4638; baseline 0.008 -24"><span class='ocrx_word' id='word_1_401' title='bbox 700 4552 927 4615; x_wconf 87' lang='lat' dir='ltr'>cimam</span> <span class='ocrx_word' id='word_1_402' title='bbox 958 4552 1204 4617; x_wconf 87' lang='lat' dir='ltr'>reddere</span> <span class='ocrx_word' id='word_1_403' title='bbox 1238 4555 1365 4618; x_wconf 86' lang='lat' dir='ltr'>sine</span> <span class='ocrx_word' id='word_1_404' title='bbox 1403 4555 1813 4619; x_wconf 89' lang='lat' dir='ltr'>diminutione</span> <span class='ocrx_word' id='word_1_405' title='bbox 1859 4558 2108 4620; x_wconf 88' lang='lat' dir='ltr'>tenetur</span> <span class='ocrx_word' id='word_1_406' title='bbox 2140 4582 2200 4619; x_wconf 78' lang='grc'>».</span> <span class='ocrx_word' id='word_1_407' title='bbox 2237 4554 2304 4618; x_wconf 81' lang='lat' dir='ltr'>C.</span> <span class='ocrx_word' id='word_1_408' title='bbox 2342 4555 2480 4618; x_wconf 73' lang='lat' dir='ltr'>Tua</span> <span class='ocrx_word' id='word_1_409' title='bbox 2512 4559 2715 4638; x_wconf 58' lang='lat' dir='ltr'>nobis,</span> <span class='ocrx_word' id='word_1_410' title='bbox 2748 4562 2826 4626; x_wconf 83' lang='lat' dir='ltr'>de</span> <span class='ocrx_word' id='word_1_411' title='bbox 2863 4563 3172 4634; x_wconf 63' lang='lat' dir='ltr'>Decimi-s.</span> 
     </span>
    </p>
   </div>
  </div>
 </body>
</html>
