3497 5147
669 364 741 417 20
1049 376 1261 417 macr.
1300 377 1355 416 v.
1393 375 1554 416 sssc'r.
1593 376 1631 414 1.
1671 374 1757 414 nn
1793 372 2166 415 PnAnonPrrs
2202 374 2391 414 mom.
2432 372 2635 416 caru-r
2675 375 2742 415 11.
3018 362 3130 439 [23]

671 474 806 537 tute
842 472 1002 549 fidei,
1037 474 1212 537 cuius
1258 473 1582 556 praecepto
1630 475 1931 536 tenemur.
1966 470 2141 551 Quod
2174 470 2411 536 Auctor
2434 470 2596 536 dicit
2625 470 2793 535 duos
2837 492 3039 551 casus,
3067 476 3131 538 in

669 575 881 660 tellige
947 578 1013 638 1⁰
1047 595 1261 640 casum
1307 577 1542 659 primae
1602 574 1966 641 sufficientis
2022 574 2462 657 propositionis
2511 574 2924 640 articulorum
2984 577 3124 642 fidei

668 679 805 742 tum
850 697 960 761 pro
1009 678 1239 742 adultis
1286 678 1635 742 infidelibus
1681 679 1821 742 tum
1852 696 1962 760 pro
1995 677 2201 759 pueris
2232 676 2596 741 catholicis:
2649 679 2718 741 2⁰
2751 696 2966 742 casum
2995 681 3126 744 ten-

667 781 946 845 tationis.

1493 916 1593 982 De
1623 917 1776 981 aliis
1808 917 2272 982 tentationibus

753 1069 876 1144 29.
916 1074 1086 1138 Haec
1116 1067 1395 1139 doctrin'a
1427 1076 1523 1139 est
1552 1075 1899 1139 communis
1930 1094 2040 1158 pro
2081 1075 2249 1140 omni
2286 1095 2350 1140 re
2382 1078 2668 1159 precepta
2705 1078 2769 1140 et
2798 1095 2921 1142 non
2951 1099 3121 1162 prae-

661 1177 858 1258 cepta.
892 1175 1055 1240 Nam
1087 1177 1141 1240 si
1172 1177 1267 1240 est
1298 1177 1550 1241 unicum
1578 1177 1853 1242 medium
1876 1179 1941 1242 et
1970 1179 2184 1243 teneor
2215 1177 2293 1241 ad
2323 1177 2536 1255 finem,
2572 1179 2770 1260 patet,
2796 1199 2895 1244 me
2926 1183 3120 1246 teneri

663 1279 740 1342 ad
770 1278 928 1342 illud
957 1278 1250 1343 medium.

1351 1418 1451 1483 De
1468 1419 1887 1500 professionis
1917 1420 2069 1501 fidei
2097 1423 2429 1486 occasione.

748 1571 875 1645 30.
902 1576 1244 1641 Discrimen
1276 1578 1372 1641 est
1395 1578 1555 1641 inter
1577 1577 1741 1641 hunc
1771 1595 1984 1641 casum
2015 1579 2079 1641 et
2103 1577 2297 1642 alium
2323 1579 2534 1644 eodem
2563 1600 2623 1644 n.
2654 1582 2711 1645 5.
2732 1584 3116 1660 contentum,

658 1675 732 1740 de
764 1678 1105 1742 necessario
1138 1679 1283 1743 actu
1318 1677 1460 1741 fidei
1494 1679 1571 1743 ob
1595 1678 1792 1743 alium
1815 1681 2026 1743 actum
2058 1682 2486 1764 praeceptum3
2528 1681 2674 1764 quia
2699 1683 2786 1747 ibi
2818 1685 2913 1747 est
2937 1685 3116 1749 actus

657 1778 800 1844 fidei
828 1779 1128 1857 formalis,
1163 1781 1297 1845 heic
1329 1782 1505 1845 actus
1544 1799 1673 1845 esse
1711 1782 1920 1863 potest
1948 1800 2114 1846 mere
2145 1782 2453 1847 virtualis.

1145 1955 1247 2018 De
1282 1959 1426 2019 actu
1455 1953 1607 2035 fidei
1636 1954 1708 2018 ob
1745 1953 1947 2019 alium
1975 1959 2184 2019 actum
2198 1961 2621 2036 praeceptum.

745 2106 845 2179 31.
880 2111 1073 2175 Porro
1110 2110 1453 2175 notandum
1488 2111 1556 2174 1⁰
1588 2113 1798 2177 actum
1830 2111 1975 2176 fidei
2005 2111 2069 2176 in
2101 2112 2200 2176 his
2233 2112 2547 2196 adiunctis
2579 2113 2796 2178 referri
2837 2115 2912 2178 ad
2958 2116 3116 2181 illud

656 2213 965 2278 obiectum
994 2214 1316 2279 materiale
1340 2232 1447 2277 seu
1482 2214 1559 2277 ad
1581 2214 1763 2278 illum
1796 2212 2132 2278 articulum
2170 2213 2330 2291 fidei,
2370 2216 2480 2297 qui
2514 2216 3007 2298 praerequiritur
3037 2219 3112 2282 ad

653 2316 1011 2382 exercitium
1058 2316 1315 2381 alterius
1361 2316 1635 2394 virtutis,⁹
1685 2337 1742 2380 v.
1799 2337 1892 2401 gr.
1932 2315 2082 2381 fides
2139 2317 2527 2399 praesentiae
2591 2316 2829 2383 Christi
2875 2320 2939 2384 in
2998 2320 3117 2385 Eu-

653 2420 947 2483 charistia
978 2437 1088 2503 pro
1121 2439 1211 2497 eo,
1253 2420 1360 2502 qui
1392 2420 1471 2484 ad
1494 2417 2006 2484 Communionem
2033 2418 2299 2484 accedit:
2333 2418 2485 2483 fides
2517 2420 2829 2502 passionis
2861 2419 3112 2502 Christi,

651 2523 725 2588 ut
770 2541 1011 2588 crucem
1056 2541 1354 2588 reverear.
1406 2524 1476 2587 20
1523 2522 1677 2587 Heio
1722 2541 1846 2587 non
1891 2522 2160 2607 intelligi
2193 2523 2405 2587 actum
2443 2522 2784 2588 formalem
2815 2523 2975 2602 fidei,
3011 2524 3116 2589 sed

650 2629 881 2711 requiri
911 2629 1318 2712 implicitum:
1369 2629 1442 2695 de
1488 2647 1611 2712 quo
1658 2646 1838 2693 nemo
1886 2627 2066 2691 debet
2116 2646 2247 2692 esse
2299 2627 2626 2705 sollicitus,
2688 2629 2834 2710 quia
2881 2647 3118 2711 semper

654 2729 847 2794 adest.

738 2831 901 2896 Hinc
946 2835 1138 2916 patet,
1190 2835 1297 2898 abs
1345 2853 1408 2898 re
1457 2851 1604 2910 esse,
1654 2831 1820 2915 quod
1868 2831 2120 2914 quidam
2170 2832 2246 2896 ab
2296 2832 2729 2897 accedentibus
2778 2833 2853 2896 ad
2902 2832 3111 2896 Sacra-

651 2937 931 2999 mentum
990 2936 1415 3001 Poenitentiae
1476 2936 1727 3019 exigant
1775 2937 1952 3000 actus
2011 2935 2321 2999 virtutum
2358 2935 2810 3017 theologalium
2849 2935 2913 2998 et
2967 2934 3110 2999 fidei

648 3037 808 3101 circa
847 3038 1163 3116 articulos,
1198 3038 1400 3120 quiin
1432 3039 1728 3102 consueta
1760 3036 2028 3101 formula
2061 3037 2459 3102 continentur
2505 3037 2568 3099 et
2613 3035 2720 3117 qui
2767 3055 2873 3118 per
2920 3054 2985 3100 se
3032 3037 3109 3101 ad

643 3142 1100 3205 sacramentum
1137 3140 1563 3206 Poenitentiae
1601 3159 1726 3205 non
1759 3141 2060 3222 spectant.
2088 3137 2262 3218 Quod
2292 3140 2356 3202 et
2384 3137 2546 3203 Viva
2574 3140 2756 3203 notat
2788 3139 2850 3203 in
2881 3139 2938 3202 1.
2964 3138 3113 3204 Pro-

648 3243 829 3324 posit.
864 3243 1038 3307 Alex.
1071 3243 1214 3307 VII.
1248 3264 1307 3306 n.
1350 3245 1450 3306 10.

1600 3379 1702 3444 De
1734 3378 1891 3444 hora
1920 3379 2159 3442 mortis,

737 3542 864 3616 32.
900 3544 1168 3611 Sanchez
1214 3546 1256 3609 l.
1307 3566 1357 3609 c.
1392 3565 1442 3609 c.
1496 3546 1553 3608 1.
1603 3566 1662 3608 n.
1699 3546 1760 3609 3.
1810 3544 2116 3627 duplicem
2165 3543 2448 3629 assignat
2493 3546 2799 3610 rationem
2847 3546 2995 3626 (vid.
3047 3549 3110 3610 et

650 3648 849 3713 Diana
881 3651 1031 3714 tom.
1068 3648 1128 3713 6.
1178 3652 1258 3713 tr.
1296 3649 1353 3711 1.
1402 3667 1515 3712 reS.
1569 3649 1626 3711 1.
1670 3668 1728 3710 n.
1781 3648 1892 3729 2.)‚
1937 3647 2004 3710 1ο
2049 3647 2124 3710 ut
2171 3650 2316 3711 actu
2362 3647 2503 3711 fidei
2550 3647 2690 3728 quis
2737 3666 2801 3710 se
2856 3648 3110 3712 tueatur

648 3751 939 3815 adversus
976 3751 1292 3816 daemonis
1338 3750 1713 3815 tentationes
1745 3750 1809 3813 et
1849 3751 1918 3812 2⁰
1948 3750 2287 3834 coniungat
2319 3767 2382 3812 se
2414 3768 2555 3812 cum
2605 3748 2734 3811 Deo
2783 3767 2890 3830 per
2920 3749 3107 3815 huius

646 3853 899 3916 virtutis
948 3854 1176 3930 actum,
1234 3873 1392 3935 quae
1439 3854 1533 3917 est
1593 3852 2064 3916 fundamentum
2107 3853 2170 3916 et
2214 3850 2388 3914 radix
2439 3849 2722 3914 omnium
2774 3851 3103 3918 virtutum.

646 3956 823 4019 Hanc
844 3956 1151 4021 rationem
1184 3957 1361 4020 affert
1393 3957 1456 4020 et
1486 3955 1660 4039 Gury
1694 3957 1846 4018 tom.
1888 3956 1944 4017 1.
1983 3956 2040 4037 ξ.
2082 3954 2260 4028 188.;
2298 3951 2401 4016 sed
2434 3953 2530 4016 est
2552 3951 2819 4017 infirma.
2846 3953 2932 4019 At
2956 3955 3106 4018 dicit

646 4076 774 4122 esse
807 4057 1250 4142 obligationem
1275 4059 1457 4120 ‘iuxta
1486 4056 1817 4137 quosdam:
1851 4080 1886 4115 ⁴<
1904 4054 2211 4132 Ceterum,
2240 4053 2455 4120 subdit
2484 4054 2647 4119 idem
2675 4053 2964 4134 Sanchez‚
2989 4058 3106 4121 hoc

646 4180 763 4224 non
795 4161 998 4244 placet
1031 4159 1111 4243 (si
1160 4162 1386 4244 agatur
1418 4159 1490 4223 de
1527 4162 1853 4242 praecepto
1901 4159 2042 4223 fidei
2077 4179 2198 4238 per
2239 4177 2310 4249 ¹se
2358 4157 2420 4220 et
2467 4157 2540 4222 de
2587 4157 2704 4223 fide
2752 4157 3101 4242 eoeplicita);

646 4263 791 4345 quia
837 4264 1010 4328 nulla
1057 4263 1296 4326 ratione
1346 4263 1458 4326 aut
1503 4262 1679 4325 textu
1712 4261 2029 4345 probatur.
2080 4260 2162 4324 Et
2206 4258 2342 4324 ideo
2396 4279 2468 4325 ex
2514 4261 2630 4326 hac
2676 4261 2809 4325 sola
2857 4262 3106 4327 articuli

643 4367 862 4432 mortis
910 4367 1149 4431 ratione
1196 4384 1317 4429 non
1366 4365 1678 4429 teneretur
1724 4364 2033 4446 quispiam
2096 4362 2172 4426 ad
2233 4362 2376 4428 fidei
2438 4365 2648 4428 actum
2718 4363 3101 4444 eliciendum,

644 4470 760 4534 nisi
786 4468 1214 4534 concurrerent
1239 4466 1396 4531 aliae
1421 4464 1942 4542 circumstantiae,
1978 4484 2135 4547 quae
2168 4465 2314 4530 tunc
2351 4466 2718 4552 obligarent,
2752 4466 2846 4528 uti
2886 4486 3105 4546 graves

642 4573 779 4636 fidei
821 4572 1195 4636 tentationes
1228 4594 1290 4630 2».
