3497 5147
396 316 584 394 [1157]
1404 332 1556 380 Qun>
1591 332 1872 373 nnuman
2753 320 2862 375 867

402 425 692 488 cusantes
724 424 789 487 et
824 422 1171 507 generatim
1215 423 1584 506 impotentia
1615 422 1906 507 physica,
1932 423 2123 488 etiam
2159 422 2420 486 moralis
2451 423 2511 486 h.
2546 442 2599 486 e.
2631 443 2861 509 magna

400 527 759 711 dffifgafflze·
781 629 1025 712 praeter
1070 647 1194 703 eos,
1244 629 1351 710 qui
1382 628 1653 693 nondum
1686 631 1960 694 aetatem
1990 627 2378 692 discretionis
2410 628 2676 693 assecuti
2712 631 2860 722 sunt

399 734 517 796 aut
549 732 697 797 sunt
734 731 1031 816 perpetuo
1072 731 1364 805 amentes,
1398 732 1506 813 qui
1543 732 1754 813 potius
1785 750 1974 814 quam
2007 730 2394 802 excusentur,
2427 748 2548 794 non
2583 730 2858 815 obligan-

399 833 523 910 tur,
558 834 948 898 excusantur.

581 937 648 999 1⁰
693 936 954 1013 Infirmi,
1003 936 1076 1000 ut
1106 936 1233 999 iam
1281 936 1635 1001 audivimus
1672 954 1710 999 a
1742 934 2045 1019 Gregorio
2078 934 2243 1011 V11.‚
2277 934 2491 1015 quales
2523 936 2671 998 sunt
2700 933 2854 999 febri

396 1036 752 1102 laborantes
786 1037 1053 1102 similive
1075 1036 1465 1102 incommodo
1490 1039 1554 1102 et
1582 1038 1927 1122 generatim
1958 1037 2004 1100 ii
2040 1036 2290 1115 infirmi,
2313 1036 2424 1118 qui
2452 1055 2524 1100 ex
2556 1037 2709 1101 artis
2733 1057 2858 1102 me-

399 1136 634 1203 dicinae
667 1141 924 1204 consilio
957 1139 1240 1223 indigent
1283 1138 1590 1204 carnibus.

410 1260 411 1263 ¹
492 1264 528 1299 α
561 1241 665 1318 Iis,
701 1243 792 1306 ait
814 1242 1167 1307 Lehmkuhl
1211 1242 1254 1305 1.
1288 1261 1339 1305 c.
1390 1262 1449 1305 n.
1504 1242 1696 1305 1202.
1745 1243 1830 1318 2.,
1880 1241 2274 1321 aliquatenus
2321 1239 2853 1304 adnumeraverim

393 1342 685 1407 mulieres
730 1346 1159 1429 praegnantes,
1206 1363 1329 1409 non
1376 1344 1508 1408 tam
1546 1345 1798 1426 propter
1841 1344 2270 1408 necessitatem
2318 1342 2519 1425 reipsa
2565 1343 2856 1408 exsisten-

394 1445 541 1519 tem,
590 1446 699 1511 sed
744 1448 993 1531 propter
1016 1448 1217 1512 carnis
1265 1446 1685 1530 appetentiam
1730 1444 2098 1524 morbidam,
2138 1446 2238 1509 cui
2274 1445 2397 1509 nisi
2440 1444 2849 1524 satisfaciant,

390 1545 522 1628 ipse
557 1548 751 1613 timor
788 1549 905 1612 aut
951 1549 1318 1633 imaginatio
1351 1548 1597 1612 videtur
1641 1566 1856 1612 nocere
1902 1547 2098 1612 foetui
2145 1566 2357 1631 posse:
2397 1566 2588 1629 quare
2624 1548 2849 1612 saltem

392 1651 639 1718 facilius
686 1674 790 1719 eas
838 1674 1141 1733 excusem,
1189 1656 1243 1720 si
1288 1655 1535 1738 quando
1582 1655 1891 1720 bucellam
1926 1655 2127 1718 carnis
2174 1656 2446 1718 sumant.
2495 1653 2722 1718 Medici
2758 1657 2848 1719 ta·

390 1779 552 1838 men,
601 1763 675 1827 ut
719 1760 1142 1846 Capellmann,
1189 1782 1310 1828 von
1356 1763 1555 1827 Olfers
1600 1763 1833 1846 negant
1894 1761 2281 1844 appetentiae
2350 1760 2520 1824 illius
2565 1760 2847 1825 resisten-

389 1863 545 1928 tiam
591 1867 654 1929 et
701 1866 1175 1951 abnegationem
1219 1868 1659 1931 nocumentum
1707 1865 1920 1930 afferre
1950 1888 2012 1928 ».

568 1964 638 2030 2ο
687 1969 1000 2052 Pauperes
1048 1968 1484 2044 mendicanteS,
1532 1968 1640 2049 qui
1694 1966 2067 2031 manducare
2120 1968 2382 2049 possunt
2434 1965 2733 2048 quidquid
2781 1966 2842 2031 in

387 2068 844 2154 eleemosynam
891 2070 1221 2152 accipiunt,
1270 2072 1344 2134 ut
1388 2069 1800 2134 communiter
1836 2069 2116 2133 sentiunt
2151 2068 2472 2153 Theologi.
2499 2056 2674 2152 Gury
2717 2068 2760 2132 1.
2788 2088 2840 2134 c.

360 2304 367 2307 ·
563 2275 634 2337 3⁰
671 2277 980 2360 Pauperes
1028 2274 1309 2358 operarii,
1357 2274 1467 2356 qui
1513 2291 1635 2338 non
1679 2275 1911 2340 habent
1956 2275 2078 2339 nisi
2121 2272 2464 2338 frustulum
2516 2273 2840 2357 sagiminis

388 2375 505 2439 aut
534 2376 716 2442 laridi
742 2378 821 2443 ad
843 2397 989 2443 suos
1013 2377 1182 2442 cibos
1205 2376 1592 2442 condiendos
1629 2375 1805 2461 Gury
1838 2378 1879 2441 l.
1913 2397 1964 2441 c.
1999 2396 2069 2443 ex
2095 2396 2142 2441 s.
2178 2376 2361 2459 Alph.
2394 2375 2437 2439 1.
2467 2377 2527 2439 3.
2554 2396 2614 2439 n.
2647 2376 2835 2440 1008.

564 2479 636 2542 4⁰
669 2478 789 2560 Qui
836 2479 1112 2562 quotidie
1145 2479 1297 2544 dant
1334 2498 1583 2563 operam
1619 2480 1937 2544 laboribus
1985 2479 2193 2544 arduis
2226 2482 2289 2543 et
2318 2478 2711 2543 stomachum
2741 2479 2843 2544 de-

387 2579 824 2666 fatigantibu8‚
859 2585 935 2648 ut
966 2605 1003 2648 a
1039 2584 1190 2649 cibis
1226 2584 1418 2648 licitis
1450 2585 1841 2649 abhorreant.
1877 2582 2052 2668 Gury
2082 2584 2124 2646 1.
2158 2603 2209 2648 c.

561 2687 631 2748 5⁰
684 2685 993 2764 Viatores,
1042 2687 1150 2768 qui
1195 2686 1352 2750 nihil
1398 2687 1511 2750 aut
1554 2685 1679 2750 fere
1726 2686 1883 2749 nihil
1928 2685 1992 2749 in
2038 2685 2333 2768 cauponis
2380 2686 2622 2768 praeter
2666 2684 2835 2751 cibos

386 2787 615 2852 vetitos
661 2788 978 2872 reperiunt
1023 2806 1132 2852 nec
1178 2787 1301 2852 alio
1337 2787 1649 2870 ‚divertere
1695 2790 1976 2870 possunt.
2026 2788 2266 2851 Debent
2311 2789 2521 2851 tamen
2566 2787 2725 2851 serio
2772 2789 2836 2854 et

381 2888 688 2955 instanter
720 2891 888 2956 cibos
918 2889 1125 2954 licitos
1173 2889 1508 2972 postulare.
1542 2887 1689 2954 Sola
1735 2890 1899 2954 enim
1936 2890 2098 2954 ratio
2144 2889 2383 2954 itineris
2430 2890 2507 2953 ab
2553 2890 2669 2954 hac
2698 2890 2833 2975 lege

375 3012 499 3057 non
537 2997 809 3059 excusat.
849 2993 1024 3078 Gury
1054 2993 1097 3057 1.
1131 3011 1181 3057 c.

556 3096 627 3159 6⁰
660 3096 1051 3162 Excusantur
1098 3096 1330 3160 milites
1375 3096 1441 3160 in
1485 3097 1705 3161 castris
1753 3097 1853 3161 vel
1899 3094 2318 3163 contuberniis
2355 3097 2689 3173 versantes,
2723 3097 2830 3178 qui

375 3200 653 3281 expensis
687 3198 986 3265 Gubernii
1015 3199 1080 3263 in
1118 3200 1431 3264 communi
1464 3201 1738 3266 aluntur.
1774 3200 1950 3285 Gury
1984 3202 2027 3265 l.
2060 3221 2112 3266 c.

559 3302 626 3365 7⁰
657 3300 933 3365 Tandem
964 3301 1343 3382 dispensatio
1377 3321 1448 3366 ex
1479 3303 1655 3368 iuxta
1700 3322 1887 3368 causa
1936 3303 2204 3380 excusat,
2239 3320 2429 3383 quam
2463 3302 2527 3365 in
2567 3303 2829 3387 singulis

380 3405 625 3469 casibus
658 3403 947 3486 Episcopi
976 3405 1040 3466 et
1068 3404 1324 3484 parochi
1354 3404 1452 3468 vel
1482 3406 1826 3488 superiores
1873 3406 2186 3489 regulares
2217 3403 2363 3469 dare
2408 3406 2669 3488 possunt
2697 3406 2826 3471 suis

372 3507 656 3571 subditis.

1362 3698 1653 3762 813ch
1694 3701 1828 3762 111.

819 3852 851 3882 θ
880 3849 986 3903 DE
1024 3845 1486 3904 PRAECEPTO
1525 3847 1824 3904 SOLVEN
1832 3846 1917 3901 DI
1952 3846 2316 3904 DEOIMAS.
2341 3849 2371 3882 ¹⁸

462 4013 643 4088 1157.
679 4018 770 4082 De
814 4019 934 4084 hoc
978 4022 1302 4104 praecepto
1349 4021 1493 4086 silet
1538 4019 1615 4084 A.
1649 4019 1840 4084 etiam
1888 4020 1997 4085 alii
2039 4022 2312 4086 recentes
2356 4022 2658 4106 Theologi
2691 4022 2823 4089 Mo-

366 4124 527 4188 rales
553 4121 801 4186 silentio
828 4122 1135 4203 premunt,
1154 4124 1230 4186 ut
1254 4121 1427 4207 Gury
1453 4123 1518 4187 et
1535 4121 1889 4187 Lehmkuhl
1911 4120 1973 4186 S.
1999 4122 2353 4206 Alphonsus
2377 4124 2450 4188 de
2474 4142 2544 4188 eo
2569 4124 2818 4192 locutus

366 4227 461 4289 est
500 4225 563 4288 in
597 4227 674 4289 tr.
709 4224 784 4287 de
816 4222 1191 4305 Privileyiis
1220 4245 1281 4288 n.
1316 4226 1555 4291 48.-86.
1589 4225 1875 4290 Profecto
1907 4226 2059 4291 haec
2087 4226 2184 4291 lex
2230 4227 2509 4309 pluribus
2545 4227 2612 4290 in
2641 4229 2816 4308 lociS,

366 4327 464 4393 vel
510 4327 844 4409 iniquitate
891 4327 1241 4409 temporum
1286 4327 1386 4391 vel
1430 4328 1824 4411 dispensante
1870 4327 2162 4407 Ecclesia,
2209 4347 2331 4393 non
2378 4330 2644 4413 amplius
2689 4351 2818 4398 ser-

364 4431 578 4495 vatur:
618 4430 790 4495 nefas
822 4430 1034 4494 autem
1066 4431 1362 4512 putamus
1392 4430 1570 4496 illam
1600 4450 1853 4515 prorsus
1885 4430 2235 4516 praeterire.

454 4533 849 4599 Decimamm
894 4551 1119 4597 nomen
1164 4533 1344 4597 vetus
1391 4534 1487 4599 est
1533 4533 1599 4598 et
1641 4533 1869 4599 nedum
1914 4533 2232 4612 Hebraeis,
2266 4534 2372 4598 sed
2407 4539 2472 4600 et
2515 4537 2814 4605 Romanis
