3497 5147
325 355 466 430 [185]
952 371 1038 411 nn
1076 371 1225 413 omo
1263 374 1339 412 m
1374 372 1746 413 nimo'rioxn
1784 372 2157 416 mimicorum
2688 362 2791 419 137

409 468 493 530 Et
526 469 592 532 in
644 468 746 532 his
795 470 948 534 nota
993 469 1159 551 quod
1190 490 1239 534 s.
1289 470 1562 534 Thomas
1609 469 1779 534 dicat
1816 495 1851 529 α
1897 471 1957 534 si
2000 472 2263 535 intentio
2294 472 2540 550 feratur
2570 489 2799 538 PRINCI-

327 587 590 633 PAerna
622 595 686 633 ».
711 570 877 636 Nam
907 573 971 636 in
1001 571 1243 636 malum
1271 572 1685 655 delinquentis
1708 592 1948 656 semper
1971 574 2119 638 ferri
2151 573 2332 638 debet
2357 576 2564 657 aliquo
2588 576 2792 640 modo.

415 669 574 742 184.
611 673 968 739 Fatendum
992 676 1227 753 tamen,
1262 676 1398 739 DD.
1426 675 1838 740 communiter
1867 694 2137 749 monere,
2172 677 2351 741 valde
2381 678 2796 759 periculosum

322 793 452 839 esse
522 778 598 839 ut
658 776 926 841 offensus
1005 779 1256 860 expetat
1314 778 1473 842 banc
1526 777 1900 855 vindictam3
1950 777 2116 859 quod
2161 777 2634 862 intelligendum
2680 782 2792 857 est,

322 878 570 961 quando
621 879 886 944 offensor
930 899 1041 963 pro
1089 880 1389 945 facultate
1435 900 1551 946 sua
1587 882 1901 964 privatam
1931 881 2419 947 satisfactionem
2450 884 2589 947 tum
2632 883 2790 947 iniu-

321 982 450 1045 riae
499 983 637 1045 tum
675 981 885 1046 damni
934 983 1250 1048 obtulerit.
1286 983 1473 1048 Ratio
1521 985 1634 1060 est,
1668 985 1817 1065 quia
1863 983 2110 1048 difficile
2157 987 2222 1048 et
2265 1004 2405 1050 raro
2439 985 2614 1049 abest
2658 1004 2787 1049 ma-

323 1085 563 1149 levolus
604 1085 869 1150 animus.
905 1086 1047 1150 Vid.
1087 1085 1261 1169 Spor.
1294 1087 1336 1150 l.
1370 1107 1423 1150 c.
1456 1107 1526 1150 n.
1563 1088 1665 1151 19.

411 1188 488 1251 In
535 1187 713 1269 praxi
758 1187 975 1252 dicunt
1020 1189 1157 1252 DD.
1201 1189 1667 1266 consulendum,
1708 1191 1785 1254 ut
1815 1191 2080 1257 offensus
2128 1191 2456 1255 abstineat.
2491 1191 2668 1271 Quod
2700 1191 2789 1255 in-

322 1289 556 1373 tellige,
592 1289 712 1354 nisi
759 1290 987 1373 urgeat
1031 1291 1194 1355 ratio
1241 1290 1474 1373 publici
1520 1292 1666 1355 boni
1714 1294 1829 1356 aut
1864 1292 2309 1358 emendationis
2356 1294 2442 1357 rei
2489 1295 2627 1369 etc„
2677 1293 2783 1358 sed

318 1391 450 1455 sola
500 1392 812 1475 reparatio
861 1392 1091 1457 ordinis
1137 1393 1436 1458 iustitiae.
1470 1394 1559 1457 At
1593 1395 1702 1476 qui
1734 1395 2063 1478 agendum,
2113 1395 2167 1458 si
2212 1394 2620 1460 confessarius
2643 1415 2783 1478 poe-

318 1493 622 1558 nitentem
671 1494 883 1558 videat
915 1496 1164 1560 omnino
1197 1496 1354 1560 velle
1379 1496 1663 1578 persequi
1694 1498 2003 1563 actionem
2047 1497 2421 1561 iniuriarum
2444 1516 2516 1560 ac
2541 1497 2779 1574 timeat,

320 1596 570 1660 suboese
608 1597 898 1662 affectum
933 1598 1358 1662 malevolum?

403 1698 593 1762 Forte
638 1703 839 1778 erunt,
895 1700 1005 1782 qui
1050 1720 1196 1783 prae
1243 1701 1438 1765 oculis
1485 1701 1781 1765 habentes
1828 1721 1877 1764 s,
1927 1702 2112 1784 Alph.
2161 1701 2527 1777 doctrinam,
2575 1701 2780 1766 dicent

314 1820 440 1866 non
488 1802 931 1867 absolvendum
977 1805 1040 1867 et
1087 1803 1248 1867 forte
1279 1803 1342 1866 id
1373 1803 1508 1867 erui
1543 1805 1752 1886 potest
1782 1804 1972 1867 etiam
1997 1823 2068 1867 ex
2106 1804 2373 1868 aliorum
2405 1804 2539 1867 DD.
2574 1803 2775 1867 dictis,

411 1904 828 1970 Veruntamen
856 1905 1234 1988 putaverim,
1267 1905 1600 1987 prudenter
1620 1925 1754 1969 rem
1777 1905 2353 1987 perpendendam.N
2358 1925 2458 1968 am
2481 1905 2544 1969 in
2571 1907 2778 1970 animo

317 2006 694 2089 poenitentis
756 2009 943 2072 nimis
996 2008 1177 2072 facile
1239 2008 1443 2072 multa
1502 2008 1966 2072 confunduntur
2032 2010 2097 2072 et
2159 2008 2414 2072 affectus
2468 2008 2778 2073 vindictae

312 2109 536 2172 multis
586 2111 935 2175 rationibus
981 2110 1134 2192 (vid.
1174 2129 1310 2193 sup.
1344 2130 1405 2173 n.
1440 2130 1638 2192 praec.
1672 2110 1841 2174 dicta
1886 2129 1935 2174 s,
1971 2110 2275 2193 Thomae)
2311 2110 2631 2194 legitimus
2676 2110 2778 2176 fit:

320 2215 572 2280 aliunde
604 2216 940 2281 difficulter
977 2216 1376 2292 obtinebitur,
1411 2218 1486 2281 ut
1516 2217 1846 2280 abstineat.

398 2317 540 2383 Non
590 2318 951 2383 damnarem
997 2339 1159 2394 eum,
1210 2320 1317 2401 qui
1364 2320 1634 2383 sectetur
1699 2318 1877 2383 illam
1924 2338 1973 2382 s.
2020 2318 2319 2384 Antonini
2381 2320 2771 2395 sententiam,

312 2420 420 2484 ubi
468 2420 589 2484 ait:
637 2444 674 2479 α
706 2420 847 2485 Non
871 2440 1019 2505 ergo
1052 2423 1147 2485 est
1179 2421 1590 2486 necessarium
1621 2421 1856 2486 volenti
1881 2422 2353 2497 communicare,
2388 2424 2462 2484 ut
2491 2421 2777 2487 dimittat

308 2522 623 2587 actionem
673 2521 1045 2587 iniuriarum
1090 2523 1377 2601 laedenti,
1418 2523 1523 2588 sed
1562 2522 1775 2588 odium
1814 2549 1875 2587 ».
1909 2522 1992 2587 Et
2015 2523 2067 2587 si
2092 2522 2500 2588 confessarius
2533 2524 2651 2588 rite
2683 2543 2778 2588 ex·

306 2624 499 2707 plicet
544 2624 1012 2690 distinctionem
1051 2626 1213 2690 inter
1245 2626 1532 2690 affectum
1580 2628 1642 2690 et
1689 2627 1978 2691 affectum
2027 2628 2088 2690 et
2125 2625 2361 2702 doceat,
2412 2645 2535 2707 qua
2582 2626 2776 2690 inten-

299 2728 475 2793 tione
510 2729 697 2793 liceat
732 2729 1071 2794 vindictam
1096 2748 1388 2812 quaerere
1413 2729 1623 2812 (idque
1647 2729 1945 2793 facillima
1993 2730 2232 2794 ratione
2264 2731 2581 2813 proponet,
2616 2749 2774 2811 quae

298 2833 370 2896 in
405 2834 699 2915 promptu
747 2836 862 2910 est,
897 2834 949 2898 si
1001 2834 1344 2918 poenitenti
1381 2835 1681 2915 imponat,
1733 2838 1805 2898 ut
1849 2854 1980 2898 rem
2028 2854 2148 2899 non
2196 2854 2369 2899 secus
2416 2836 2770 2917 perpendat,

297 2953 379 3025 ac
425 2936 476 2999 si
527 2935 793 3000 offensus
841 2955 963 3000 non
1010 2937 1142 3019 ipse
1188 2935 1369 3009 foret,
1407 2936 1509 3001 sed
1570 2937 1795 3000 tertius
1841 2936 2157 3020 quidam);
2193 2938 2342 3001 tunc
2372 2939 2525 3019 puto
2574 2939 2773 3002 absol·

301 3038 598 3113 vendum,
634 3039 687 3102 si
719 3038 905 3115 dicat,
946 3057 1011 3102 se
1044 3057 1168 3103 non
1220 3038 1360 3103 odio
1408 3038 1572 3115 ferri,
1608 3038 1714 3102 sed
1759 3042 1928 3102 recta
1976 3039 2184 3121 aliqua
2230 3040 2589 3104 intentione.
2639 3041 2771 3104 Aut

296 3142 469 3204 certe
517 3138 745 3204 efficiet
799 3140 1227 3213 confessarius,
1269 3142 1343 3205 ut
1393 3140 1711 3223 poenitens
1765 3140 2137 3225 intelligens,
2178 3141 2420 3205 nullum
2469 3143 2767 3225 pabulum

298 3242 391 3306 sic
440 3242 720 3325 praeberi
778 3243 983 3308 animo
1041 3242 1369 3319 malevolO,
1433 3245 1650 3325 sponte
1700 3242 1983 3308 dimittat
2020 3244 2346 3309 consilium
2402 3245 2764 3310 instituendi

296 3344 633 3410 actionem.
2142 3364 2147 3369 ’
2294 3350 2297 3353 ’

409 3470 572 3522 xxn.
599 3471 747 3535 Resp.
771 3471 819 3522 2.
846 3469 951 3523 Etsi
976 3468 1141 3522 odium
1181 3467 1476 3533 inimicitiae,
1502 3469 1608 3523 sive
1645 3484 1886 3535 personae
1911 3471 2174 3521 secundum
2203 3484 2255 3522 se
2276 3477 2324 3521 ct
2351 3472 2607 3532 bonorum,
2634 3485 2758 3534 quae

293 3553 346 3607 in
381 3568 438 3607 se
477 3556 641 3616 babet,
667 3556 882 3608 volendo
907 3553 1092 3608 scilicet
1115 3552 1188 3608 illi
1214 3555 1409 3616 malum,
1443 3562 1497 3607 ut
1521 3553 1592 3607 sic
1618 3554 1724 3606 sive
1751 3562 1990 3620 quatenus
2038 3553 2110 3607 illi
2149 3558 2327 3607 matum
2364 3560 2455 3615 cst,
2483 3568 2543 3606 ex
2580 3568 2761 3617 genere

297 3653 390 3691 suo
425 3638 489 3691 sit
513 3642 745 3705 mortale3
775 3638 942 3691 odium
968 3644 1129 3692 tamen
1163 3638 1535 3692 abominationis
1558 3638 1668 3692 sive
1704 3639 1968 3704 qualitatis,
1995 3653 2092 3703 quo
2125 3653 2218 3691 non
2248 3638 2508 3701 bominem,
2541 3641 2626 3691 sed
2652 3639 2760 3692 eius

298 3723 533 3777 malitiam
556 3727 637 3777 vel
659 3727 832 3777 saltem
862 3738 1119 3791 personam
1144 3731 1330 3777 tantum
1349 3731 1586 3790 quenenus
1604 3724 1778 3777 malam
1802 3728 1879 3775 vel
1903 3724 2042 3776 nobis
2068 3724 2261 3776 noxiam
2288 3738 2588 3787 aversamur,
2611 3739 2757 3791 saepe

296 3808 481 3863 licitum
507 3815 601 3873 est,
628 3816 681 3863 ut
705 3810 851 3863 docet
873 3808 995 3863 Con.
1025 3824 1068 3861 a.
1095 3811 1179 3863 29.
1209 3812 1257 3863 d.
1288 3812 1336 3862 3.
1365 3816 1414 3862 et
1440 3807 1783 3862 communiter.

385 3916 610 3980 Omnia
657 3915 844 3980 clara.

995 4057 1061 4124 U
1053 4058 1171 4121 nde
1201 4056 1469 4122 resolves
1513 4060 1834 4137 sequentes
1880 4076 2081 4120 casus,

400 4198 585 4251 ΧΧΙΙΙ.
615 4198 662 4247 l.
690 4198 740 4249 ln
767 4193 1072 4249 confessione
1111 4194 1231 4247 satis
1267 4209 1392 4256 esse,
1420 4194 1462 4247 si
1498 4193 1649 4255 dicas,
1678 4199 1725 4247 te
1762 4209 1909 4258 grave
1941 4195 2118 4246 malum
2159 4193 2377 4246 voluisse
2415 4194 2635 4259 proximo
2668 4211 2759 4250 nec

298 4295 419 4347 opus
442 4295 555 4335 esse
580 4280 824 4347 explicare
850 4278 1064 4346 speciem
1090 4279 1221 4344 mali,
1250 4293 1299 4333 v.
1325 4294 1399 4343 gr.
1426 4286 1648 4339 mortem,
1673 4278 1935 4341 infamiam,
1963 4285 2058 4331 etc.
2085 4280 2215 4343 quod
2243 4278 2402 4331 omnia
2433 4284 2755 4345 comprehen-

301 4367 468 4419 dantur
491 4370 585 4419 snb
613 4380 708 4418 una
736 4365 925 4419 ratione
958 4365 1087 4418 mali.
1113 4364 1268 4421 Caiet.
1298 4366 1417 4418 Bon.
1445 4366 1591 4417 Turr.
1618 4359 1777 4416 Trull.
1808 4366 1837 4415 l.
1873 4366 1914 4415 l.
1940 4378 1982 4416 c.
2012 4364 2061 4416 5.
2089 4364 2264 4415 docent
2296 4363 2644 4429 probabiliter:
2669 4368 2756 4419 sed

300 4451 593 4504 eontrarium
633 4449 939 4517 probabilius
976 4450 1151 4503 docent
1190 4452 1325 4502 Suar.
1353 4456 1401 4502 et
1432 4451 1532 4501 Pal.
1560 4455 1595 4501 t.
1625 4451 1674 4499 6.
1700 4450 1750 4500 d.
1782 4448 1827 4501 4.
1860 4463 1907 4513 p.
1942 4451 1985 4499 l.

388 4551 544 4626 185.
597 4554 778 4638 Lugo
827 4552 900 4615 de
930 4553 1186 4616 Poenit.
1236 4551 1390 4635 disp.
1446 4551 1547 4614 16.
1583 4572 1641 4614 n.
1679 4552 1865 4615 259.:
1910 4577 1944 4607 «
1978 4550 2272 4614 Dubitari
2302 4551 2463 4614 solet
2508 4551 2580 4614 de
2627 4571 2758 4632 pec-

308 4659 440 4722 cato
490 4657 637 4733 odii,
673 4676 752 4719 an
786 4655 847 4718 in
879 4674 949 4719 eo
982 4654 1066 4718 sit
1096 4652 1533 4717 declarandum
1579 4652 1818 4715 malum
1866 4652 2142 4733 proximo
2190 4651 2638 4725 desideratum3
2674 4670 2750 4713 an
