3497 5147
687 331 797 386 770
831 342 1042 384 macr.
1062 339 1143 381 VI.
1164 337 1327 381 sno-r.
1354 339 1434 379 vr.
1459 339 1545 379 nn
1571 337 1766 380 snx‘ro
1793 337 1868 377 m
1894 336 2056 377 Nono
2081 335 2299 377 Panno.
2325 335 2657 377 DmoALoffl.
2683 337 2827 378 nun.
2856 337 2936 379 ιν.
2972 323 3158 397 [1040]

686 443 867 507 licere
902 437 1087 504 alicui
1144 436 1252 518 qui
1306 454 1606 519 magnum
1655 435 1969 518 pruritum
2017 435 2257 517 patitur
2288 433 2352 497 in
2397 433 2698 512 verendis,
2749 435 2930 499 illum
2979 436 3150 500 tactu

689 543 1104 627 (fricationem
1152 539 1345 603 etiam
1392 538 1634 616 dicunt)
1684 537 1951 620 abigere,
1983 537 2231 602 etiamsi
2261 538 2525 620 pollutio
2582 541 2900 620 sequatur.
2948 539 3031 603 Et
3077 538 3152 602 ad

691 644 1147 716 difficultatem,
1180 641 1345 723 quod
1391 640 1525 704 fieri
1571 641 1789 723 possit,
1815 641 1892 703 ut
1921 639 2200 722 pruritus
2222 640 2328 703 ille
2366 658 2438 704 ex
2473 640 2607 721 ipso
2634 640 2852 705 ardore
2883 640 3154 705 libidinis

694 746 1037 831 proveniat,
1071 743 1231 809 unde
1263 743 1590 808 exstinctio
1624 742 1903 825 pruritus
1940 761 2048 825 per
2082 741 2493 819 fricationem,
2543 742 2900 824 procuratio
2947 743 3154 825 potius

694 847 1058 934 pollutionis
1092 850 1155 912 et
1201 865 1491 910 venereae
1539 844 1968 909 delectationis
2018 844 2271 909 dicenda
2317 845 2422 920 sit,
2478 845 2841 927 respondet:
2890 845 3159 910 rationa-

695 956 884 1020 bilius
930 951 1350 1028 iudicandum,
1391 950 1555 1033 quod
1603 950 1751 1014 talis
1797 950 2095 1031 prurituS,
2146 949 2393 1031 quando
2449 951 2546 1013 est
2593 950 2772 1014 valde
2834 950 3154 1026 molesme,

700 1058 940 1123 oriatur
985 1055 1196 1138 potius
1243 1071 1315 1117 ex
1363 1052 1699 1117 acrimonia
1738 1051 2082 1135 sanguiniS,
2111 1071 2304 1134 quam
2335 1071 2408 1115 ex
2441 1051 2656 1116 ardore
2687 1053 2986 1117 luxuriae.
3020 1051 3157 1116 Sal-

702 1163 831 1224 tem
877 1158 942 1222 in
990 1156 1178 1220 dubio
1211 1155 1484 1238 possidet
1515 1155 1772 1218 libertas
1805 1173 1869 1218 se
1894 1153 2196 1219 liberandi
2228 1154 2306 1218 ab
2342 1152 2702 1219 huiusmodi
2732 1155 3023 1218 molestia
3052 1172 3160 1236 per

703 1263 946 1326 tactum
984 1259 1056 1323 de
1091 1277 1154 1322 se
1190 1258 1456 1321 licitum.

790 1364 881 1427 Ex
905 1381 1027 1444 qua
1052 1361 1333 1425 doctrina
1357 1360 1710 1444 colligimus
1736 1380 1878 1424 cum
1909 1359 2263 1423 Lehmkuhl
2296 1379 2394 1442 op.
2410 1360 2516 1424 cit.
2551 1380 2609 1442 p.
2648 1360 2798 1423 521.
2833 1386 2867 1416 «
2893 1358 2959 1423 Si
2984 1358 3162 1423 ardor

702 1469 765 1531 et
796 1466 1075 1549 pruritus
1106 1464 1211 1527 ille
1244 1482 1365 1527 non
1398 1462 1475 1525 ad
1516 1462 1571 1525 id
1608 1463 1845 1538 tendat,
1881 1464 1954 1525 ut
2000 1463 2134 1544 ipsa
2181 1461 2526 1544 pollutione
2559 1462 2843 1544 sopiatur
2875 1463 2940 1524 et
2976 1460 3164 1525 extin-

700 1570 953 1652 guatur,
993 1566 1333 1630 difficultas
1382 1584 1503 1629 non
1551 1567 1647 1628 est
1678 1565 1858 1628 illum
1891 1564 2249 1646 permittere
2286 1563 2434 1644 (etsi
2458 1564 2725 1645 pollutio
2759 1565 3049 1629 secutura
3081 1564 3166 1626 sit

700 1669 1035 1735 dummodo
1076 1668 1241 1732 absit
1303 1686 1634 1731 consensus
1681 1666 2088 1750 periculum);
2141 1665 2446 1747 siquidem
2491 1685 2561 1730 ex
2609 1664 2886 1728 naturali
2923 1664 3163 1728 actione

700 1773 999 1858 tangendi
1045 1791 1109 1836 se
1157 1771 1381 1854 duplex
1427 1771 1677 1834 effectus
1735 1771 2051 1851 sequatur,
2101 1789 2262 1833 unus
2295 1770 2514 1840 bonus,
2548 1769 2754 1833 malus
2785 1769 2963 1842 alter,
3015 1786 3164 1851 quo—

701 1897 841 1942 rum
866 1876 1034 1958 prior
1059 1873 1420 1952 intenditur,
1442 1873 1600 1936 alter
1633 1873 2020 1955 permittitur
2043 1871 2311 1954 quidem,
2332 1871 2434 1935 sed
2469 1872 2531 1934 in
2558 1890 2620 1935 se
2645 1889 2752 1953 per
2776 1871 3164 1935 voluntatem

703 1977 1114 2043 detestatione
1152 1975 1514 2039 excluditur.
1550 1976 1635 2038 At
1669 1976 1721 2040 si
1748 1975 1930 2039 ardor
1961 1993 2071 2038 seu
2094 1974 2365 2038 irritatio
2400 1973 2479 2037 ad
2524 1973 2586 2036 id
2635 1973 2916 2049 tendunt,
2960 1973 3035 2037 ut
3065 1991 3169 2054 per

705 2080 1113 2163 pollutionem
1146 2078 1641 2162 exstinguantur,
1678 2096 1824 2141 sane
1858 2095 1981 2140 non
2011 2076 2158 2140 licet
2190 2077 2498 2140 actionem
2535 2075 2728 2138 ullam
2761 2094 2986 2158 ponere
3011 2093 3168 2156 quae

707 2203 779 2246 ex
826 2201 890 2245 se
922 2181 1115 2244 istum
1142 2180 1427 2243 effectum
1460 2182 1776 2263 provocet.

798 2283 1023 2348 Subdit
1051 2286 1296 2347 tamen:
1338 2307 1373 2340 «
1399 2281 1515 2345 Sed
1547 2301 1761 2363 neque,
1797 2283 1971 2365 puto,
2006 2281 2069 2346 in
2117 2281 2225 2345 illo
2260 2281 2605 2345 miserando
2640 2283 2813 2345 statu
2860 2279 3168 2345 hominem

707 2387 925 2452 debere
971 2386 1063 2450 ita
1110 2404 1239 2449 esse
1278 2385 1684 2448 constrictum
1736 2387 1923 2466 atque
1958 2385 2035 2448 ab
2084 2384 2252 2449 omni
2285 2384 2593 2466 corporali
2635 2385 2834 2460 motu,
2877 2382 2985 2464 qui
3018 2381 3167 2445 alias

705 2508 894 2553 causa
943 2489 1159 2551 efficax
1204 2486 1570 2568 pollutionis
1620 2486 1977 2550 nullatenus
2026 2505 2097 2549 ex
2136 2505 2200 2550 se
2231 2488 2535 2561 censetur,
2578 2485 2905 2560 abstinere,
2942 2486 3013 2548 ut
3043 2502 3172 2546 mu·

708 2595 842 2657 tare
891 2592 1085 2655 situm
1132 2590 1196 2652 in
1244 2590 1425 2663 lectO,
1468 2608 1607 2652 crus
1655 2590 1818 2652 cruri
1852 2608 2192 2673 supponere
2240 2591 2378 2665 etc,
2407 2589 2589 2653 modo
2629 2609 2701 2652 ne
2734 2589 3017 2652 intendat·
3050 2586 3170 2669 pol-

705 2695 1013 2760 lutionem
1058 2711 1208 2755 neve
1256 2710 1586 2756 consensus
1636 2692 1982 2775 periculum
2028 2712 2218 2777 grave
2266 2692 2506 2757 subeat.
2556 2690 2719 2756 Nam
2756 2691 2810 2755 si
2840 2710 2964 2773 qua
3012 2689 3169 2753 actio

705 2798 859 2861 levis
910 2795 1321 2878 pollutionem
1368 2797 1604 2871 causat,
1662 2795 1814 2859 haec
1860 2814 1982 2859 non
2031 2815 2102 2860 ex
2149 2795 2256 2858 illa
2305 2796 2566 2872 actione,
2613 2794 2718 2859 sed
2766 2814 2839 2858 ex
2882 2791 3170 2875 peculiari

708 2897 951 2981 agentis
999 2896 1401 2979 dispositione
1448 2915 1571 2960 non
1619 2897 1976 2961 voluntaria
2026 2899 2234 2961 ortum
2274 2897 2446 2961 ducit
2476 2900 2540 2960 et
2571 2897 2729 2960 hanc
2760 2896 3087 2967 actionem,
3119 2894 3171 2957 si

708 3020 778 3063 ex
812 3017 875 3062 se
908 3017 1047 3062 vere
1093 2998 1314 3062 leviter
1352 2998 1604 3061 influere
1639 3001 1941 3075 censetur,
1993 2999 2108 3063 sub
2140 2999 2340 3083 gravi,
2380 3001 2633 3083 propter
2678 2999 2968 3061 miseram
3002 2996 3173 3059 illam

709 3101 1125 3165 conditionem
1174 3100 1603 3175 subiectivam,
1638 3101 1979 3183 prohibere,
2015 3120 2151 3165 meo
2200 3100 2428 3165 iudicio
2468 3101 2738 3165 severius
2772 3102 2952 3164 est».

802 3203 866 3268 Si
900 3206 1111 3267 autem
1144 3204 1422 3287 pruritus
1463 3204 1547 3267 sit
1585 3203 1738 3266 levis
1775 3205 1839 3266 et
1870 3202 2237 3280 tolerabilis,
2274 3222 2322 3267 s.
2351 3203 2534 3286 Alph.
2569 3221 2691 3268 non
2725 3201 3036 3285 permittit
3080 3204 3175 3263 ta-

716 3311 908 3383 ctum,
942 3325 1065 3389 quo
1101 3307 1411 3389 abigatur,
1446 3325 1586 3369 cum
1620 3306 1892 3388 periculo
1926 3305 2318 3388 pollutionis3
2353 3304 2662 3388 permittit
2700 3324 2864 3381 vem,
2899 3323 3042 3368 cum
3071 3302 3176 3366 ali-

715 3431 839 3493 qua
865 3412 1118 3475 tantum
1151 3409 1488 3474 commotio
1517 3412 1808 3472 secutura
1833 3409 1936 3473 sit.
1974 3407 2162 3472 Hom.
2198 3408 2420 3487 Apost.
2463 3412 2541 3471 tr.
2584 3409 2643 3471 9.
2678 3428 2739 3471 n.
2775 3408 2879 3471 34.

805 3512 984 3593 Quod
1028 3531 1173 3577 vero
1222 3513 1464 3596 spectat
1513 3511 1589 3574 ad
1638 3510 1969 3594 specialem
2020 3510 2365 3575 doctrinam
2414 3510 2487 3572 A.
2538 3509 2601 3572 in
2635 3510 2751 3572 hac
2783 3509 3173 3581 resolutione,

714 3617 1039 3701 praecipue
1086 3614 1475 3681 recolendum
1525 3616 1637 3690 est,
1689 3613 1854 3696 quod
1901 3614 2090 3678 habet
2138 3613 2210 3678 B.
2240 3615 2406 3679 intr.
2441 3612 2514 3676 dc
2567 3611 2859 3677 Peccatis
2890 3633 2992 3677 nn.
3032 3612 3173 3676 589.

719 3739 890 3802 seqq.

826 3861 1064 3913 XXle.
1094 3862 1143 3913 6.
1170 3860 1220 3912 Si
1249 3859 1451 3928 pollutio
1479 3866 1706 3913 secutura
1746 3858 2092 3925 praevideatur
2131 3873 2189 3912 ex
2228 3873 2284 3913 re
2322 3857 2507 3921 illicita,
2539 3858 2696 3912 otiosa
2727 3862 2806 3911 vel
2836 3857 2994 3911 minus
3022 3870 3179 3911 neces·

718 3943 841 3997 saria
880 3951 929 3997 et
966 3948 1085 3997 baec
1126 3944 1186 3997 sit
1224 3960 1369 3999 causa
1412 3944 1677 4012 propinqua
1722 3958 1779 3997 ac
1818 3952 1989 3997 natura
2031 3959 2118 3998 sua
2159 3945 2217 3997 ad
2257 3957 2486 3997 venerem
2527 3941 2765 4007 ordinata,
2807 3949 2859 3995 ut
2900 3948 3011 3995 sunt
3049 3948 3180 3994 actus

719 4028 977 4093 luxuriosi,
1009 4035 1179 4091 tactuS‚
1209 4036 1452 4097 aspectuS,
1484 4029 1643 4093 lectio,
1681 4028 1885 4095 auditio,
1915 4028 2096 4082 locutio
2138 4027 2312 4095 turpi5‚
2340 4032 2546 4082 mortale
2585 4036 2659 4080 est
2698 4029 2757 4079 ab
2797 4026 2880 4081 illa
2919 4041 3016 4080 non
3042 4025 3184 4078 absti-

715 4128 833 4168 nere
854 4128 867 4179 ;
900 4112 1011 4179 quia
1052 4113 1099 4165 in
1140 4128 1245 4168 eam
1285 4114 1595 4167 consentiens
1635 4114 1884 4167 moraliter
1921 4114 1968 4167 in
2000 4116 2221 4168 effectum
2250 4112 2529 4167 consentire
2567 4118 2809 4166 censetur.
2845 4112 2990 4179 Quod
3028 4110 3070 4164 si
3107 4126 3184 4164 res

719 4202 802 4257 illa
840 4203 902 4256 sit
940 4217 1085 4258 causa
1127 4209 1310 4258 tantum
1354 4209 1556 4269 remota,
1598 4219 1685 4269 per
1726 4203 1951 4257 accidens
1991 4211 2178 4257 tantum
2218 4204 2276 4255 ad
2318 4202 2638 4269 pollutionem
2678 4215 2994 4265 concurr-ena
3033 4199 3187 4267 qualis

719 4294 794 4341 est
833 4303 881 4339 v.
917 4304 989 4352 gr.
1030 4302 1143 4342 esus
1181 4296 1265 4342 aut
1306 4295 1448 4355 polus
1487 4287 1772 4349 calidorum,
1818 4287 2069 4352 equitatio,
2110 4287 2438 4341 contabulatio
2477 4286 2678 4353 inutiliS‚
2716 4290 2935 4354 crapula,
2975 4285 3188 4339 ebrietas

721 4371 865 4425 etiarn
893 4373 1113 4427 mortalis
1143 4374 1310 4439 (modo
1351 4372 1668 4438 pollutionem
1709 4386 1803 4423 non
1844 4371 2067 4425 intendas
2105 4380 2152 4426 et
2191 4372 2318 4426 absit
2347 4372 2616 4440 perieulum
2647 4372 2841 4425 venerei
2881 4373 3190 4437 consensus),

723 4464 891 4511 secuta
931 4458 1137 4525 pollutio
1169 4473 1263 4511 non
1296 4466 1368 4511 est
1397 4459 1629 4515 mortale:
1658 4456 1768 4521 quia
1808 4456 1857 4510 in
1883 4460 2028 4511 talem
2053 4472 2157 4511 rem
2185 4458 2495 4512 consentiens
2521 4471 2615 4511 non
2654 4456 2765 4510 ideo
2811 4458 2937 4510 velle
2961 4463 3190 4509 censetur

725 4543 966 4595 effectum.
997 4541 1103 4596 Fili.
1130 4550 1194 4595 tr.
1221 4545 1304 4596 30.
1326 4558 1369 4596 c.
1385 4545 1437 4596 8.
1463 4557 1542 4607 qu.
1572 4542 1623 4593 6.
1651 4557 1697 4595 n.
1728 4545 1840 4597 152.
1867 4547 2043 4598 Sancb.
2066 4546 2099 4599 l.
2126 4560 2169 4598 e.
2196 4547 2333 4601 LeSS.
2361 4548 2392 4598 l.
2422 4546 2469 4598 4.
2491 4561 2534 4599 c.
2558 4546 2608 4597 3.
2634 4547 2683 4599 d.
2714 4545 2798 4597 ll.
2823 4545 2886 4598 V.
2909 4543 3051 4599 Dian.
3067 4558 3119 4610 p.
3141 4544 3196 4596 5.
