3497 5147
344 384 497 461 [107]
1321 397 1407 437 ma
1443 396 1860 438 mmamsnm
2747 387 2818 442 77

529 498 616 559 2¹¹¹
652 494 1017 559 Obedientia
1045 493 1189 559 fidei
1226 494 1470 559 divinae
1501 493 1759 559 debetur
1790 494 1921 559 Deo
1952 497 2254 561 revelanti
2291 500 2355 562 et
2384 498 2500 563 hoc
2537 499 2816 562 debitum

344 600 534 682 urget
577 598 808 677 fideles,
856 617 997 662 cum
1044 596 1373 662 infallibile
1416 596 1857 681 Magisterium
1903 598 2213 664 Ecclesiae
2260 601 2605 665 doctrinam
2650 620 2821 665 reve-

343 702 548 766 latam
583 701 899 785 proponit.

527 803 617 867 3¹¹¹
662 803 1029 887 Magisterio
1076 803 1383 867 Ecclesiae
1427 801 1673 866 docenti
1718 802 1848 865 iam
1893 802 2152 867 debetur
2198 824 2305 885 per
2351 823 2415 868 se
2463 804 2814 870 obedientia

346 905 509 983 fidei,
534 924 658 970 non
691 905 940 987 quidem
975 904 1237 977 divinae,
1265 923 1424 986 quae
1455 904 1824 968 auctoritati
1857 905 1970 969 Dei
2001 906 2336 969 revelantis
2369 906 2682 984 innititur,
2707 907 2814 971 sed

344 1009 675 1094 religiosae
719 1009 1081 1085 catholicae,
1114 1008 1360 1072 innixae
1399 1007 1766 1073 auctoritati
1812 1007 2129 1072 infallibili
2160 1027 2198 1072 a
2229 1009 2360 1074 Deo
2409 1010 2810 1088 constitutae,

344 1111 445 1176 cui
476 1130 591 1176 nos
638 1129 849 1175 omnes
896 1111 1175 1175 subiecit.
1209 1110 1382 1174 Haec
1426 1109 1576 1174 fides
1625 1111 1895 1174 exeritur
1941 1129 2187 1192 quoque
2224 1131 2371 1175 cum
2419 1113 2671 1194 propter
2708 1130 2817 1175 au·

345 1214 706 1279 ctoritatem
741 1213 1049 1278 Ecclesiae
1086 1212 1390 1278 credimus
1421 1211 1542 1276 fide
1577 1212 1790 1277 divina
1820 1213 2116 1277 veritates
2141 1231 2178 1276 a
2209 1213 2340 1278 Deo
2370 1213 2700 1278 revelatas.

528 1315 614 1377 4¹¹¹
663 1312 823 1378 Cum
868 1313 1192 1379 infallibile
1240 1312 1679 1398 Magisterium
1726 1315 2033 1380 Ecclesiae
2095 1316 2387 1398 proponit
2432 1318 2497 1379 et
2540 1315 2816 1380 decernit

344 1415 640 1482 tenendas
687 1435 818 1481 esse
868 1416 1185 1493 veritateS,
1233 1435 1391 1498 quae
1438 1435 1561 1480 non
1608 1418 2004 1481 continentur
2062 1417 2343 1500 deposito
2390 1418 2810 1496 revelationiS,

344 1518 519 1584 locus
566 1522 663 1583 est
724 1519 975 1583 tantum
1021 1519 1167 1583 huic
1229 1519 1611 1583 obedientiae
1657 1519 1801 1584 fidei
1847 1519 2194 1604 religiosae,
2243 1519 2421 1584 cuius
2482 1519 2810 1603 denegatio

346 1624 525 1687 actus
571 1623 669 1688 est
713 1621 1064 1686 rebellionis
1108 1640 1255 1706 erga
1300 1621 1651 1705 legitimam
1697 1621 2006 1685 Ecclesiae
2054 1622 2517 1686 auctoritatem.

529 1725 615 1788 5¹¹¹
644 1723 937 1789 Haeresis
983 1723 1226 1807 proprie
1256 1724 1321 1787 in
1360 1742 1433 1788 eo
1470 1724 1565 1787 est
1594 1725 1670 1787 ut
1706 1724 1969 1807 negetur
1999 1742 2286 1788 assensus
2318 1724 2571 1787 veritati
2611 1742 2649 1787 a
2680 1724 2816 1790 Deo

346 1828 678 1904 revelatae,
700 1845 808 1911 per
834 1827 1110 1892 Ecclesia
1139 1825 1580 1910 Magisterium
1610 1824 1964 1908 propositae
1988 1825 2067 1889 ad
2097 1826 2483 1891 credendum.
2511 1825 2816 1906 Quocirca

350 1949 497 1994 cum
526 1929 755 1994 veritas
796 1947 956 2012 quae
991 1929 1327 2011 respuitur,
1359 1947 1482 1993 non
1513 1931 1608 1992 est
1639 1947 1711 1992 ex
1745 1929 2057 2005 revelatiS,
2096 1928 2367 1992 haeresis
2387 1929 2649 2012 -proprie
2687 1947 2810 1993 non

343 2031 654 2107 habetur3
703 2032 966 2096 habetur
1009 2034 1221 2096 tamen
1265 2031 1582 2115 flagitium
1625 2032 1966 2114 denegatae
2013 2029 2395 2095 obedientiae
2439 2029 2603 2107 fidei,
2650 2049 2818 2112 quae

339 2133 652 2199 Ecclesiae
698 2133 974 2199 debetur.

526 2236 610 2299 6¹²
642 2235 938 2315 Quaestio
972 2256 1051 2300 an
1080 2236 1497 2301 liberalismus
1529 2236 1615 2301 sit
1644 2235 1933 2313 haeresis,
1968 2235 2048 2299 ad
2078 2235 2318 2319 praxim
2347 2236 2516 2318 quod
2546 2236 2811 2319 spectat,

334 2339 623 2405 revocari
663 2337 983 2403 commode
1029 2340 1238 2421 potest
1283 2338 1361 2402 ad
1404 2340 1591 2403 hanc:
1641 2357 1720 2403 an
1765 2337 2039 2401 liberalis
2085 2338 2170 2401 sit
2215 2337 2581 2403 haereticus.
2613 2338 2813 2402 Porro

336 2443 590 2507 constat
634 2459 760 2506 non
805 2459 1016 2506 omnes
1060 2441 1347 2506 liberales
1394 2460 1524 2505 esse
1569 2438 1947 2504 uniusmodi.
1996 2438 2264 2519 Quidam
2308 2440 2674 2504 liberalismi
2706 2440 2812 2504 do-

338 2545 610 2610 ctrinam
638 2544 817 2628 plene
864 2544 1354 2628 amplectuntur:
1389 2542 1645 2627 quidam
1673 2542 1996 2621 diminute,
2031 2542 2339 2624 quaedam
2368 2542 2808 2607 tantummodo

340 2649 550 2731 capita
593 2649 729 2713 eius
773 2648 1089 2713 docta-inae
1134 2649 1433 2712 tenentes.
1730 2721 1739 2730 ,

436 2747 589 2822 lm.
630 2752 767 2816 Iam
813 2770 957 2817 vero
1004 2752 1266 2817 dicimus
1310 2752 1374 2813 1⁰
1402 2751 1511 2831 qui
1557 2750 1904 2814 doctrinam
1949 2748 2313 2814 liberalismi
2358 2749 2534 2832 plene
2580 2748 2811 2831 ample·

336 2854 539 2921 ctitur
569 2854 667 2920 vel
697 2854 830 2919 eius
861 2872 1149 2936 suprema
1195 2854 1425 2936 capita,
1457 2853 1568 2932 qui
1597 2871 1655 2916 v.
1690 2873 1753 2936 g.
1787 2854 1961 2916 tenet
1991 2852 2239 2935 plenam
2269 2850 2804 2934 independentiam

334 2957 579 3031 Status.
626 2959 693 3022 in
739 2957 1035 3022 societate
1080 2956 1439 3032 christiana,
1490 2956 1568 3020 ab
1613 2955 1908 3030 Ecclesia,
1958 2957 2066 3038 qui
2114 2955 2300 3020 huius
2361 2955 2805 3020 subiectionem

334 3061 710 3127 auctoritati
740 3059 959 3125 Status
992 3060 1288 3136 affirmat,
1312 3060 1408 3123 est
1436 3077 1579 3124 vere
1615 3059 1963 3124 haereticus
1995 3061 2059 3123 et
2104 3059 2318 3141 poenis
2350 3058 2806 3123 haereticorum

333 3163 664 3229 obnoxius.
696 3163 902 3228 Verba
948 3180 1095 3226 sane
1124 3162 1378 3227 Domini
1423 3161 1503 3225 ad
1533 3161 1819 3226 Petrum:
1862 3159 2296 3242 Quodcumque
2324 3158 2587 3223 solveris
2616 3179 2806 3239 super

333 3270 599 3340 terram,
623 3266 749 3330 erit
764 3263 1039 3331 solutum
1066 3267 1130 3327 et
1157 3265 1227 3327 in
1254 3263 1465 3337 caelis,
1483 3268 1547 3329 et
1572 3262 1992 3345 quodcumque
2023 3262 2323 3344 liqaveris
2349 3282 2540 3342 super
2573 3265 2812 3325 terram

331 3370 464 3433 erit
506 3367 775 3450 lipatmn
808 3371 871 3433 et
908 3368 981 3432 in
1009 3365 1221 3441 caelis,
1260 3362 1581 3432 continent
1628 3366 2072 3432 auctoritatem
2104 3364 2554 3429 iurisdictionis
2586 3363 2692 3446 (ci.
2717 3364 2805 3428 sis

327 3474 625 3537 nostrum
670 3471 774 3535 Tr.
807 3470 884 3536 de
924 3469 1110 3535 Rom.
1144 3469 1340 3534 Pont.
1374 3470 1488 3533 Th.
1532 3471 1621 3552 1.)
1653 3470 1941 3553 respectu
1986 3467 2126 3533 finis
2184 3467 2397 3532 ultimi
2441 3468 2814 3549 supernatu-

327 3574 487 3639 ralis
535 3572 616 3638 ab
669 3573 1024 3638 hominibus
1081 3572 1509 3654 consequendi,
1557 3590 1709 3655 erga
1766 3590 1978 3636 omnes
2024 3572 2087 3634 et
2143 3569 2425 3652 singulos
2487 3567 2696 3632 fideles
2742 3570 2814 3633 et

332 3677 500 3740 circa
532 3675 762 3749 omnia,
788 3695 947 3757 quae
971 3674 1045 3738 ad
1078 3674 1356 3759 regimen
1386 3675 1572 3740 huius
1601 3674 1797 3757 regni,
1824 3672 1989 3755 quod
2021 3673 2118 3736 est
2139 3670 2432 3746 Ecclesia,
2460 3671 2815 3735 necessaria

334 3780 490 3843 sunt
531 3779 595 3844 et
640 3777 826 3843 utilia
863 3779 960 3843 vel
1006 3777 1203 3843 eidem
1251 3776 1536 3842 officiunt
1579 3777 1643 3840 et
1688 3775 2128 3858 impedimento
2177 3775 2325 3837 sunt
2369 3771 2656 3837 fidelibus
2693 3791 2809 3856 pro

328 3881 766 3947 consecutione
810 3879 972 3957 finis,
1021 3881 1097 3944 ut
1139 3898 1214 3944 ea
1258 3879 1604 3962 praecipere
1651 3876 1935 3958 Myanda,
1974 3876 2126 3942 haec
2171 3875 2515 3958 prohibere,
2554 3876 2806 3940 irritare

326 3982 626 4050 solvendo
661 3984 891 4048 valeat.
929 3983 1127 4064 Atqui
1169 3983 1338 4066 leges
1384 3982 1615 4059 civileS‚
1651 3980 2089 4055 ordinationeS,
2125 3979 2371 4044 statuta
2416 3978 2702 4043 feruntur
2738 3977 2804 4041 in

329 4105 462 4166 eos,
510 4086 621 4168 qui
667 4085 901 4150 subditi
959 4085 1131 4150 Petri
1178 4086 1327 4150 sunt
1369 4084 1597 4166 quique
1643 4083 1829 4148 finem
1875 4082 2174 4148 ultimum
2228 4080 2520 4162 consequi
2581 4078 2814 4144 debent

327 4190 451 4255 sub
498 4187 810 4253 Ecclesiae
852 4187 1193 4273 regimine:
1241 4187 1472 4252 bonum
1519 4188 1751 4263 autem,
1804 4185 1970 4267 quod
2028 4185 2241 4251 civiles
2287 4184 2456 4268 leges
2506 4201 2580 4246 ac
2623 4181 2808 4246 civile

324 4292 612 4376 regimen
645 4309 973 4374 procurare
1000 4290 1246 4367 debent,
1280 4289 1377 4354 est
1405 4308 1520 4354 sua
1550 4292 1780 4354 natura
1811 4287 2288 4353 subordinatum
2319 4286 2480 4351 bono
2511 4303 2808 4368 supremo

325 4396 664 4460 hominum
707 4394 820 4476 qui
863 4395 959 4459 est
1007 4393 1266 4458 ultimus
1312 4391 1475 4466 finis,
1523 4391 1601 4456 ad
1648 4411 1834 4473 quem
1879 4409 1987 4474 per
2031 4389 2371 4455 Ecclesiam
2416 4388 2800 4471 diriguntur3

324 4496 471 4562 fieri
514 4515 663 4562 vero
709 4496 936 4578 potest,
982 4495 1149 4577 quod
1194 4495 1405 4561 civiles
1454 4494 1875 4560 ordinationes
1922 4491 2325 4557 adversentur
2371 4490 2660 4575 regimini
2693 4489 2806 4551 Ec-

324 4598 558 4663 clesiae
605 4599 670 4662 et
703 4598 1144 4681 impedimento
1192 4598 1320 4663 sint
1349 4597 1632 4661 fidelibus
1678 4615 1790 4679 pro
1839 4597 2268 4660 consecutione
2300 4595 2399 4660 sui
2444 4593 2614 4657 finis:
2654 4605 2808 4671 ergo
