<?xml version="1.0" encoding="UTF-8"?>
<!DOCTYPE html PUBLIC "-//W3C//DTD XHTML 1.0 Transitional//EN"
    "http://www.w3.org/TR/xhtml1/DTD/xhtml1-transitional.dtd">
<html xmlns="http://www.w3.org/1999/xhtml" xml:lang="en" lang="en">
 <head>
  <title>
</title>
<meta http-equiv="Content-Type" content="text/html;charset=utf-8" />
  <meta name='ocr-system' content='tesseract 3.04.00' />
  <meta name='ocr-capabilities' content='ocr_page ocr_carea ocr_par ocr_line ocrx_word'/>
</head>
<body>
  <div class='ocr_page' id='page_1' title='image "./opustheologicum00ballgoog/opustheologicum00ballgoog_0157.png"; bbox 0 0 3497 5147; ppageno 0'>
   <div class='ocr_carea' id='block_1_1' title="bbox 714 352 3172 430">
    <p class='ocr_par' dir='ltr' id='par_1_1' title="bbox 714 352 3172 430">
     <span class='ocr_line' id='line_1_1' title="bbox 714 352 3172 430; baseline 0.001 -24"><span class='ocrx_word' id='word_1_1' title='bbox 714 352 822 407; x_wconf 84' lang='lat'><em>150</em></span> <span class='ocrx_word' id='word_1_2' title='bbox 892 366 1102 406; x_wconf 70' lang='lat' dir='ltr'><em>TnAc‘r.</em></span> <span class='ocrx_word' id='word_1_3' title='bbox 1133 367 1184 406; x_wconf 89' lang='lat' dir='ltr'><em>v.</em></span> <span class='ocrx_word' id='word_1_4' title='bbox 1221 366 1383 406; x_wconf 69' lang='lat' dir='ltr'><em>sacr.</em></span> <span class='ocrx_word' id='word_1_5' title='bbox 1409 366 1498 406; x_wconf 86' lang='lat'>111.</span> <span class='ocrx_word' id='word_1_6' title='bbox 1524 365 1608 406; x_wconf 73' lang='lat' dir='ltr'><em>nn</em></span> <span class='ocrx_word' id='word_1_7' title='bbox 1634 364 1955 430; x_wconf 62' lang='lat' dir='ltr'><em>enarrans</em></span> <span class='ocrx_word' id='word_1_8' title='bbox 1980 365 2370 407; x_wconf 68' lang='lat' dir='ltr'><em>PRAEcnl’Tls.</em></span> <span class='ocrx_word' id='word_1_9' title='bbox 2396 365 2597 407; x_wconf 61' lang='lat' dir='ltr'><em>carui*</em></span> <span class='ocrx_word' id='word_1_10' title='bbox 2621 366 2686 405; x_wconf 92' lang='grc' dir='ltr'><em>ιι.</em></span> <span class='ocrx_word' id='word_1_11' title='bbox 2711 365 2854 407; x_wconf 71' lang='grc'><strong>111111.</strong></span> <span class='ocrx_word' id='word_1_12' title='bbox 2882 367 2971 406; x_wconf 91' lang='grc' dir='ltr'><strong>ιιι.</strong></span> <span class='ocrx_word' id='word_1_13' title='bbox 3028 352 3172 427; x_wconf 74' lang='lat'>[201]</span> 
     </span>
    </p>
   </div>
   <div class='ocr_carea' id='block_1_2' title="bbox 693 462 3177 4642">
    <p class='ocr_par' dir='ltr' id='par_1_2' title="bbox 693 462 3177 2889">
     <span class='ocr_line' id='line_1_2' title="bbox 801 462 3167 546; baseline 0 -19"><span class='ocrx_word' id='word_1_14' title='bbox 801 464 993 528; x_wconf 88' lang='lat' dir='ltr'><em>Porro</em></span> <span class='ocrx_word' id='word_1_15' title='bbox 1040 463 1171 545; x_wconf 90' lang='lat' dir='ltr'><em>ipse</em></span> <span class='ocrx_word' id='word_1_16' title='bbox 1219 463 1421 526; x_wconf 90' lang='lat' dir='ltr'><em>Diana</em></span> <span class='ocrx_word' id='word_1_17' title='bbox 1468 463 1556 526; x_wconf 86' lang='lat' dir='ltr'><em>sie</em></span> <span class='ocrx_word' id='word_1_18' title='bbox 1586 462 1914 544; x_wconf 81' lang='lat' dir='ltr'>respondet</span> <span class='ocrx_word' id='word_1_19' title='bbox 1960 463 2106 526; x_wconf 89' lang='lat' dir='ltr'>ibid.</span> <span class='ocrx_word' id='word_1_20' title='bbox 2141 483 2201 525; x_wconf 95' lang='grc'><em>11.</em></span> <span class='ocrx_word' id='word_1_21' title='bbox 2238 465 2320 527; x_wconf 84' lang='grc'><em>2.;</em></span> <span class='ocrx_word' id='word_1_22' title='bbox 2367 487 2403 520; x_wconf 82' lang='grc'><strong>«</strong></span> <span class='ocrx_word' id='word_1_23' title='bbox 2439 463 2573 546; x_wconf 85' lang='lat' dir='ltr'><em>Ego</em></span> <span class='ocrx_word' id='word_1_24' title='bbox 2608 465 2761 545; x_wconf 87' lang='lat' dir='ltr'><em>puto</em></span> <span class='ocrx_word' id='word_1_25' title='bbox 2795 464 3167 529; x_wconf 84' lang='lat' dir='ltr'><em>sententiam</em></span> 
     </span>
     <span class='ocr_line' id='line_1_3' title="bbox 709 563 3176 650; baseline 0 -20"><span class='ocrx_word' id='word_1_26' title='bbox 709 564 990 630; x_wconf 85' lang='lat' dir='ltr'><em>Caietani</em></span> <span class='ocrx_word' id='word_1_27' title='bbox 1024 566 1086 629; x_wconf 92' lang='lat' dir='ltr'><em>et</em></span> <span class='ocrx_word' id='word_1_28' title='bbox 1118 563 1402 629; x_wconf 84' lang='lat' dir='ltr'><em>Corduba</em></span> <span class='ocrx_word' id='word_1_29' title='bbox 1438 584 1568 629; x_wconf 89' lang='lat' dir='ltr'><em>esse</em></span> <span class='ocrx_word' id='word_1_30' title='bbox 1606 565 2188 648; x_wconf 84' lang='lat' dir='ltr'><em>probabilissimam‚</em></span> <span class='ocrx_word' id='word_1_31' title='bbox 2214 585 2403 646; x_wconf 91' lang='lat' dir='ltr'><em>quam</em></span> <span class='ocrx_word' id='word_1_32' title='bbox 2435 567 2651 630; x_wconf 88' lang='lat' dir='ltr'><em>tuetur</em></span> <span class='ocrx_word' id='word_1_33' title='bbox 2682 566 3176 650; x_wconf 87' lang='lat' dir='ltr'><em>sapientissimus</em></span> 
     </span>
     <span class='ocr_line' id='line_1_4' title="bbox 709 666 3169 749; baseline 0.001 -19"><span class='ocrx_word' id='word_1_34' title='bbox 709 668 992 748; x_wconf 88' lang='lat' dir='ltr'><em>Vasquez</em></span> <span class='ocrx_word' id='word_1_35' title='bbox 1033 686 1242 749; x_wconf 82' lang='lat' dir='ltr'><em>opusc.</em></span> <span class='ocrx_word' id='word_1_36' title='bbox 1269 666 1342 730; x_wconf 81' lang='lat' dir='ltr'><em>de</em></span> <span class='ocrx_word' id='word_1_37' title='bbox 1374 666 1760 748; x_wconf 77' lang='lat' dir='ltr'><em>eleemosyna</em></span> <span class='ocrx_word' id='word_1_38' title='bbox 1791 686 1922 748; x_wconf 84' lang='lat' dir='ltr'><em>cap.</em></span> <span class='ocrx_word' id='word_1_39' title='bbox 1949 669 2011 730; x_wconf 85' lang='lat'><em>4.</em></span> <span class='ocrx_word' id='word_1_40' title='bbox 2039 668 2181 732; x_wconf 91' lang='lat' dir='ltr'><em>dub.</em></span> <span class='ocrx_word' id='word_1_41' title='bbox 2209 667 2414 732; x_wconf 88' lang='lat' dir='ltr'><em>ultim.</em></span> <span class='ocrx_word' id='word_1_42' title='bbox 2441 688 2501 732; x_wconf 91' lang='grc'><em>11.</em></span> <span class='ocrx_word' id='word_1_43' title='bbox 2534 668 2636 732; x_wconf 86' lang='grc'><em>14.</em></span> <span class='ocrx_word' id='word_1_44' title='bbox 2665 669 2771 732; x_wconf 92' lang='lat' dir='ltr'><em>ubi</em></span> <span class='ocrx_word' id='word_1_45' title='bbox 2801 669 2891 732; x_wconf 86' lang='lat' dir='ltr'><em>sie</em></span> <span class='ocrx_word' id='word_1_46' title='bbox 2922 670 3169 733; x_wconf 86' lang='lat' dir='ltr'><em>asserit:</em></span> 
     </span>
     <span class='ocr_line' id='line_1_5' title="bbox 707 768 3175 848; baseline 0.001 -15"><span class='ocrx_word' id='word_1_47' title='bbox 707 768 895 833; x_wconf 84' lang='lat' dir='ltr'><em>Laici</em></span> <span class='ocrx_word' id='word_1_48' title='bbox 939 769 1014 833; x_wconf 84' lang='lat' dir='ltr'><em>de</em></span> <span class='ocrx_word' id='word_1_49' title='bbox 1061 769 1240 833; x_wconf 83' lang='lat' dir='ltr'><em>boni-s</em></span> <span class='ocrx_word' id='word_1_50' title='bbox 1272 769 1834 848; x_wconf 68' lang='lat' dir='ltr'><em>patrimonialibus</em></span> <span class='ocrx_word' id='word_1_51' title='bbox 1860 773 2131 848; x_wconf 75' lang='lat' dir='ltr'><em>possunt</em></span> <span class='ocrx_word' id='word_1_52' title='bbox 2171 789 2422 833; x_wconf 83' lang='lat' dir='ltr'><em>servare</em></span> <span class='ocrx_word' id='word_1_53' title='bbox 2457 770 2546 833; x_wconf 83' lang='lat' dir='ltr'><em>ad</em></span> <span class='ocrx_word' id='word_1_54' title='bbox 2587 773 2823 834; x_wconf 81' lang='lat' dir='ltr'><em>statum</em></span> <span class='ocrx_word' id='word_1_55' title='bbox 2866 791 3050 833; x_wconf 74' lang='lat' dir='ltr'><em>snum</em></span> <span class='ocrx_word' id='word_1_56' title='bbox 3080 771 3175 835; x_wconf 83' lang='lat' dir='ltr'><em>vel</em></span> 
     </span>
     <span class='ocr_line' id='line_1_6' title="bbox 707 870 3177 954; baseline 0 -18"><span class='ocrx_word' id='word_1_57' title='bbox 707 873 1314 954; x_wconf 79' lang='lat' dir='ltr'><em>eonsanyuineorum</em></span> <span class='ocrx_word' id='word_1_58' title='bbox 1357 871 1742 935; x_wconf 79' lang='lat' dir='ltr'><em>mutandum.</em></span> <span class='ocrx_word' id='word_1_59' title='bbox 1790 870 1967 937; x_wconf 81' lang='lat' dir='ltr'><em>Unde</em></span> <span class='ocrx_word' id='word_1_60' title='bbox 2012 872 2118 934; x_wconf 77' lang='lat' dir='ltr'><em>vix</em></span> <span class='ocrx_word' id='word_1_61' title='bbox 2150 872 2218 934; x_wconf 89' lang='lat' dir='ltr'><em>in</em></span> <span class='ocrx_word' id='word_1_62' title='bbox 2247 871 2636 936; x_wconf 69' lang='lat' dir='ltr'><em>secularibus</em></span> <span class='ocrx_word' id='word_1_63' title='bbox 2672 873 2951 936; x_wconf 82' lang='lat' dir='ltr'><em>invenies</em></span> <span class='ocrx_word' id='word_1_64' title='bbox 2988 875 3177 936; x_wconf 78' lang='lat' dir='ltr'><em>etiam</em></span> 
     </span>
     <span class='ocr_line' id='line_1_7' title="bbox 707 973 3169 1057; baseline 0.001 -21"><span class='ocrx_word' id='word_1_65' title='bbox 707 975 777 1039; x_wconf 84' lang='lat' dir='ltr'><em>in</em></span> <span class='ocrx_word' id='word_1_66' title='bbox 822 974 1077 1056; x_wconf 70' lang='lat' dir='ltr'><em>reyibus</em></span> <span class='ocrx_word' id='word_1_67' title='bbox 1120 973 1509 1053; x_wconf 74' lang='lat' dir='ltr'><em>superfluum</em></span> <span class='ocrx_word' id='word_1_68' title='bbox 1552 975 1769 1037; x_wconf 78' lang='lat' dir='ltr'><em>statui.</em></span> <span class='ocrx_word' id='word_1_69' title='bbox 1805 1011 1887 1021; x_wconf 90' lang='lat'>—</span> <span class='ocrx_word' id='word_1_70' title='bbox 1937 973 2038 1037; x_wconf 89' lang='lat' dir='ltr'><em>Ita</em></span> <span class='ocrx_word' id='word_1_71' title='bbox 2083 974 2189 1038; x_wconf 90' lang='lat' dir='ltr'><em>ille</em></span> <span class='ocrx_word' id='word_1_72' title='bbox 2236 977 2299 1038; x_wconf 94' lang='lat' dir='ltr'><em>et</em></span> <span class='ocrx_word' id='word_1_73' title='bbox 2344 993 2478 1057; x_wconf 83' lang='lat' dir='ltr'><em>cap.</em></span> <span class='ocrx_word' id='word_1_74' title='bbox 2532 975 2589 1037; x_wconf 91' lang='lat'><em>1.</em></span> <span class='ocrx_word' id='word_1_75' title='bbox 2639 973 2783 1038; x_wconf 89' lang='lat' dir='ltr'><em>dub.</em></span> <span class='ocrx_word' id='word_1_76' title='bbox 2833 975 2894 1037; x_wconf 85' lang='lat'><em>3.</em></span> <span class='ocrx_word' id='word_1_77' title='bbox 2929 994 2989 1037; x_wconf 91' lang='lat' dir='ltr'><em>n.</em></span> <span class='ocrx_word' id='word_1_78' title='bbox 3026 976 3169 1039; x_wconf 84' lang='lat'><strong>26.:</strong></span> 
     </span>
     <span class='ocr_line' id='line_1_8' title="bbox 708 1075 3173 1157; baseline -0 -17"><span class='ocrx_word' id='word_1_79' title='bbox 708 1076 979 1157; x_wconf 77' lang='lat' dir='ltr'><em>Appello</em></span> <span class='ocrx_word' id='word_1_80' title='bbox 1025 1076 1414 1156; x_wconf 75' lang='lat' dir='ltr'><em>superfluum</em></span> <span class='ocrx_word' id='word_1_81' title='bbox 1449 1080 1652 1140; x_wconf 80' lang='lat' dir='ltr'><em>statas</em></span> <span class='ocrx_word' id='word_1_82' title='bbox 1699 1075 1794 1138; x_wconf 79' lang='lat' dir='ltr'><em>vel</em></span> <span class='ocrx_word' id='word_1_83' title='bbox 1826 1077 2186 1155; x_wconf 81' lang='lat' dir='ltr'><em>praesentis</em></span> <span class='ocrx_word' id='word_1_84' title='bbox 2217 1075 2312 1140; x_wconf 85' lang='lat' dir='ltr'><em>vel</em></span> <span class='ocrx_word' id='word_1_85' title='bbox 2353 1075 2578 1153; x_wconf 69' lang='lat' dir='ltr'><em>futuri,</em></span> <span class='ocrx_word' id='word_1_86' title='bbox 2627 1096 2806 1156; x_wconf 75' lang='lat' dir='ltr'><em>quem</em></span> <span class='ocrx_word' id='word_1_87' title='bbox 2850 1096 2960 1157; x_wconf 79' lang='lat' dir='ltr'><em>eyo</em></span> <span class='ocrx_word' id='word_1_88' title='bbox 3008 1075 3173 1139; x_wconf 79' lang='lat' dir='ltr'><em>licite</em></span> 
     </span>
     <span class='ocr_line' id='line_1_9' title="bbox 693 1181 3173 1263; baseline -0.001 -16"><span class='ocrx_word' id='word_1_89' title='bbox 693 1203 957 1263; x_wconf 81' lang='lat' dir='ltr'><em>possum</em></span> <span class='ocrx_word' id='word_1_90' title='bbox 990 1185 1313 1263; x_wconf 74' lang='lat' dir='ltr'><em>acquirere</em></span> <span class='ocrx_word' id='word_1_91' title='bbox 1345 1186 1408 1246; x_wconf 89' lang='lat' dir='ltr'><em>et</em></span> <span class='ocrx_word' id='word_1_92' title='bbox 1446 1182 1537 1246; x_wconf 80' lang='lat' dir='ltr'><em>ad</em></span> <span class='ocrx_word' id='word_1_93' title='bbox 1577 1181 1762 1246; x_wconf 77' lang='lat' dir='ltr'><em>illum</em></span> <span class='ocrx_word' id='word_1_94' title='bbox 1805 1181 2155 1246; x_wconf 79' lang='lat' dir='ltr'><em>ascendere.</em></span> <span class='ocrx_word' id='word_1_95' title='bbox 2188 1183 2325 1247; x_wconf 85' lang='lat' dir='ltr'><em>Nee</em></span> <span class='ocrx_word' id='word_1_96' title='bbox 2362 1183 2529 1246; x_wconf 86' lang='lat' dir='ltr'><em>enim</em></span> <span class='ocrx_word' id='word_1_97' title='bbox 2577 1186 2784 1246; x_wconf 86' lang='lat' dir='ltr'><em>teneor</em></span> <span class='ocrx_word' id='word_1_98' title='bbox 2827 1202 2937 1262; x_wconf 70' lang='lat' dir='ltr'><em>eqo</em></span> <span class='ocrx_word' id='word_1_99' title='bbox 2973 1204 3173 1246; x_wconf 73' lang='lat' dir='ltr'><em>meum</em></span> 
     </span>
     <span class='ocr_line' id='line_1_10' title="bbox 705 1284 3169 1366; baseline -0 -17"><span class='ocrx_word' id='word_1_100' title='bbox 705 1288 942 1349; x_wconf 78' lang='lat' dir='ltr'><em>statum</em></span> <span class='ocrx_word' id='word_1_101' title='bbox 970 1290 1033 1349; x_wconf 85' lang='lat' dir='ltr'><em>et</em></span> <span class='ocrx_word' id='word_1_102' title='bbox 1074 1285 1446 1366; x_wconf 77' lang='lat' dir='ltr'><em>diynitatem</em></span> <span class='ocrx_word' id='word_1_103' title='bbox 1490 1286 1796 1358; x_wconf 83' lang='lat' dir='ltr'><em>amittere,</em></span> <span class='ocrx_word' id='word_1_104' title='bbox 1831 1288 1904 1347; x_wconf 77' lang='lat' dir='ltr'><em>ut</em></span> <span class='ocrx_word' id='word_1_105' title='bbox 1945 1284 2115 1350; x_wconf 78' lang='lat' dir='ltr'><em>alius</em></span> <span class='ocrx_word' id='word_1_106' title='bbox 2151 1305 2278 1348; x_wconf 86' lang='lat' dir='ltr'><em>non</em></span> <span class='ocrx_word' id='word_1_107' title='bbox 2308 1286 2562 1348; x_wconf 84' lang='lat' dir='ltr'><em>amittat</em></span> <span class='ocrx_word' id='word_1_108' title='bbox 2603 1305 2786 1348; x_wconf 78' lang='lat' dir='ltr'><em>snum</em></span> <span class='ocrx_word' id='word_1_109' title='bbox 2815 1285 3025 1366; x_wconf 83' lang='lat' dir='ltr'><em>(casus</em></span> <span class='ocrx_word' id='word_1_110' title='bbox 3056 1287 3169 1362; x_wconf 88' lang='lat' dir='ltr'><em>est,</em></span> 
     </span>
     <span class='ocr_line' id='line_1_11' title="bbox 707 1387 3174 1469; baseline -0.001 -16"><span class='ocrx_word' id='word_1_111' title='bbox 707 1408 849 1453; x_wconf 87' lang='lat' dir='ltr'><em>eum</em></span> <span class='ocrx_word' id='word_1_112' title='bbox 897 1388 1376 1453; x_wconf 81' lang='lat' dir='ltr'><em>succurrendum</em></span> <span class='ocrx_word' id='word_1_113' title='bbox 1423 1391 1584 1452; x_wconf 88' lang='lat' dir='ltr'><em>esset</em></span> <span class='ocrx_word' id='word_1_114' title='bbox 1630 1388 1704 1460; x_wconf 80' lang='lat' dir='ltr'><em>ei,</em></span> <span class='ocrx_word' id='word_1_115' title='bbox 1740 1388 1848 1468; x_wconf 88' lang='lat' dir='ltr'><em>qui</em></span> <span class='ocrx_word' id='word_1_116' title='bbox 1881 1407 1913 1450; x_wconf 91' lang='lat' dir='ltr'><em>e</em></span> <span class='ocrx_word' id='word_1_117' title='bbox 1952 1406 2064 1451; x_wconf 87' lang='lat' dir='ltr'><em>suo</em></span> <span class='ocrx_word' id='word_1_118' title='bbox 2114 1389 2288 1451; x_wconf 85' lang='lat' dir='ltr'><em>statu</em></span> <span class='ocrx_word' id='word_1_119' title='bbox 2335 1407 2591 1452; x_wconf 80' lang='lat' dir='ltr'><em>casurus</em></span> <span class='ocrx_word' id='word_1_120' title='bbox 2639 1388 2827 1469; x_wconf 88' lang='lat' dir='ltr'><em>esset)</em></span> <span class='ocrx_word' id='word_1_121' title='bbox 2874 1393 2935 1451; x_wconf 84' lang='lat' dir='ltr'><em>et</em></span> <span class='ocrx_word' id='word_1_122' title='bbox 2975 1387 3174 1451; x_wconf 74' lang='lat' dir='ltr'><em>siniili</em></span> 
     </span>
     <span class='ocr_line' id='line_1_12' title="bbox 704 1488 3175 1572; baseline 0.001 -20"><span class='ocrx_word' id='word_1_123' title='bbox 704 1491 950 1554; x_wconf 79' lang='lat' dir='ltr'><em>ratione</em></span> <span class='ocrx_word' id='word_1_124' title='bbox 982 1511 1109 1554; x_wconf 84' lang='lat' dir='ltr'><em>non</em></span> <span class='ocrx_word' id='word_1_125' title='bbox 1143 1494 1351 1554; x_wconf 89' lang='lat' dir='ltr'><em>teneor</em></span> <span class='ocrx_word' id='word_1_126' title='bbox 1397 1510 1506 1572; x_wconf 69' lang='lat' dir='ltr'><em>eqo</em></span> <span class='ocrx_word' id='word_1_127' title='bbox 1545 1490 1616 1553; x_wconf 90' lang='lat' dir='ltr'><em>ob</em></span> <span class='ocrx_word' id='word_1_128' title='bbox 1663 1489 1932 1554; x_wconf 78' lang='lat' dir='ltr'><em>similem</em></span> <span class='ocrx_word' id='word_1_129' title='bbox 1979 1491 2406 1553; x_wconf 78' lang='lat' dir='ltr'><em>necessitatem</em></span> <span class='ocrx_word' id='word_1_130' title='bbox 2438 1488 2723 1569; x_wconf 72' lang='lat' dir='ltr'><em>futur-um</em></span> <span class='ocrx_word' id='word_1_131' title='bbox 2759 1490 3023 1569; x_wconf 77' lang='lat' dir='ltr'><em>perdere</em></span> <span class='ocrx_word' id='word_1_132' title='bbox 3053 1496 3175 1555; x_wconf 74' lang='lat' dir='ltr'><em>sta-</em></span> 
     </span>
     <span class='ocr_line' id='line_1_13' title="bbox 705 1591 3173 1673; baseline 0.001 -19"><span class='ocrx_word' id='word_1_133' title='bbox 705 1595 853 1666; x_wconf 78' lang='lat' dir='ltr'><em>tum,</em></span> <span class='ocrx_word' id='word_1_134' title='bbox 888 1614 1068 1673; x_wconf 76' lang='lat' dir='ltr'><em>quem</em></span> <span class='ocrx_word' id='word_1_135' title='bbox 1103 1592 1289 1673; x_wconf 67' lang='lat' dir='ltr'><em>digsne</em></span> <span class='ocrx_word' id='word_1_136' title='bbox 1323 1596 1614 1672; x_wconf 82' lang='lat' dir='ltr'><em>poteram</em></span> <span class='ocrx_word' id='word_1_137' title='bbox 1660 1593 2042 1672; x_wconf 70' lang='lat' dir='ltr'><em>conquirere,</em></span> <span class='ocrx_word' id='word_1_138' title='bbox 2079 1591 2247 1672; x_wconf 76' lang='lat' dir='ltr'><em>qnod</em></span> <span class='ocrx_word' id='word_1_139' title='bbox 2289 1612 2576 1672; x_wconf 63' lang='lat' dir='ltr'><em>cmpresse</em></span> <span class='ocrx_word' id='word_1_140' title='bbox 2606 1592 2807 1656; x_wconf 83' lang='lat' dir='ltr'><em>sensit</em></span> <span class='ocrx_word' id='word_1_141' title='bbox 2832 1592 3173 1657; x_wconf 78' lang='lat' dir='ltr'><em>Navarrus</em></span> 
     </span>
     <span class='ocr_line' id='line_1_14' title="bbox 705 1693 3174 1774; baseline -0.001 -15"><span class='ocrx_word' id='word_1_142' title='bbox 705 1701 768 1760; x_wconf 87' lang='lat' dir='ltr'><em>et</em></span> <span class='ocrx_word' id='word_1_143' title='bbox 802 1694 1142 1759; x_wconf 74' lang='lat' dir='ltr'><em>Caietanns</em></span> <span class='ocrx_word' id='word_1_144' title='bbox 1173 1697 1232 1759; x_wconf 87' lang='grc'><strong>2.</strong></span> <span class='ocrx_word' id='word_1_145' title='bbox 1269 1698 1329 1758; x_wconf 87' lang='grc'><em>2.</em></span> <span class='ocrx_word' id='word_1_146' title='bbox 1364 1699 1426 1758; x_wconf 87' lang='lat' dir='ltr'><em>et</em></span> <span class='ocrx_word' id='word_1_147' title='bbox 1462 1694 1648 1760; x_wconf 84' lang='lat' dir='ltr'><em>Suar.</em></span> <span class='ocrx_word' id='word_1_148' title='bbox 1681 1696 1724 1759; x_wconf 93' lang='grc'><em>1.</em></span> <span class='ocrx_word' id='word_1_149' title='bbox 1760 1715 1833 1760; x_wconf 87' lang='lat' dir='ltr'><em>e.:</em></span> <span class='ocrx_word' id='word_1_150' title='bbox 1867 1695 1979 1774; x_wconf 76' lang='lat' dir='ltr'><em>qui</em></span> <span class='ocrx_word' id='word_1_151' title='bbox 2024 1693 2170 1756; x_wconf 81' lang='lat' dir='ltr'><em>lieet</em></span> <span class='ocrx_word' id='word_1_152' title='bbox 2211 1694 2462 1770; x_wconf 85' lang='lat' dir='ltr'><em>sentiat,</em></span> <span class='ocrx_word' id='word_1_153' title='bbox 2498 1693 2572 1756; x_wconf 82' lang='lat' dir='ltr'><em>de</em></span> <span class='ocrx_word' id='word_1_154' title='bbox 2617 1693 2933 1772; x_wconf 77' lang='lat' dir='ltr'><em>superfluo</em></span> <span class='ocrx_word' id='word_1_155' title='bbox 2972 1715 3174 1774; x_wconf 78' lang='lat' dir='ltr'><em>quem-</em></span> 
     </span>
     <span class='ocr_line' id='line_1_15' title="bbox 707 1795 3171 1880; baseline 0.001 -21"><span class='ocrx_word' id='word_1_156' title='bbox 707 1797 860 1861; x_wconf 82' lang='lat' dir='ltr'><em>libet</em></span> <span class='ocrx_word' id='word_1_157' title='bbox 904 1799 1101 1861; x_wconf 85' lang='lat' dir='ltr'><em>teneri</em></span> <span class='ocrx_word' id='word_1_158' title='bbox 1142 1796 1232 1860; x_wconf 84' lang='lat' dir='ltr'><em>ad</em></span> <span class='ocrx_word' id='word_1_159' title='bbox 1272 1797 1739 1880; x_wconf 75' lang='lat' dir='ltr'><em>eleemosynam,</em></span> <span class='ocrx_word' id='word_1_160' title='bbox 1780 1795 1892 1861; x_wconf 83' lang='lat' dir='ltr'><em>sed</em></span> <span class='ocrx_word' id='word_1_161' title='bbox 1931 1816 2059 1860; x_wconf 88' lang='lat' dir='ltr'><em>non</em></span> <span class='ocrx_word' id='word_1_162' title='bbox 2105 1797 2427 1860; x_wconf 74' lang='lat' dir='ltr'><em>existimat</em></span> <span class='ocrx_word' id='word_1_163' title='bbox 2466 1795 2872 1876; x_wconf 79' lang='lat' dir='ltr'><em>superfluum,</em></span> <span class='ocrx_word' id='word_1_164' title='bbox 2922 1797 3171 1876; x_wconf 81' lang='lat' dir='ltr'><em>quando</em></span> 
     </span>
     <span class='ocr_line' id='line_1_16' title="bbox 707 1897 3172 1980; baseline 0 -17"><span class='ocrx_word' id='word_1_165' title='bbox 707 1902 849 1980; x_wconf 72' lang='lat' dir='ltr'><em>quis</em></span> <span class='ocrx_word' id='word_1_166' title='bbox 894 1899 1078 1963; x_wconf 79' lang='lat' dir='ltr'><em>habet</em></span> <span class='ocrx_word' id='word_1_167' title='bbox 1119 1899 1504 1979; x_wconf 74' lang='lat' dir='ltr'><em>superfluum</em></span> <span class='ocrx_word' id='word_1_168' title='bbox 1549 1901 1746 1965; x_wconf 67' lang='lat' dir='ltr'><em>statui</em></span> <span class='ocrx_word' id='word_1_169' title='bbox 1778 1899 2122 1978; x_wconf 77' lang='lat' dir='ltr'><em>praesenti,</em></span> <span class='ocrx_word' id='word_1_170' title='bbox 2172 1897 2340 1962; x_wconf 74' lang='lat' dir='ltr'><em>illud</em></span> <span class='ocrx_word' id='word_1_171' title='bbox 2383 1902 2591 1962; x_wconf 85' lang='lat' dir='ltr'><em>tamen</em></span> <span class='ocrx_word' id='word_1_172' title='bbox 2635 1900 2705 1962; x_wconf 83' lang='lat' dir='ltr'><em>in</em></span> <span class='ocrx_word' id='word_1_173' title='bbox 2748 1897 3037 1977; x_wconf 75' lang='lat' dir='ltr'><em>futurum</em></span> <span class='ocrx_word' id='word_1_174' title='bbox 3081 1921 3172 1964; x_wconf 87' lang='lat' dir='ltr'><em>re-</em></span> 
     </span>
     <span class='ocr_line' id='line_1_17' title="bbox 705 2000 3173 2083; baseline -0 -17"><span class='ocrx_word' id='word_1_175' title='bbox 705 2007 931 2076; x_wconf 81' lang='lat' dir='ltr'><em>servat,</em></span> <span class='ocrx_word' id='word_1_176' title='bbox 973 2006 1044 2064; x_wconf 76' lang='lat' dir='ltr'><em>nt</em></span> <span class='ocrx_word' id='word_1_177' title='bbox 1087 2005 1281 2065; x_wconf 80' lang='lat' dir='ltr'><em>mutet</em></span> <span class='ocrx_word' id='word_1_178' title='bbox 1325 2002 1391 2066; x_wconf 80' lang='lat' dir='ltr'><em>in</em></span> <span class='ocrx_word' id='word_1_179' title='bbox 1435 2007 1670 2066; x_wconf 74' lang='lat' dir='ltr'><em>statam</em></span> <span class='ocrx_word' id='word_1_180' title='bbox 1714 2002 2065 2083; x_wconf 76' lang='lat' dir='ltr'><em>diyniorem</em></span> <span class='ocrx_word' id='word_1_181' title='bbox 2094 2007 2155 2064; x_wconf 88' lang='lat' dir='ltr'><em>et</em></span> <span class='ocrx_word' id='word_1_182' title='bbox 2200 2002 2294 2064; x_wconf 88' lang='lat' dir='ltr'><em>ita</em></span> <span class='ocrx_word' id='word_1_183' title='bbox 2340 2002 2447 2064; x_wconf 74' lang='lat' dir='ltr'><em>vix</em></span> <span class='ocrx_word' id='word_1_184' title='bbox 2490 2000 2728 2081; x_wconf 76' lang='lat' dir='ltr'><em>aliquis</em></span> <span class='ocrx_word' id='word_1_185' title='bbox 2777 2006 3017 2064; x_wconf 80' lang='lat' dir='ltr'><em>tenetur</em></span> <span class='ocrx_word' id='word_1_186' title='bbox 3059 2008 3173 2065; x_wconf 73' lang='lat' dir='ltr'><em>aut</em></span> 
     </span>
     <span class='ocr_line' id='line_1_18' title="bbox 705 2102 3167 2183; baseline -0 -15"><span class='ocrx_word' id='word_1_187' title='bbox 705 2104 1042 2168; x_wconf 81' lang='lat' dir='ltr'><em>secund-am</em></span> <span class='ocrx_word' id='word_1_188' title='bbox 1072 2105 1424 2183; x_wconf 77' lang='lat' dir='ltr'><em>opinionem</em></span> <span class='ocrx_word' id='word_1_189' title='bbox 1456 2103 1746 2169; x_wconf 79' lang='lat' dir='ltr'><em>Caietani</em></span> <span class='ocrx_word' id='word_1_190' title='bbox 1774 2109 1888 2168; x_wconf 77' lang='lat' dir='ltr'><em>aut</em></span> <span class='ocrx_word' id='word_1_191' title='bbox 1914 2102 2251 2168; x_wconf 76' lang='lat' dir='ltr'><em>seeundum</em></span> <span class='ocrx_word' id='word_1_192' title='bbox 2282 2109 2584 2177; x_wconf 84' lang='lat' dir='ltr'><em>nostram,</em></span> <span class='ocrx_word' id='word_1_193' title='bbox 2611 2103 2861 2183; x_wconf 64' lang='lat' dir='ltr'><em>(licando</em></span> <span class='ocrx_word' id='word_1_194' title='bbox 2896 2109 3167 2167; x_wconf 79' lang='lat' dir='ltr'><em>tenemur</em></span> 
     </span>
     <span class='ocr_line' id='line_1_19' title="bbox 710 2204 3165 2287; baseline 0.001 -19"><span class='ocrx_word' id='word_1_195' title='bbox 710 2211 949 2269; x_wconf 78' lang='lat' dir='ltr'><em>tantum</em></span> <span class='ocrx_word' id='word_1_196' title='bbox 988 2226 1065 2268; x_wconf 75' lang='lat' dir='ltr'><em>ex</em></span> <span class='ocrx_word' id='word_1_197' title='bbox 1100 2206 1415 2285; x_wconf 63' lang='lat' dir='ltr'><em>superfluo</em></span> <span class='ocrx_word' id='word_1_198' title='bbox 1446 2213 1667 2272; x_wconf 74' lang='lat' dir='ltr'><em>status.</em></span> <span class='ocrx_word' id='word_1_199' title='bbox 1693 2207 1865 2272; x_wconf 82' lang='lat' dir='ltr'><em>Haeo</em></span> <span class='ocrx_word' id='word_1_200' title='bbox 1898 2206 2179 2286; x_wconf 87' lang='lat' dir='ltr'><em>Vasquez</em></span> <span class='ocrx_word' id='word_1_201' title='bbox 2212 2231 2274 2269; x_wconf 80' lang='grc'><em>».</em></span> <span class='ocrx_word' id='word_1_202' title='bbox 2302 2204 2422 2285; x_wconf 82' lang='lat' dir='ltr'><em>Qui</em></span> <span class='ocrx_word' id='word_1_203' title='bbox 2455 2209 2664 2270; x_wconf 80' lang='lat' dir='ltr'><em>tamen</em></span> <span class='ocrx_word' id='word_1_204' title='bbox 2702 2206 2982 2287; x_wconf 86' lang='lat' dir='ltr'><em>Vasquez</em></span> <span class='ocrx_word' id='word_1_205' title='bbox 3015 2207 3165 2286; x_wconf 82' lang='lat' dir='ltr'>(vid.</span> 
     </span>
     <span class='ocr_line' id='line_1_20' title="bbox 709 2309 3165 2393; baseline 0.002 -25"><span class='ocrx_word' id='word_1_206' title='bbox 709 2309 868 2371; x_wconf 85' lang='lat' dir='ltr'><em>Viva</em></span> <span class='ocrx_word' id='word_1_207' title='bbox 906 2309 948 2372; x_wconf 92' lang='lat' dir='ltr'><em>l.</em></span> <span class='ocrx_word' id='word_1_208' title='bbox 991 2329 1041 2372; x_wconf 89' lang='lat' dir='ltr'><em>e.</em></span> <span class='ocrx_word' id='word_1_209' title='bbox 1081 2328 1140 2372; x_wconf 90' lang='lat' dir='ltr'><em>n.</em></span> <span class='ocrx_word' id='word_1_210' title='bbox 1181 2311 1237 2373; x_wconf 86' lang='lat'><em>1.</em></span> <span class='ocrx_word' id='word_1_211' title='bbox 1280 2313 1340 2374; x_wconf 90' lang='lat' dir='ltr'><em>et</em></span> <span class='ocrx_word' id='word_1_212' title='bbox 1390 2312 1481 2393; x_wconf 84' lang='lat'><em>2.)</em></span> <span class='ocrx_word' id='word_1_213' title='bbox 1529 2310 1759 2384; x_wconf 79' lang='lat' dir='ltr'><em>docuit,</em></span> <span class='ocrx_word' id='word_1_214' title='bbox 1802 2328 1925 2373; x_wconf 92' lang='grc'><strong>11011</strong></span> <span class='ocrx_word' id='word_1_215' title='bbox 1972 2309 2176 2373; x_wconf 89' lang='lat' dir='ltr'><em>solum</em></span> <span class='ocrx_word' id='word_1_216' title='bbox 2221 2309 2286 2371; x_wconf 87' lang='lat' dir='ltr'><em>in</em></span> <span class='ocrx_word' id='word_1_217' title='bbox 2332 2309 2699 2372; x_wconf 81' lang='lat' dir='ltr'><em>necessitate</em></span> <span class='ocrx_word' id='word_1_218' title='bbox 2745 2311 3021 2373; x_wconf 78' lang='lat' dir='ltr'><em>extrema</em></span> <span class='ocrx_word' id='word_1_219' title='bbox 3066 2310 3165 2373; x_wconf 88' lang='lat' dir='ltr'><em>sed</em></span> 
     </span>
     <span class='ocr_line' id='line_1_21' title="bbox 709 2410 3170 2496; baseline 0 -22"><span class='ocrx_word' id='word_1_220' title='bbox 709 2412 898 2474; x_wconf 86' lang='lat' dir='ltr'><em>etiam</em></span> <span class='ocrx_word' id='word_1_221' title='bbox 928 2412 990 2474; x_wconf 91' lang='lat' dir='ltr'><em>in</em></span> <span class='ocrx_word' id='word_1_222' title='bbox 1038 2413 1217 2496; x_wconf 86' lang='lat' dir='ltr'><em>gravi</em></span> <span class='ocrx_word' id='word_1_223' title='bbox 1264 2413 1457 2478; x_wconf 89' lang='lat' dir='ltr'><em>teneri</em></span> <span class='ocrx_word' id='word_1_224' title='bbox 1505 2430 1879 2494; x_wconf 87' lang='lat' dir='ltr'><em>quemquam</em></span> <span class='ocrx_word' id='word_1_225' title='bbox 1929 2410 2005 2473; x_wconf 90' lang='lat' dir='ltr'><em>ad</em></span> <span class='ocrx_word' id='word_1_226' title='bbox 2051 2410 2443 2492; x_wconf 85' lang='lat' dir='ltr'><em>largiendum</em></span> <span class='ocrx_word' id='word_1_227' title='bbox 2476 2429 2599 2474; x_wconf 90' lang='lat' dir='ltr'><em>non</em></span> <span class='ocrx_word' id='word_1_228' title='bbox 2644 2411 2828 2475; x_wconf 89' lang='lat' dir='ltr'><em>modo</em></span> <span class='ocrx_word' id='word_1_229' title='bbox 2861 2431 2935 2475; x_wconf 81' lang='lat' dir='ltr'><em>ex</em></span> <span class='ocrx_word' id='word_1_230' title='bbox 2966 2432 3170 2494; x_wconf 87' lang='lat' dir='ltr'><em>super-</em></span> 
     </span>
     <span class='ocr_line' id='line_1_22' title="bbox 705 2512 3166 2597; baseline 0 -18"><span class='ocrx_word' id='word_1_231' title='bbox 705 2514 864 2591; x_wconf 88' lang='lat' dir='ltr'><em>fluis,</em></span> <span class='ocrx_word' id='word_1_232' title='bbox 899 2516 1005 2581; x_wconf 89' lang='lat' dir='ltr'><em>sed</em></span> <span class='ocrx_word' id='word_1_233' title='bbox 1037 2516 1228 2581; x_wconf 88' lang='lat' dir='ltr'><em>etiam</em></span> <span class='ocrx_word' id='word_1_234' title='bbox 1260 2516 1334 2581; x_wconf 90' lang='lat' dir='ltr'><em>de</em></span> <span class='ocrx_word' id='word_1_235' title='bbox 1364 2515 1721 2580; x_wconf 80' lang='lat' dir='ltr'><em>necessariis</em></span> <span class='ocrx_word' id='word_1_236' title='bbox 1755 2513 1973 2588; x_wconf 85' lang='lat' dir='ltr'><em>statui,</em></span> <span class='ocrx_word' id='word_1_237' title='bbox 2015 2512 2349 2578; x_wconf 88' lang='lat' dir='ltr'><em>dummodo</em></span> <span class='ocrx_word' id='word_1_238' title='bbox 2377 2513 2461 2577; x_wconf 86' lang='lat' dir='ltr'><em>sit</em></span> <span class='ocrx_word' id='word_1_239' title='bbox 2493 2512 2876 2597; x_wconf 86' lang='lat' dir='ltr'><em>superfluum</em></span> <span class='ocrx_word' id='word_1_240' title='bbox 2907 2517 3166 2580; x_wconf 87' lang='lat' dir='ltr'><em>naturae</em></span> 
     </span>
     <span class='ocr_line' id='line_1_23' title="bbox 704 2615 3169 2697; baseline 0 -14"><span class='ocrx_word' id='word_1_241' title='bbox 704 2638 812 2683; x_wconf 91' lang='lat' dir='ltr'><em>seu</em></span> <span class='ocrx_word' id='word_1_242' title='bbox 857 2639 1007 2683; x_wconf 89' lang='lat' dir='ltr'><em>suae</em></span> <span class='ocrx_word' id='word_1_243' title='bbox 1055 2639 1124 2683; x_wconf 88' lang='grc'><em>30</em></span> <span class='ocrx_word' id='word_1_244' title='bbox 1172 2638 1428 2684; x_wconf 89' lang='lat' dir='ltr'><em>suorum</em></span> <span class='ocrx_word' id='word_1_245' title='bbox 1475 2615 1947 2691; x_wconf 83' lang='lat' dir='ltr'><em>sustentationi3</em></span> <span class='ocrx_word' id='word_1_246' title='bbox 1997 2615 2161 2696; x_wconf 89' lang='lat' dir='ltr'><em>quod</em></span> <span class='ocrx_word' id='word_1_247' title='bbox 2210 2616 2459 2697; x_wconf 91' lang='lat' dir='ltr'><em>quidem</em></span> <span class='ocrx_word' id='word_1_248' title='bbox 2506 2618 2599 2680; x_wconf 78' lang='lat' dir='ltr'><em>est</em></span> <span class='ocrx_word' id='word_1_249' title='bbox 2648 2619 2864 2680; x_wconf 85' lang='lat' dir='ltr'><em>eontra</em></span> <span class='ocrx_word' id='word_1_250' title='bbox 2897 2636 3169 2683; x_wconf 88' lang='lat' dir='ltr'><em>eommu-</em></span> 
     </span>
     <span class='ocr_line' id='line_1_24' title="bbox 703 2718 3166 2800; baseline -0.001 -13"><span class='ocrx_word' id='word_1_251' title='bbox 703 2724 937 2787; x_wconf 90' lang='lat' dir='ltr'><em>niorem</em></span> <span class='ocrx_word' id='word_1_252' title='bbox 975 2723 1074 2786; x_wconf 91' lang='lat' dir='ltr'><em>dd.</em></span> <span class='ocrx_word' id='word_1_253' title='bbox 1115 2721 1522 2786; x_wconf 85' lang='lat' dir='ltr'><em>sententiam:</em></span> <span class='ocrx_word' id='word_1_254' title='bbox 1558 2720 1744 2799; x_wconf 88' lang='lat' dir='ltr'><em>atque</em></span> <span class='ocrx_word' id='word_1_255' title='bbox 1794 2718 1943 2782; x_wconf 87' lang='lat' dir='ltr'><em>adeo</em></span> <span class='ocrx_word' id='word_1_256' title='bbox 1992 2718 2379 2794; x_wconf 83' lang='lat' dir='ltr'><em>severiorem,</em></span> <span class='ocrx_word' id='word_1_257' title='bbox 2415 2737 2606 2800; x_wconf 86' lang='lat' dir='ltr'><em>quam</em></span> <span class='ocrx_word' id='word_1_258' title='bbox 2654 2718 2780 2797; x_wconf 87' lang='lat' dir='ltr'><em>alii,</em></span> <span class='ocrx_word' id='word_1_259' title='bbox 2817 2720 3166 2785; x_wconf 78' lang='lat' dir='ltr'><em>doctrinam</em></span> 
     </span>
     <span class='ocr_line' id='line_1_25' title="bbox 703 2827 928 2889; baseline 0 0"><span class='ocrx_word' id='word_1_260' title='bbox 703 2827 928 2889; x_wconf 86' lang='lat' dir='ltr'><em>tenuit.</em></span> 
     </span>
    </p>

    <p class='ocr_par' dir='ltr' id='par_1_3' title="bbox 698 2921 3168 3627">
     <span class='ocr_line' id='line_1_26' title="bbox 792 2921 3166 3010; baseline -0.001 -18"><span class='ocrx_word' id='word_1_261' title='bbox 792 2928 929 2992; x_wconf 90' lang='lat' dir='ltr'><em>Non</em></span> <span class='ocrx_word' id='word_1_262' title='bbox 979 2927 1214 3010; x_wconf 80' lang='lat' dir='ltr'><em>placuit</em></span> <span class='ocrx_word' id='word_1_263' title='bbox 1259 2926 1470 3005; x_wconf 86' lang='lat' dir='ltr'><em>itaque</em></span> <span class='ocrx_word' id='word_1_264' title='bbox 1524 2923 1872 3004; x_wconf 85' lang='lat' dir='ltr'><em>Vasquezio</em></span> <span class='ocrx_word' id='word_1_265' title='bbox 1921 2921 2222 2999; x_wconf 80' lang='lat' dir='ltr'><em>doctrina,</em></span> <span class='ocrx_word' id='word_1_266' title='bbox 2272 2942 2432 3004; x_wconf 86' lang='lat' dir='ltr'><em>quae</em></span> <span class='ocrx_word' id='word_1_267' title='bbox 2493 2925 2682 3000; x_wconf 86' lang='lat' dir='ltr'><em>tenet,</em></span> <span class='ocrx_word' id='word_1_268' title='bbox 2732 2924 2907 2988; x_wconf 82' lang='lat' dir='ltr'><em>extra</em></span> <span class='ocrx_word' id='word_1_269' title='bbox 2951 2944 3166 2990; x_wconf 85' lang='lat' dir='ltr'><em>casum</em></span> 
     </span>
     <span class='ocr_line' id='line_1_27' title="bbox 702 3025 3165 3110; baseline -0.001 -15"><span class='ocrx_word' id='word_1_270' title='bbox 702 3033 1009 3095; x_wconf 81' lang='lat' dir='ltr'><em>extremae</em></span> <span class='ocrx_word' id='word_1_271' title='bbox 1054 3027 1459 3101; x_wconf 78' lang='lat' dir='ltr'><em>necessitatiS‚</em></span> <span class='ocrx_word' id='word_1_272' title='bbox 1500 3044 1611 3089; x_wconf 92' lang='lat' dir='ltr'><em>nos</em></span> <span class='ocrx_word' id='word_1_273' title='bbox 1643 3025 1838 3089; x_wconf 90' lang='lat' dir='ltr'><em>teneri</em></span> <span class='ocrx_word' id='word_1_274' title='bbox 1871 3025 1947 3088; x_wconf 89' lang='lat' dir='ltr'><em>ad</em></span> <span class='ocrx_word' id='word_1_275' title='bbox 1996 3025 2449 3109; x_wconf 83' lang='lat' dir='ltr'><em>eleemosynam</em></span> <span class='ocrx_word' id='word_1_276' title='bbox 2485 3026 2689 3090; x_wconf 88' lang='lat' dir='ltr'><em>solum</em></span> <span class='ocrx_word' id='word_1_277' title='bbox 2736 3046 2808 3091; x_wconf 83' lang='lat' dir='ltr'><em>ex</em></span> <span class='ocrx_word' id='word_1_278' title='bbox 2837 3028 3165 3110; x_wconf 85' lang='lat' dir='ltr'><em>superfluis</em></span> 
     </span>
     <span class='ocr_line' id='line_1_28' title="bbox 699 3131 3165 3215; baseline -0 -15"><span class='ocrx_word' id='word_1_279' title='bbox 699 3138 917 3200; x_wconf 83' lang='lat' dir='ltr'><em>statui.</em></span> <span class='ocrx_word' id='word_1_280' title='bbox 954 3137 1116 3199; x_wconf 88' lang='lat' dir='ltr'><em>Hine</em></span> <span class='ocrx_word' id='word_1_281' title='bbox 1165 3133 1421 3205; x_wconf 77' lang='lat' dir='ltr'><em>addidit,</em></span> <span class='ocrx_word' id='word_1_282' title='bbox 1455 3131 1836 3213; x_wconf 87' lang='lat' dir='ltr'><em>superfluum</em></span> <span class='ocrx_word' id='word_1_283' title='bbox 1886 3131 2103 3207; x_wconf 83' lang='lat' dir='ltr'><em>statui,</em></span> <span class='ocrx_word' id='word_1_284' title='bbox 2137 3150 2281 3195; x_wconf 88' lang='grc'><strong>011111</strong></span> <span class='ocrx_word' id='word_1_285' title='bbox 2324 3132 2594 3215; x_wconf 78' lang='lat' dir='ltr'>intelligi</span> <span class='ocrx_word' id='word_1_286' title='bbox 2641 3133 2839 3214; x_wconf 85' lang='lat' dir='ltr'><em>possit</em></span> <span class='ocrx_word' id='word_1_287' title='bbox 2885 3132 2960 3197; x_wconf 90' lang='lat' dir='ltr'><em>de</em></span> <span class='ocrx_word' id='word_1_288' title='bbox 2992 3136 3165 3199; x_wconf 83' lang='lat' dir='ltr'><em>statu</em></span> 
     </span>
     <span class='ocr_line' id='line_1_29' title="bbox 701 3233 3168 3322; baseline -0 -20"><span class='ocrx_word' id='word_1_289' title='bbox 701 3239 1010 3322; x_wconf 83' lang='lat' dir='ltr'><em>praesenti</em></span> <span class='ocrx_word' id='word_1_290' title='bbox 1041 3238 1103 3300; x_wconf 90' lang='lat' dir='ltr'><em>et</em></span> <span class='ocrx_word' id='word_1_291' title='bbox 1149 3237 1341 3300; x_wconf 84' lang='lat' dir='ltr'><em>etiam</em></span> <span class='ocrx_word' id='word_1_292' title='bbox 1387 3234 1460 3297; x_wconf 89' lang='lat' dir='ltr'><em>de</em></span> <span class='ocrx_word' id='word_1_293' title='bbox 1499 3234 1707 3297; x_wconf 88' lang='lat' dir='ltr'><em>altiori</em></span> <span class='ocrx_word' id='word_1_294' title='bbox 1757 3234 2024 3315; x_wconf 83' lang='lat' dir='ltr'><em>sperato,</em></span> <span class='ocrx_word' id='word_1_295' title='bbox 2061 3233 2137 3297; x_wconf 89' lang='lat' dir='ltr'><em>ad</em></span> <span class='ocrx_word' id='word_1_296' title='bbox 2185 3234 2349 3315; x_wconf 91' lang='lat' dir='ltr'><em>quod</em></span> <span class='ocrx_word' id='word_1_297' title='bbox 2395 3235 2567 3299; x_wconf 80' lang='lat' dir='ltr'><em>licite</em></span> <span class='ocrx_word' id='word_1_298' title='bbox 2611 3236 2752 3316; x_wconf 88' lang='lat' dir='ltr'><em>quis</em></span> <span class='ocrx_word' id='word_1_299' title='bbox 2784 3238 2994 3318; x_wconf 88' lang='lat' dir='ltr'><em>potest</em></span> <span class='ocrx_word' id='word_1_300' title='bbox 3030 3256 3168 3302; x_wconf 85' lang='grc'><strong>0011·</strong></span> 
     </span>
     <span class='ocr_line' id='line_1_30' title="bbox 698 3335 3167 3421; baseline -0 -17"><span class='ocrx_word' id='word_1_301' title='bbox 698 3340 964 3414; x_wconf 87' lang='lat' dir='ltr'><em>tendere,</em></span> <span class='ocrx_word' id='word_1_302' title='bbox 1005 3339 1105 3402; x_wconf 83' lang='lat' dir='ltr'><em>vix</em></span> <span class='ocrx_word' id='word_1_303' title='bbox 1153 3337 1404 3420; x_wconf 87' lang='lat' dir='ltr'><em>reperiri</em></span> <span class='ocrx_word' id='word_1_304' title='bbox 1436 3336 1625 3399; x_wconf 90' lang='lat' dir='ltr'><em>etiam</em></span> <span class='ocrx_word' id='word_1_305' title='bbox 1655 3335 1720 3398; x_wconf 91' lang='lat' dir='ltr'><em>in</em></span> <span class='ocrx_word' id='word_1_306' title='bbox 1767 3336 2052 3419; x_wconf 87' lang='lat' dir='ltr'><em>regibus:</em></span> <span class='ocrx_word' id='word_1_307' title='bbox 2089 3338 2277 3417; x_wconf 87' lang='lat' dir='ltr'><em>atque</em></span> <span class='ocrx_word' id='word_1_308' title='bbox 2325 3336 2474 3402; x_wconf 89' lang='lat' dir='ltr'><em>adeo</em></span> <span class='ocrx_word' id='word_1_309' title='bbox 2511 3337 2979 3421; x_wconf 83' lang='lat' dir='ltr'><em>obligationem,</em></span> <span class='ocrx_word' id='word_1_310' title='bbox 3008 3360 3167 3421; x_wconf 85' lang='lat' dir='ltr'><em>quae</em></span> 
     </span>
     <span class='ocr_line' id='line_1_31' title="bbox 698 3437 3166 3519; baseline 0 -13"><span class='ocrx_word' id='word_1_311' title='bbox 698 3442 1061 3506; x_wconf 90' lang='lat' dir='ltr'><em>desumatur</em></span> <span class='ocrx_word' id='word_1_312' title='bbox 1106 3441 1309 3505; x_wconf 89' lang='lat' dir='ltr'><em>solum</em></span> <span class='ocrx_word' id='word_1_313' title='bbox 1356 3457 1426 3501; x_wconf 82' lang='lat' dir='ltr'><em>ex</em></span> <span class='ocrx_word' id='word_1_314' title='bbox 1473 3437 1903 3519; x_wconf 87' lang='lat' dir='ltr'><em>superfluitate</em></span> <span class='ocrx_word' id='word_1_315' title='bbox 1949 3438 2274 3515; x_wconf 85' lang='lat' dir='ltr'><em>bonorum,</em></span> <span class='ocrx_word' id='word_1_316' title='bbox 2324 3440 2425 3503; x_wconf 85' lang='lat' dir='ltr'>vix</span> <span class='ocrx_word' id='word_1_317' title='bbox 2472 3439 2670 3503; x_wconf 88' lang='lat' dir='ltr'><em>ullam</em></span> <span class='ocrx_word' id='word_1_318' title='bbox 2716 3441 2781 3505; x_wconf 90' lang='lat' dir='ltr'><em>in</em></span> <span class='ocrx_word' id='word_1_319' title='bbox 2826 3442 3008 3507; x_wconf 81' lang='lat' dir='ltr'><em>laicis</em></span> <span class='ocrx_word' id='word_1_320' title='bbox 3072 3464 3166 3506; x_wconf 91' lang='lat' dir='ltr'><em>re-</em></span> 
     </span>
     <span class='ocr_line' id='line_1_32' title="bbox 699 3539 3114 3627; baseline 0 -19"><span class='ocrx_word' id='word_1_321' title='bbox 699 3545 911 3627; x_wconf 80' lang='lat' dir='ltr'><em>periri;</em></span> <span class='ocrx_word' id='word_1_322' title='bbox 954 3541 1399 3627; x_wconf 86' lang='lat' dir='ltr'><em>obligationem</em></span> <span class='ocrx_word' id='word_1_323' title='bbox 1432 3558 1577 3623; x_wconf 88' lang='lat' dir='ltr'><em>ergo</em></span> <span class='ocrx_word' id='word_1_324' title='bbox 1616 3539 2057 3604; x_wconf 88' lang='lat' dir='ltr'><em>desumendam</em></span> <span class='ocrx_word' id='word_1_325' title='bbox 2089 3560 2219 3606; x_wconf 90' lang='lat' dir='ltr'><em>esse</em></span> <span class='ocrx_word' id='word_1_326' title='bbox 2250 3561 2322 3606; x_wconf 82' lang='lat' dir='ltr'><em>ex</em></span> <span class='ocrx_word' id='word_1_327' title='bbox 2352 3542 2720 3607; x_wconf 77' lang='lat' dir='ltr'><em>necessitate</em></span> <span class='ocrx_word' id='word_1_328' title='bbox 2751 3563 3114 3626; x_wconf 82' lang='lat' dir='ltr'><em>pauperum.</em></span> 
     </span>
    </p>

    <p class='ocr_par' dir='ltr' id='par_1_4' title="bbox 695 3641 3165 3831">
     <span class='ocr_line' id='line_1_33' title="bbox 788 3641 3165 3728; baseline 0 -17"><span class='ocrx_word' id='word_1_329' title='bbox 788 3647 989 3727; x_wconf 80' lang='lat' dir='ltr'><em>Quam</em></span> <span class='ocrx_word' id='word_1_330' title='bbox 1037 3644 1284 3727; x_wconf 85' lang='lat' dir='ltr'><em>quidem</em></span> <span class='ocrx_word' id='word_1_331' title='bbox 1331 3641 1675 3706; x_wconf 82' lang='lat' dir='ltr'><em>doctrinam</em></span> <span class='ocrx_word' id='word_1_332' title='bbox 1714 3644 1919 3707; x_wconf 90' lang='lat' dir='ltr'><em>solum</em></span> <span class='ocrx_word' id='word_1_333' title='bbox 1965 3644 2220 3727; x_wconf 87' lang='lat' dir='ltr'><em>perfidia</em></span> <span class='ocrx_word' id='word_1_334' title='bbox 2267 3645 2624 3708; x_wconf 87' lang='lat' dir='ltr'><em>ianseniana</em></span> <span class='ocrx_word' id='word_1_335' title='bbox 2671 3648 2918 3728; x_wconf 87' lang='lat' dir='ltr'><em>poterat</em></span> <span class='ocrx_word' id='word_1_336' title='bbox 2965 3647 3029 3712; x_wconf 92' lang='lat' dir='ltr'><em>in</em></span> <span class='ocrx_word' id='word_1_337' title='bbox 3070 3667 3165 3711; x_wconf 88' lang='grc'><em>03-</em></span> 
     </span>
     <span class='ocr_line' id='line_1_34' title="bbox 695 3745 2981 3831; baseline -0 -18"><span class='ocrx_word' id='word_1_338' title='bbox 695 3750 1001 3815; x_wconf 88' lang='lat' dir='ltr'><em>lumniam</em></span> <span class='ocrx_word' id='word_1_339' title='bbox 1033 3766 1269 3823; x_wconf 80' lang='lat' dir='ltr'><em>vocare,</em></span> <span class='ocrx_word' id='word_1_340' title='bbox 1297 3745 1475 3826; x_wconf 89' lang='lat' dir='ltr'><em>quasi</em></span> <span class='ocrx_word' id='word_1_341' title='bbox 1508 3748 1693 3829; x_wconf 89' lang='lat' dir='ltr'><em>neget</em></span> <span class='ocrx_word' id='word_1_342' title='bbox 1726 3746 2173 3829; x_wconf 83' lang='lat' dir='ltr'><em>obligationem</em></span> <span class='ocrx_word' id='word_1_343' title='bbox 2203 3745 2509 3829; x_wconf 87' lang='lat' dir='ltr'><em>largiendi</em></span> <span class='ocrx_word' id='word_1_344' title='bbox 2540 3746 2981 3831; x_wconf 80' lang='lat' dir='ltr'><em>eleemosynas,</em></span> 
     </span>
    </p>

    <p class='ocr_par' dir='ltr' id='par_1_5' title="bbox 694 3847 3166 4642">
     <span class='ocr_line' id='line_1_35' title="bbox 790 3847 3163 3929; baseline 0 -14"><span class='ocrx_word' id='word_1_345' title='bbox 790 3847 950 3920; x_wconf 84' lang='grc'><strong>201.</strong></span> <span class='ocrx_word' id='word_1_346' title='bbox 1000 3848 1286 3913; x_wconf 83' lang='lat' dir='ltr'><em>Ceterum</em></span> <span class='ocrx_word' id='word_1_347' title='bbox 1336 3848 1536 3911; x_wconf 86' lang='lat' dir='ltr'><em>Diana</em></span> <span class='ocrx_word' id='word_1_348' title='bbox 1583 3849 1624 3910; x_wconf 94' lang='grc'><em>1.</em></span> <span class='ocrx_word' id='word_1_349' title='bbox 1676 3868 1726 3911; x_wconf 88' lang='grc'><em>0.</em></span> <span class='ocrx_word' id='word_1_350' title='bbox 1768 3849 1861 3910; x_wconf 85' lang='lat' dir='ltr'><em>ita</em></span> <span class='ocrx_word' id='word_1_351' title='bbox 1908 3848 2338 3929; x_wconf 87' lang='lat' dir='ltr'><em>prosequitur;</em></span> <span class='ocrx_word' id='word_1_352' title='bbox 2386 3873 2420 3905; x_wconf 90' lang='lat'>«</span> <span class='ocrx_word' id='word_1_353' title='bbox 2464 3848 2616 3912; x_wconf 92' lang='lat' dir='ltr'><em>Vide</em></span> <span class='ocrx_word' id='word_1_354' title='bbox 2664 3850 2854 3914; x_wconf 89' lang='lat' dir='ltr'><em>etiam</em></span> <span class='ocrx_word' id='word_1_355' title='bbox 2902 3852 3163 3916; x_wconf 91' lang='lat' dir='ltr'><em>eundem</em></span> 
     </span>
     <span class='ocr_line' id='line_1_36' title="bbox 698 3948 3160 4035; baseline -0.001 -18"><span class='ocrx_word' id='word_1_356' title='bbox 698 3955 809 4035; x_wconf 85' lang='lat' dir='ltr'><em>(se.</em></span> <span class='ocrx_word' id='word_1_357' title='bbox 843 3952 1064 4033; x_wconf 82' lang='lat' dir='ltr'><em>Vasq.)</em></span> <span class='ocrx_word' id='word_1_358' title='bbox 1097 3951 1234 4015; x_wconf 80' lang='lat' dir='ltr'><em>infr.</em></span> <span class='ocrx_word' id='word_1_359' title='bbox 1269 3971 1328 4013; x_wconf 90' lang='lat' dir='ltr'><em>n.</em></span> <span class='ocrx_word' id='word_1_360' title='bbox 1365 3951 1468 4012; x_wconf 74' lang='lat'><em>32.</em></span> <span class='ocrx_word' id='word_1_361' title='bbox 1506 3953 1568 4013; x_wconf 90' lang='lat' dir='ltr'><em>et</em></span> <span class='ocrx_word' id='word_1_362' title='bbox 1607 3948 1893 4013; x_wconf 83' lang='lat' dir='ltr'><em>Corduba</em></span> <span class='ocrx_word' id='word_1_363' title='bbox 1930 3948 2038 4011; x_wconf 91' lang='lat' dir='ltr'><em>lib.</em></span> <span class='ocrx_word' id='word_1_364' title='bbox 2078 3949 2135 4011; x_wconf 92' lang='lat'><em>1.</em></span> <span class='ocrx_word' id='word_1_365' title='bbox 2172 3968 2229 4030; x_wconf 92' lang='lat' dir='ltr'><em>q.</em></span> <span class='ocrx_word' id='word_1_366' title='bbox 2266 3948 2371 4011; x_wconf 85' lang='lat'><em>36.</em></span> <span class='ocrx_word' id='word_1_367' title='bbox 2407 3969 2548 4013; x_wconf 88' lang='lat' dir='ltr'><em>eum</em></span> <span class='ocrx_word' id='word_1_368' title='bbox 2582 3950 2871 4015; x_wconf 84' lang='lat' dir='ltr'><em>Granado</em></span> <span class='ocrx_word' id='word_1_369' title='bbox 2909 3952 2975 4016; x_wconf 90' lang='lat' dir='ltr'><em>in</em></span> <span class='ocrx_word' id='word_1_370' title='bbox 3012 3955 3071 4017; x_wconf 80' lang='lat'><em>2.</em></span> <span class='ocrx_word' id='word_1_371' title='bbox 3101 3955 3160 4016; x_wconf 78' lang='lat'><em>2.</em></span> 
     </span>
     <span class='ocr_line' id='line_1_37' title="bbox 697 4050 3166 4136; baseline 0 -17"><span class='ocrx_word' id='word_1_372' title='bbox 697 4054 908 4119; x_wconf 87' lang='lat' dir='ltr'><em>Contr.</em></span> <span class='ocrx_word' id='word_1_373' title='bbox 943 4055 1003 4117; x_wconf 85' lang='lat'><em>3.</em></span> <span class='ocrx_word' id='word_1_374' title='bbox 1038 4056 1197 4133; x_wconf 84' lang='lat' dir='ltr'><em>(aut.</em></span> <span class='ocrx_word' id='word_1_375' title='bbox 1236 4053 1328 4125; x_wconf 75' lang='grc'><em>8.)</em></span> <span class='ocrx_word' id='word_1_376' title='bbox 1368 4053 1444 4113; x_wconf 89' lang='lat' dir='ltr'><em>tr.</em></span> <span class='ocrx_word' id='word_1_377' title='bbox 1487 4052 1585 4112; x_wconf 88' lang='grc'><em>11.</em></span> <span class='ocrx_word' id='word_1_378' title='bbox 1616 4052 1763 4112; x_wconf 83' lang='lat' dir='ltr'><em>sect.</em></span> <span class='ocrx_word' id='word_1_379' title='bbox 1811 4051 1864 4112; x_wconf 91' lang='lat'><em>1.</em></span> <span class='ocrx_word' id='word_1_380' title='bbox 1901 4070 1958 4111; x_wconf 91' lang='lat' dir='ltr'><em>n.</em></span> <span class='ocrx_word' id='word_1_381' title='bbox 2002 4051 2107 4124; x_wconf 86' lang='lat'><strong>3..‚</strong></span> <span class='ocrx_word' id='word_1_382' title='bbox 2145 4051 2251 4113; x_wconf 86' lang='lat' dir='ltr'><em>ubi</em></span> <span class='ocrx_word' id='word_1_383' title='bbox 2301 4050 2554 4115; x_wconf 83' lang='lat' dir='ltr'><em>adducit</em></span> <span class='ocrx_word' id='word_1_384' title='bbox 2600 4057 2662 4117; x_wconf 86' lang='lat' dir='ltr'><em>et</em></span> <span class='ocrx_word' id='word_1_385' title='bbox 2709 4054 3017 4136; x_wconf 84' lang='lat' dir='ltr'><em>approbat</em></span> <span class='ocrx_word' id='word_1_386' title='bbox 3062 4055 3166 4120; x_wconf 90' lang='lat' dir='ltr'><em>do-</em></span> 
     </span>
     <span class='ocr_line' id='line_1_38' title="bbox 694 4149 3162 4234; baseline 0 -13"><span class='ocrx_word' id='word_1_387' title='bbox 694 4157 958 4221; x_wconf 82' lang='lat' dir='ltr'><em>ctrinam</em></span> <span class='ocrx_word' id='word_1_388' title='bbox 991 4152 1269 4217; x_wconf 86' lang='lat' dir='ltr'><em>Caietani</em></span> <span class='ocrx_word' id='word_1_389' title='bbox 1304 4152 1366 4214; x_wconf 93' lang='lat' dir='ltr'><em>in</em></span> <span class='ocrx_word' id='word_1_390' title='bbox 1419 4150 1587 4213; x_wconf 75' lang='lat' dir='ltr'><em>Sum.</em></span> <span class='ocrx_word' id='word_1_391' title='bbox 1623 4149 1699 4212; x_wconf 73' lang='lat' dir='ltr'><em>V.</em></span> <span class='ocrx_word' id='word_1_392' title='bbox 1735 4149 2151 4231; x_wconf 72' lang='lat' dir='ltr'><em>eleemosynae</em></span> <span class='ocrx_word' id='word_1_393' title='bbox 2182 4151 2456 4234; x_wconf 67' lang='lat' dir='ltr'><em>larqitio,</em></span> <span class='ocrx_word' id='word_1_394' title='bbox 2492 4155 2579 4220; x_wconf 89' lang='lat' dir='ltr'><em>sie</em></span> <span class='ocrx_word' id='word_1_395' title='bbox 2614 4175 2890 4221; x_wconf 88' lang='lat' dir='ltr'><em>asserens</em></span> <span class='ocrx_word' id='word_1_396' title='bbox 2926 4184 2988 4222; x_wconf 79' lang='grc'><em>».</em></span> <span class='ocrx_word' id='word_1_397' title='bbox 3023 4156 3162 4222; x_wconf 74' lang='lat' dir='ltr'><em>Hoc</em></span> 
     </span>
     <span class='ocr_line' id='line_1_39' title="bbox 697 4252 3159 4339; baseline 0 -17"><span class='ocrx_word' id='word_1_398' title='bbox 697 4279 825 4322; x_wconf 89' lang='lat' dir='ltr'><em>esse</em></span> <span class='ocrx_word' id='word_1_399' title='bbox 857 4255 1250 4319; x_wconf 71' lang='lat' dir='ltr'><em>iudicandam</em></span> <span class='ocrx_word' id='word_1_400' title='bbox 1299 4252 1706 4313; x_wconf 74' lang='lat' dir='ltr'><em>consideratis</em></span> <span class='ocrx_word' id='word_1_401' title='bbox 1745 4252 2089 4331; x_wconf 75' lang='lat' dir='ltr'><em>sennptibns</em></span> <span class='ocrx_word' id='word_1_402' title='bbox 2135 4253 2602 4320; x_wconf 75' lang='lat' dir='ltr'><em>honorabilibus</em></span> <span class='ocrx_word' id='word_1_403' title='bbox 2647 4259 2835 4321; x_wconf 81' lang='lat' dir='ltr'><em>etiam</em></span> <span class='ocrx_word' id='word_1_404' title='bbox 2883 4260 3159 4339; x_wconf 73' lang='lat' dir='ltr'><em>filioram</em></span> 
     </span>
     <span class='ocr_line' id='line_1_40' title="bbox 694 4353 3156 4440; baseline 0.002 -17"><span class='ocrx_word' id='word_1_405' title='bbox 694 4359 994 4440; x_wconf 79' lang='lat' dir='ltr'><em>familiae,</em></span> <span class='ocrx_word' id='word_1_406' title='bbox 1042 4360 1242 4419; x_wconf 71' lang='lat' dir='ltr'><em>statas</em></span> <span class='ocrx_word' id='word_1_407' title='bbox 1299 4353 1744 4433; x_wconf 74' lang='lat' dir='ltr'><em>niuniftcentia,</em></span> <span class='ocrx_word' id='word_1_408' title='bbox 1794 4356 2280 4436; x_wconf 73' lang='lat' dir='ltr'><em>maqnifieentia,</em></span> <span class='ocrx_word' id='word_1_409' title='bbox 2340 4362 2760 4425; x_wconf 56' lang='lat' dir='ltr'><em>eonmmnibeas</em></span> <span class='ocrx_word' id='word_1_410' title='bbox 2824 4365 3156 4440; x_wconf 71' lang='lat' dir='ltr'><em>eventibns‘,</em></span> 
     </span>
     <span class='ocr_line' id='line_1_41' title="bbox 696 4456 3156 4545; baseline 0.003 -22"><span class='ocrx_word' id='word_1_411' title='bbox 696 4458 1061 4523; x_wconf 71' lang='lat' dir='ltr'><em>haeredibus</em></span> <span class='ocrx_word' id='word_1_412' title='bbox 1093 4462 1151 4519; x_wconf 81' lang='lat' dir='ltr'><em>et</em></span> <span class='ocrx_word' id='word_1_413' title='bbox 1179 4456 1328 4519; x_wconf 79' lang='lat' dir='ltr'><em>aliis</em></span> <span class='ocrx_word' id='word_1_414' title='bbox 1362 4457 1692 4524; x_wconf 72' lang='lat' dir='ltr'><em>eiusmodi:</em></span> <span class='ocrx_word' id='word_1_415' title='bbox 1725 4459 1815 4520; x_wconf 80' lang='lat' dir='ltr'><em>ita</em></span> <span class='ocrx_word' id='word_1_416' title='bbox 1864 4464 1930 4521; x_wconf 75' lang='lat' dir='ltr'><em>ut</em></span> <span class='ocrx_word' id='word_1_417' title='bbox 1974 4460 2258 4523; x_wconf 72' lang='lat' dir='ltr'><em>videatur</em></span> <span class='ocrx_word' id='word_1_418' title='bbox 2288 4484 2435 4526; x_wconf 85' lang='lat' dir='ltr'><em>raro</em></span> <span class='ocrx_word' id='word_1_419' title='bbox 2480 4465 2854 4545; x_wconf 70' lang='lat' dir='ltr'><em>eontingyere,</em></span> <span class='ocrx_word' id='word_1_420' title='bbox 2887 4472 2960 4529; x_wconf 81' lang='lat' dir='ltr'><em>ut</em></span> <span class='ocrx_word' id='word_1_421' title='bbox 2988 4467 3156 4529; x_wconf 81' lang='lat' dir='ltr'><em>homo</em></span> 
     </span>
     <span class='ocr_line' id='line_1_42' title="bbox 695 4558 3150 4642; baseline 0.004 -19"><span class='ocrx_word' id='word_1_422' title='bbox 695 4561 1029 4623; x_wconf 71' lang='lat' dir='ltr'><em>secundnm</em></span> <span class='ocrx_word' id='word_1_423' title='bbox 1072 4564 1300 4622; x_wconf 72' lang='lat' dir='ltr'><em>statum</em></span> <span class='ocrx_word' id='word_1_424' title='bbox 1345 4558 1610 4639; x_wconf 64' lang='lat' dir='ltr'><em>gylei-cose</em></span> <span class='ocrx_word' id='word_1_425' title='bbox 1661 4562 1884 4635; x_wconf 53' lang='lat' dir='ltr'><em>verens,</em></span> <span class='ocrx_word' id='word_1_426' title='bbox 1917 4563 2235 4642; x_wconf 72' lang='lat' dir='ltr'><em>superflua</em></span> <span class='ocrx_word' id='word_1_427' title='bbox 2284 4564 2520 4630; x_wconf 79' lang='lat' dir='ltr'><em>habeat.</em></span> <span class='ocrx_word' id='word_1_428' title='bbox 2573 4566 2745 4631; x_wconf 81' lang='lat' dir='ltr'><em>Haeo</em></span> <span class='ocrx_word' id='word_1_429' title='bbox 2798 4566 3150 4634; x_wconf 77' lang='lat' dir='ltr'><em>CaietanuS.</em></span> 
     </span>
    </p>
   </div>
  </div>
 </body>
</html>
