3497 5147
688 338 758 392 42
1064 348 1275 390 macr.
1315 349 1369 389 v.
1409 347 1573 389 sacr.
1615 349 1654 388 1.
1694 348 1781 388 nn
1818 348 2192 391 Pmmmmm
2230 350 2419 391 rmm.
2458 350 2659 393 onor
2695 350 2784 390 111.
3040 335 3147 410 [65]

686 449 963 531 ptantur.
1015 446 1250 511 Idcirco
1297 444 1489 509 etiam
1536 444 1600 508 in
1646 445 2013 510 necessitate
2059 446 2407 511 conandum
2439 449 2600 512 esset
2630 447 2841 530 potius
2874 467 2982 531 per
3011 466 3151 512 con-

687 551 1006 615 tritionem
1039 550 1182 631 (aut
1211 546 1568 630 caritatem)
1591 547 1918 612 iustificari
1944 568 2133 630 quam
2159 569 2303 614 eum
2334 552 2544 615 actum
2569 551 3149 616 communicationis

684 674 827 718 cum
849 652 1176 719 haereticis
1200 669 1491 727 exercere,
1526 650 1646 715 nisi
1670 651 2009 733 praemissa
2032 652 2482 735 protestatione
2506 671 2629 717 non
2652 653 3150 719 communicandi

685 757 744 820 in
808 756 935 819 ritu
999 758 1062 819 et
1117 755 1285 819 secta
1342 753 1444 818 sed
1492 753 1695 817 solum
1762 754 1975 818 utendi
2020 755 2154 819 iure
2201 774 2314 819 suo
2363 754 2441 819 ob
2487 756 2918 820 necessitatem
2964 781 3024 818 ».
3077 754 3148 818 Id

685 858 924 922 eruitur
969 876 1234 939 quoque,
1285 857 1376 920 ait
1422 855 1598 939 Gury
1654 854 1855 919 Casus
1901 854 2116 920 Conse.
2152 859 2305 922 tom.
2357 859 2417 921 2.
2456 878 2517 921 n.
2553 860 2726 932 203„
2766 877 2838 923 ex
2884 858 3148 941 epistola

686 961 993 1046 encyclica
1023 961 1121 1024 Pii
1160 959 1269 1024 VI.
1305 957 1721 1022 Laudabilem
1769 958 1846 1022 ad
1894 977 2103 1024 omnes
2141 959 2477 1043 Episcopos
2525 958 2876 1024 Galliarum
2915 961 3020 1024 20.
3061 979 3151 1023 se-

688 1064 986 1147 ptembris
1038 1064 1229 1127 1791.
1277 1063 1340 1127 in
1388 1081 1513 1144 qua
1560 1061 1846 1127 Pontifex
1881 1061 2187 1145 prohibet,
2221 1081 2296 1126 ne
2327 1061 2536 1127 fideles
2575 1062 2735 1127 filios
2769 1081 2914 1126 suos
2953 1062 3149 1145 bapti-

689 1168 916 1231 zandos
941 1165 1364 1231 sacerdotibus
1387 1165 1678 1229 instrusis
1703 1162 1982 1243 offerant,
2001 1165 2304 1244 quamvis,
2322 1164 2395 1227 ob
2429 1163 2741 1246 legitimae
2753 1164 3153 1244 probationis

691 1267 1014 1347 defectum,
1047 1286 1304 1331 suorum
1333 1265 1647 1330 natalium
1692 1266 1830 1329 iure
1871 1285 2083 1330 carere
2129 1270 2244 1329 aut
2267 1266 2528 1348 yravius
2557 1265 2875 1346 quodlibet
2918 1265 3153 1330 malum

677 1371 825 1449 pati
854 1374 1237 1452 coyerentur.

782 1468 901 1542 65.
942 1471 1102 1551 Quid
1134 1470 1458 1535 dicendum
1505 1470 1579 1534 de
1625 1470 1967 1547 catholiciS,
2008 1472 2114 1552 qui
2164 1471 2574 1536 adhibeantur
2619 1471 2870 1553 patrini,
2903 1469 3153 1552 quando

689 1575 803 1639 filii
834 1575 1287 1639 haereticorum
1319 1574 1717 1655 baptizantur
1763 1594 1800 1636 a
1846 1574 2132 1638 ministro
2166 1573 2473 1639 haeretico
2498 1578 2527 1637 Ρ
2574 1572 2958 1639 Sententiam
2994 1574 3155 1638 affir-

686 1680 964 1743 mantem
995 1678 1059 1742 id
1091 1677 1272 1741 licere
1320 1695 1530 1740 veram
1562 1678 1769 1741 censet
1801 1676 2142 1760 Laymann,
2178 1677 2402 1742 saltem
2435 1677 2498 1741 in
2536 1695 2651 1741 sua
2698 1676 3032 1742 Germania
3078 1675 3153 1739 de

694 1780 887 1860 Bapt.
921 1800 972 1844 c.
1010 1782 1069 1844 9.
1103 1800 1162 1843 n.
1205 1780 1288 1857 6.,
1315 1779 1422 1842 ubi
1447 1780 1928 1844 communicatio
1961 1782 2024 1843 et
2058 1799 2176 1862 pax
2199 1781 2361 1845 inter
2383 1779 2722 1844 catholicos
2747 1781 2811 1845 et
2833 1780 3151 1845 luteranos

686 1887 877 1968 viget.
919 1886 1106 1948 Ratio
1147 1886 1268 1959 est,
1319 1883 1465 1965 quia
1515 1884 1790 1947 officium
1838 1884 2069 1966 patrini
2109 1884 2222 1958 est,
2272 1885 2346 1947 ut
2377 1883 2430 1946 is
2462 1885 2713 1948 externa
2760 1882 3149 1965 susceptione

686 1988 1055 2069 profiteatur
1102 2005 1165 2051 se
1213 1986 1525 2050 hominem
1571 1984 1756 2050 modo
1805 1985 2215 2068 spiritualiter
2261 1985 2545 2068 genitum
2591 1986 2653 2049 in
2712 2004 2925 2049 curam
2973 2001 3151 2048 suam

689 2090 1143 2170 suscepturum,
1164 2090 1465 2170 tanquam
1489 2107 1673 2151 suum
1698 2087 2086 2170 spiritualem
2106 2087 2458 2151 nutritium.
2483 2088 2679 2169 Atqui
2705 2087 2861 2152 nihil
2891 2085 3152 2169 impedit

689 2191 751 2253 id
784 2190 1060 2273 profiteri
1092 2191 1472 2255 catholicum
1519 2209 1628 2273 pro
1676 2190 1994 2271 baptizato
2027 2189 2089 2252 in
2128 2190 2374 2253 nomine
2405 2208 2487 2254 ss.
2522 2189 2872 2266 Trinitatis,
2907 2189 3026 2254 etsi
3072 2187 3151 2251 ab

688 2292 1025 2368 haeretico;
1055 2311 1199 2356 nam
1224 2311 1436 2375 reapse
1460 2292 1818 2374 baptizatus
1840 2292 1915 2354 fit
1937 2292 2284 2356 membrum
2315 2310 2494 2356 verae
2524 2291 2852 2369 Ecclesiae,
2886 2294 2950 2356 in
2973 2290 3151 2355 cuius

688 2394 806 2459 fide
839 2396 934 2459 est
963 2396 1388 2471 instruendus3
1441 2396 1513 2459 ut
1559 2395 1784 2458 idcirco
1824 2394 2047 2458 utilius
2077 2395 2163 2458 sit
2199 2395 2517 2477 baptizato
2566 2396 2884 2477 patrinum
2928 2394 3152 2458 habere

687 2498 1085 2576 catholicum,
1143 2518 1332 2581 quam
1386 2497 1790 2560 haereticum.
1853 2496 2085 2561 Deinde
2140 2498 2283 2580 post
2334 2496 2846 2562 constitutionem
2892 2493 3154 2561 Concilii

687 2600 1134 2678 Constantien.,
1185 2601 1665 2666 communicatio
1713 2620 1857 2665 cum
1903 2601 2229 2666 haereticis
2276 2601 2539 2684 aliisque
2585 2600 3149 2677 excommunicatis,
3190 2671 3195 2676 ,

686 2724 808 2784 non
856 2705 1240 2770 denuntiatis
1286 2703 1678 2776 nominatim,
1728 2722 1838 2767 nec
1884 2704 1947 2768 in
1995 2704 2184 2767 sacris
2231 2723 2340 2769 nec
2384 2704 2448 2768 in
2495 2704 2784 2769 civilibus
2830 2704 3014 2768 rebus
3058 2704 3155 2767 est

690 2805 973 2871 fidelibus
1008 2806 1355 2881 interdicta,
1391 2805 1725 2870 dummodo
1765 2806 2244 2872 communicat-io
2292 2824 2415 2871 non
2452 2807 2537 2871 sit
2581 2807 2644 2870 in
2692 2806 2981 2872 exercitio
3013 2806 3152 2870 hae-

687 2909 899 2984 retico,
951 2913 1023 2973 ut
1070 2907 1530 2973 communicans
1578 2909 1901 2972 censeatur
1946 2908 2143 2973 facere
2191 2910 2408 2973 contra
2455 2911 2770 2974 externam
2819 2908 3151 2974 ortodoxae

686 3011 826 3076 fidei
876 3011 1336 3095 professionem.
1387 3011 1583 3092 Atqui
1634 3011 1778 3074 talis
1825 3029 1949 3076 non
1997 3014 2091 3076 est
2137 3012 2616 3077 communicatio
2665 3012 2850 3076 huius
2897 3011 3148 3096 patrini,

686 3114 835 3193 quia
882 3113 944 3176 in
992 3113 1166 3176 nulla
1215 3113 1340 3176 alia
1386 3133 1450 3177 re
1498 3133 1605 3177 seu
1655 3114 1855 3177 active
1887 3133 1996 3177 seu
2029 3114 2291 3196 passive,
2338 3114 2748 3182 materialiter
2780 3133 2890 3179 seu
2928 3113 3153 3178 forma·

683 3213 831 3276 liter
876 3214 1312 3291 communicat,
1363 3234 1552 3298 quam
1598 3216 1765 3297 quod
1811 3235 2073 3299 puerum
2120 3236 2227 3299 per
2270 3215 2687 3281 ministerium
2736 3215 3150 3299 praedicantis

685 3315 978 3379 haeretici
1025 3317 1222 3381 filium
1286 3317 1593 3382 Ecclesiae
1641 3318 1984 3382 catholicae
2030 3318 2335 3395 effectum,
2384 3318 2565 3399 quasi
2609 3319 2856 3384 nomine
2902 3319 3037 3383 eius
3088 3318 3151 3382 in

686 3435 867 3480 suam
914 3437 1126 3482 curam
1174 3421 1237 3483 et
1283 3420 1729 3502 protectionem
1763 3420 2097 3501 suscipiat:
2133 3421 2284 3484 haec
2321 3439 2465 3486 vero
2498 3439 2619 3486 non
2668 3421 3013 3486 haereticae
3044 3420 3150 3486 sed

686 3519 1027 3585 catholicae
1065 3522 1382 3606 religionis
1428 3523 1725 3605 professio
1761 3522 1824 3586 et
1860 3522 2216 3586 exercitium
2255 3523 2367 3587 est.

776 3621 1010 3688 Verum
1055 3625 1215 3689 hanc
1260 3625 1562 3689 minorem
1610 3625 1789 3708 Lugo
1837 3645 1896 3688 11.
1953 3625 2096 3689 162.
2147 3644 2289 3689 cum
2337 3626 2476 3689 aliis
2522 3644 2644 3690 non
2676 3626 2974 3704 concedit,
3024 3627 3154 3690 imo

686 3727 1043 3808 oppositum
1092 3728 1339 3792 statuit.
1391 3727 1553 3791 Nam
1586 3726 1857 3792 ministri
1895 3728 2189 3791 haeretici
2235 3728 2607 3812 regulariter
2653 3729 2976 3811 baptizant
3020 3729 3151 3794 ritu

682 3828 1013 3908 haereticO,
1049 3830 1213 3911 quod
1240 3833 1302 3893 et
1334 3827 1657 3913 Laymann
1698 3830 2025 3912 supponit3
2077 3849 2258 3912 porro
2287 3831 2570 3913 patrinus
2595 3851 2716 3897 non
2751 3832 2955 3897 solum
2981 3851 3153 3916 prae·

681 3931 812 3995 stat
858 3932 1024 4013 quod
1073 3933 1230 3996 dixit
1278 3931 1620 4014 Laymann,
1679 3931 1785 3996 sed
1834 3931 2010 3995 offert
2064 3933 2351 3998 ministro
2399 3952 2659 4015 puerum
2709 3934 3148 4019 baptizandum

678 4035 742 4097 et
790 4034 951 4116 petit
997 4035 1074 4097 ab
1123 4052 1193 4097 eo
1244 4032 1655 4115 baptismum:
1707 4034 2127 4098 communicat
2171 4054 2319 4119 ergo
2367 4054 2507 4100 cum
2546 4035 2682 4119 ipso
2730 4037 2794 4101 in
2826 4038 2955 4102 ritu
2994 4036 3149 4113 eiuS,

686 4136 853 4216 quod
884 4139 981 4200 est
1010 4136 1325 4200 illicitum.
2843 4215 2848 4221 .

774 4235 1156 4301 Sententiam
1204 4236 1526 4319 Laymann
1575 4256 1623 4300 s,
1659 4237 1844 4321 Alph.
1897 4238 1938 4302 1.
1975 4238 2034 4301 6.
2070 4259 2129 4302 11.
2176 4240 2320 4303 156.
2370 4259 2492 4307 non
2526 4242 2744 4319 reiicit,
2787 4242 2891 4306 sed
2937 4243 3149 4324 potius

610 4325 623 4336 ”
680 4340 984 4416 tanquam
1031 4337 1326 4418 probatae
1373 4341 1589 4402 notam
1638 4339 1872 4405 adiicit.
1920 4340 2084 4406 Nam
2119 4342 2196 4408 ad
2227 4344 2413 4410 verba
2461 4345 2918 4412 Busembaum:
2961 4345 3148 4410 «Ca-

679 4438 896 4502 tholici
944 4457 1110 4514 vero,
1161 4439 1238 4503 ob
1286 4438 1722 4506 rationabilem
1755 4461 2029 4518 causam,
2079 4446 2379 4511 infantem
2424 4447 2737 4522 haeretici,
2788 4447 3145 4531 baptizante

678 4539 1091 4623 praedicante,
1141 4541 1448 4623 suscipere
1481 4546 1745 4625 possunt
1777 4545 2002 4610 saltem
2033 4548 2097 4610 in
2130 4546 2484 4626 Germania,
2523 4549 2847 4632 Laymann
2881 4575 2944 4622 ιι,
2970 4550 3146 4615 addit
