3497 5147
384 352 494 429 [24]
1015 364 1311 413 Quonono
1346 330 1610 407 ennium·
1645 366 2054 410 ratimarum
2090 370 2262 411 mmm
2783 362 2851 418 17

478 463 607 538 24.
636 466 825 530 Ratio
850 463 1239 527 difficultatis
1271 466 1383 537 est,
1424 464 1588 545 quod
1619 466 2017 547 praeceptum
2052 467 2518 546 affirmativum,
2553 490 2695 534 cum
2728 492 2849 537 non

389 570 625 655 obliget
658 587 782 649 pro
827 585 1066 646 semper
1109 563 1272 630 idest
1315 584 1427 648 pro
1477 566 1762 630 omnibus
1810 569 1873 632 et
1921 568 2184 653 singulis
2234 572 2650 654 temporibus;
2702 593 2850 660 ergo

387 674 629 758 obligat
674 670 880 736 solum
912 687 1023 751 pro
1056 667 1430 750 quibusdam
1463 668 1949 735 circumstantiis
1982 689 2090 734 seu
2124 674 2528 754 temporibus.
2567 675 2762 741 Porro
2796 677 2849 741 si

384 778 785 861 praeceptum
835 776 1042 855 ipsum
1074 790 1196 837 non
1227 771 1509 855 designet
1554 772 1671 835 hoc
1708 774 1956 856 tempus
1988 791 2097 838 seu
2145 774 2665 855 circumstantiae,
2714 778 2852 842 reli-

385 899 579 963 quum
610 880 706 944 est
739 878 815 941 ut
845 894 966 940 non
1001 874 1254 959 obliget,
1288 873 1409 937 nisi
1446 891 1555 956 pro
1589 874 1854 939 articulo
1879 876 2285 940 necessitatis,
2319 877 2516 960 Atqui
2547 879 2663 943 hoc
2678 900 2851 962 prae-

384 984 633 1067 ceptum
684 998 809 1044 non
855 977 1142 1061 designat
1194 977 1461 1058 tempus,
1500 976 1599 1041 uti
1636 979 1811 1059 patet
1865 997 2061 1059 neque
2108 978 2299 1043 etiam
2352 981 2508 1045 satis
2565 985 2841 1065 apparet,

382 1102 690 1165 quaenam
726 1081 813 1147 sit
841 1079 1194 1154 necessitaS,
1220 1078 1284 1142 in
1308 1097 1431 1159 qua
1456 1078 1584 1142 tale
1608 1080 2005 1162 praeceptum
2038 1079 2304 1163 obliget3
2339 1081 2564 1147 idcirco
2597 1083 2846 1150 difficile

382 1188 479 1251 est
508 1186 747 1250 certum
778 1184 1025 1265 tempus
1056 1180 1243 1244 huius
1281 1180 1682 1264 obligationis
1713 1180 2068 1265 praefigere.
2103 1180 2329 1247 Suarez
2367 1184 2409 1246 l.
2443 1204 2495 1248 c.
2527 1204 2587 1248 n.
2628 1187 2685 1249 1.

472 1289 545 1353 In
588 1286 825 1371 primis,
859 1286 935 1349 ut
963 1282 1268 1366 quaedam
1299 1285 1468 1347 certa
1499 1283 1884 1361 statuantur,
1924 1283 2240 1349 habendae
2277 1306 2422 1369 prae
2456 1289 2650 1352 oculis
2682 1289 2841 1354 istae

382 1391 833 1476 propositiones
864 1388 1214 1453 damnatae.
1247 1386 1431 1470 Prop.
1464 1386 1564 1450 16.
1601 1387 1677 1450 ab
1709 1387 1920 1452 Innoc.
1953 1387 2102 1452 XL:
2136 1415 2171 1447 «
2195 1388 2378 1454 Fides
2408 1409 2530 1455 non
2562 1394 2847 1457 censetur

382 1494 596 1559 cadere
624 1493 743 1558 sub
779 1491 1173 1575 praeceptum
1204 1488 1468 1572 speciale
1499 1489 1836 1554 secundum
1867 1508 1932 1554 se
1955 1514 2018 1554 ιι.
2052 1490 2217 1555 Nam
2247 1494 2411 1558 certe
2442 1496 2687 1575 quoties
2711 1514 2847 1578 pro-

381 1597 634 1679 ponitur
671 1593 819 1677 quid
850 1592 1195 1657 revelatum
1226 1593 1391 1655 certe
1424 1610 1459 1655 a
1492 1592 1643 1667 Deo,
1677 1592 1796 1656 hoc
1819 1611 1943 1671 per
1977 1612 2043 1656 se
2074 1594 2267 1677 exigit
2297 1594 2501 1659 fidem.

470 1698 652 1781 Prop.
692 1698 748 1760 1.
791 1695 869 1759 ab
892 1694 1066 1758 Alex.
1100 1693 1281 1756 VIL:
1321 1717 1357 1750 «
1389 1692 1595 1757 Homo
1626 1692 1801 1757 nullo
1834 1712 2153 1775 nunquam
2199 1696 2367 1759 vitae
2390 1714 2540 1759 suae
2570 1697 2846 1779 tempore

388 1802 638 1864 tenetur
669 1797 883 1863 elicere
930 1796 1140 1862 actum
1185 1794 1348 1870 fidei,
1401 1795 1530 1876 spei
1561 1795 1626 1859 et
1662 1795 1947 1859 caritatis
1984 1815 2057 1860 ex
2085 1795 2150 1860 vi
2194 1800 2664 1880 praeceptorum
2696 1799 2850 1863 divi-

392 1919 616 1967 norum
646 1900 723 1964 ad
753 1917 854 1964 eas
876 1899 1145 1963 virtutes
1176 1896 1619 1980 pertinentium
1649 1921 1711 1960 ›.
1752 1895 1972 1962 Nonne
2003 1897 2168 1963 enim
2199 1900 2296 1963 est
2340 1903 2736 1983 praeceptum
2762 1901 2851 1965 di-

388 2004 631 2068 vinum:
672 2028 706 2061 «
737 2002 972 2086 Diliges
1002 1999 1342 2065 Dominum
1374 1999 1577 2063 Deum
1607 2001 1792 2063 tuum
1827 2002 1988 2064 etc?
2019 2024 2081 2063 ».

476 2105 696 2189 Opinio
719 2104 816 2168 his
841 2121 1055 2187 propp.
1091 2119 1373 2185 expressa
1419 2118 1543 2165 non
1575 2101 1846 2165 excludit
1877 2102 2341 2187 obligationem,
2369 2104 2475 2169 sed
2507 2123 2645 2170 eam
2669 2125 2840 2170 coar-

377 2213 511 2274 ctat
551 2207 628 2272 ad
660 2205 1179 2279 circumstantias,
1213 2204 1276 2267 in
1309 2203 1535 2285 quibus
1567 2204 1928 2268 exercitium
1975 2205 2198 2270 harum
2230 2207 2540 2274 virtutum
2588 2210 2839 2274 aliunde

378 2312 604 2378 evadat
634 2309 1064 2387 necessarium,
1097 2327 1315 2392 nempe
1333 2328 1456 2386 per
1485 2307 1774 2372 accidens
1797 2310 1883 2390 (n.
1924 2310 2082 2392 40.).

467 2415 649 2496 Prop.
689 2413 793 2476 17.
828 2412 906 2475 ab
938 2411 1253 2475 Innocent.
1302 2409 1446 2473 XL:
1487 2433 1523 2467 ‹
1570 2407 1738 2474 Satis
1786 2412 1882 2475 est
1920 2412 2131 2475 actum
2175 2411 2316 2476 fidei
2365 2415 2553 2479 semel
2600 2417 2664 2480 in
2710 2417 2845 2481 vita

381 2518 597 2584 elicere
621 2541 686 2581 ».
706 2514 884 2582 Unde
911 2515 1005 2592 fit,
1026 2514 1100 2579 ut
1115 2514 1253 2596 quis
1278 2514 1489 2597 posset
1518 2513 1759 2579 differre
1785 2515 1995 2579 actum
2018 2513 2158 2580 fidei
2185 2534 2380 2599 usque
2405 2517 2480 2581 ad
2508 2518 2844 2584 articulum

383 2623 623 2686 mortiS.
657 2620 866 2695 Forte,
891 2617 1001 2682 isti
1033 2617 1086 2682 si
1110 2618 1218 2699 qui
1241 2617 1512 2694 fuerunt,
1547 2616 1982 2701 intelligebant
2019 2617 2094 2681 de
2123 2617 2380 2696 formali
2414 2618 2556 2684 fidei
2587 2622 2753 2685 actu.

475 2724 654 2806 Prop.
689 2725 749 2787 6.
778 2722 857 2786 ab
888 2721 1096 2784 Innoc.
1131 2719 1242 2783 XI.
1282 2719 1457 2801 (licet
1480 2738 1601 2783 non
1641 2718 1714 2783 de
1745 2719 1864 2783 fide
1890 2721 2074 2804 agat:
2103 2720 2209 2784 sed
2245 2721 2486 2787 ratione
2518 2724 2847 2809 analogiae

383 2827 505 2890 huc
536 2826 920 2908 revocatur):
954 2846 991 2880 ‹
1014 2821 1341 2886 Probabile
1366 2821 1481 2898 est,
1514 2840 1589 2885 ne
1619 2821 1885 2904 singulis
1908 2821 2156 2903 quidem
2181 2823 2617 2905 quinquenniis
2649 2845 2756 2908 per
2781 2844 2845 2889 se

379 2929 657 3014 obligare
694 2927 1092 3010 praeceptum
1124 2923 1408 2988 caritatis
1443 2940 1591 3007 erga
1623 2924 1826 2987 Deum
1864 2948 1927 2985 ›.

467 3028 795 3095 Conclusio
842 3029 957 3104 est,
984 3028 1143 3091 hanc
1175 3025 1524 3109 opinionem
1556 3043 1678 3090 non
1702 3044 1833 3089 oese
1863 3027 2266 3108 probabilem.
2302 3029 2560 3111 Insuper
2589 3029 2652 3093 id
2682 3030 2844 3096 forte

375 3133 452 3198 de
474 3130 732 3212 formali
755 3133 902 3197 actu
931 3129 1243 3212 quispiam
1265 3127 1675 3211 intelligebat.

465 3235 746 3316 Denique
776 3233 961 3315 Prop.
998 3232 1103 3295 65.
1139 3231 1217 3294 ab
1248 3231 1455 3294 Innoc.
1491 3230 1632 3294 XL:
1666 3255 1703 3289 «
1736 3228 1982 3296 Sufficit
2010 3231 2123 3295 illa
2153 3233 2452 3317 mysteria
2499 3234 2690 3298 semel
2720 3253 2845 3298 cre-

374 3336 602 3401 didisse
631 3360 666 3394 »
707 3334 839 3399 scil.
864 3334 1163 3418 mysteria
1192 3332 1355 3411 fidei,
1396 3332 1470 3397 de
1499 3333 1725 3415 quibus
1758 3333 1820 3396 in
1868 3333 2255 3415 praecedenti
2288 3334 2392 3398 64.
2427 3335 2547 3399 sic:
2582 3360 2618 3395 ‹
2649 3336 2843 3400 Abso-

375 3438 635 3503 lutionis
672 3455 867 3520 capax
912 3437 1008 3500 est
1052 3435 1261 3511 homo,
1295 3435 1700 3516 quantumvis
1722 3434 1966 3499 laboret
1993 3435 2353 3520 ignorantia
2398 3437 2840 3520 mysteriorum

375 3538 518 3604 fidei
549 3540 613 3603 et
643 3537 890 3604 etiamsi
936 3556 1044 3620 per
1087 3537 1534 3621 negligentiam
1580 3536 1773 3601 etiam
1804 3536 2176 3619 culpabilem
2207 3537 2440 3602 nesciat
2471 3539 2842 3621 mysterium

374 3641 818 3706 Sanctissimae
847 3640 1177 3704 Trinitatis
1210 3640 1274 3703 et
1303 3639 1757 3704 Incarnationis
1789 3640 1865 3702 D.
1901 3638 1979 3703 N.
2012 3640 2065 3704 I.
2108 3637 2343 3704 Christi
2380 3665 2442 3703 ›.

486 3780 591 3833 xu.
612 3780 861 3846 Respond.
891 3781 940 3832 4.
966 3780 1285 3843 Praeceptum
1313 3774 1426 3830 fidei
1452 3775 1696 3830 internum
1724 3775 1907 3840 obligat
1936 3777 1983 3827 4.
2010 3777 2195 3829 Pueros
2222 3776 2350 3830 inter
2386 3778 2558 3831 fideles
2584 3780 2837 3844 educatos»,

377 3866 569 3928 quando
602 3863 807 3918 rationis
845 3877 986 3917 usum
1014 3866 1227 3929 perfecte
1252 3861 1502 3916 consecuti
1528 3860 1762 3925 mysteria
1792 3860 1906 3915 ndei
1939 3861 2146 3914 audiunt
2183 3866 2670 3929 apprehendantque,
2703 3869 2833 3931 quod

371 3947 459 4002 illa
497 3950 692 4003 credere
729 3949 793 4004 sit
826 3964 907 4004 res
945 3947 1218 4004 necessaria
1245 3949 1307 4001 ad
1331 3950 1537 4002 salutem
1565 3953 1866 4014 peccantque
1891 3945 2165 4001 mortaliter
2190 3946 2479 4003 omittendo.
2510 3951 2686 4003 Sanch.
2718 3951 2838 4004 Bon.

374 4041 409 4088 t.
439 4036 486 4087 2.
514 4035 560 4087 d.
589 4036 639 4087 3.
665 4050 713 4101 p.
740 4037 791 4089 3.
818 4037 1003 4088 addens
1029 4032 1265 4102 plurimos
1302 4047 1472 4086 eorum
1500 4030 1725 4086 excusari
1752 4031 2107 4086 inadvertentia
2133 4039 2220 4086 aut
2241 4032 2514 4088 invincibili
2542 4033 2833 4099 ignorantia.

373 4122 421 4172 2.
443 4118 657 4171 Adultos
679 4117 919 4182 infideles,
942 4120 1136 4185 quando
1165 4116 1289 4170 ratio
1317 4116 1486 4182 incipit
1523 4116 1722 4178 dictare,
1752 4130 1831 4169 res
1865 4115 1978 4169 fidei
2005 4116 2303 4171 sufficienter
2333 4117 2606 4185 propositas
2644 4134 2752 4171 esso
2790 4125 2841 4173 et

371 4202 662 4256 contrariam
690 4211 870 4256 sectam
899 4218 1006 4256 esse
1034 4207 1217 4256 falsam.
1246 4204 1420 4254 Sanch.
1453 4204 1482 4255 l.
1511 4203 1559 4254 2.
1589 4201 1732 4255 Mor.
1762 4217 1804 4254 c.
1841 4203 1881 4253 1.
1910 4201 2028 4255 Con.
2056 4202 2103 4253 d.
2128 4201 2210 4254 ⁴4.
2233 4201 2297 4254 de
2319 4200 2451 4256 Fide
2479 4201 2583 4254 Fin.
2613 4218 2658 4255 n.
2686 4205 2769 4256 25.
2791 4207 2841 4258 3.

372 4287 579 4353 Quando
606 4294 747 4351 urget
774 4286 975 4341 tentatio
1000 4295 1169 4340 contra
1194 4288 1355 4348 fldem,
1384 4301 1508 4352 quae
1534 4286 1677 4339 aliter
1717 4285 1846 4339 vinci
1873 4285 2055 4352 nequit.
2083 4287 2225 4353 Quod
2253 4292 2410 4338 tamen
2444 4301 2539 4340 non
2582 4287 2845 4340 convenire

371 4371 693 4437 scrupulosis,
721 4378 856 4426 recte
881 4377 1047 4426 monet
1073 4373 1279 4438 Sanch.;
1306 4372 1421 4437 quia
1449 4371 1514 4435 hi,
1540 4373 1811 4424 avertendo
1840 4377 2048 4424 mentem
2073 4374 2135 4423 ad
2162 4371 2257 4423 alia
2292 4369 2501 4434 obiecta,
2532 4371 2725 4424 facilius
2763 4386 2843 4423 su-

372 4462 562 4521 perant.
584 4459 645 4510 Et
669 4456 718 4510 in
744 4456 823 4511 his
848 4459 1042 4510 duobus
1068 4455 1263 4511 casibus
1300 4462 1610 4524 praeceptum
1637 4454 1822 4519 obligat
1849 4469 1937 4521 per
1964 4469 2033 4516 se,
2058 4454 2106 4508 in
2136 4455 2454 4521 sequentibus
2482 4471 2569 4523 per
2593 4453 2846 4508 accidens.

375 4541 424 4593 4.
448 4543 654 4609 Quando
682 4542 883 4597 tentatio
912 4557 1085 4607 urgens
1108 4549 1277 4596 contra
1309 4541 1430 4596 alias
1458 4541 1663 4596 virtutes
1690 4540 1832 4595 aliter
1859 4539 2073 4607 superari
2108 4539 2292 4606 nequit.
2319 4542 2373 4594 5.
2394 4543 2601 4609 Quando
2629 4538 2846 4591 facienda

536 4659 824 4706 Banunn.
852 4683 907 4694 —
937 4661 1107 4704 Hor-al.
1137 4662 1271 4705 Tom.
1304 4660 1375 4704 11.
2653 4656 2679 4695 2
