3497 5147
298 352 448 430 [903]
972 366 1059 407 nn
1092 365 1409 409 occrsxonn
1447 366 1642 415 mrem
1681 367 2101 413 assumamus
2658 358 2768 412 669

302 467 529 531 nentur
560 464 817 529 vassalli
848 466 912 528 et
943 464 1173 528 milites
1218 463 1411 528 relate
1445 464 1521 527 ad
1558 464 1895 547 principem
1935 465 2012 530 ob
2058 465 2387 549 specialem
2441 467 2769 551 obligatio-

302 588 443 633 nem
472 566 799 631 fidelitatis
829 568 892 630 et
923 566 1180 630 servitii.

393 669 573 734 Mota
604 671 700 734 est
731 669 1014 750 quaestio
1061 669 1134 732 de
1169 668 1441 747 famulis,
1478 688 1556 733 an
1602 672 1952 735 teneantur.
1984 669 2068 734 Et
2111 671 2167 735 si
2212 671 2461 753 quidem
2513 673 2767 755 pactum

306 774 529 839 saltem
575 772 842 835 tacitum
885 769 1305 847 intervenerit,
1345 770 1716 835 conceditur.
1753 770 1958 849 Secus,
1993 791 2065 837 ex
2110 773 2245 837 sola
2290 773 2554 839 caritate
2603 774 2769 837 tene-

305 878 541 942 rentur.
572 874 891 941 Tenentur.
932 874 1140 939 tamen
1186 891 1433 939 monere
1479 873 1553 939 de
1597 873 1839 939 insidiis
1885 874 2227 952 dominum,
2280 874 2444 941 sicut
2492 876 2557 939 et
2599 875 2767 940 cives

306 997 553 1044 monere
598 979 889 1042 tenentur
933 976 1281 1059 Principem
1326 975 1401 1040 de
1447 976 1814 1059 proditione.
1853 976 2176 1062 Laymann
2222 978 2264 1041 l.
2301 978 2361 1041 3.
2396 978 2476 1041 tr.
2513 979 2573 1041 3.
2610 997 2669 1061 p.
2703 978 2765 1040 3.

307 1101 359 1146 c.
394 1082 454 1145 3.
488 1101 548 1143 n.
584 1081 644 1143 5.

399 1182 577 1258 Sunt,
612 1182 721 1263 qui
750 1181 867 1245 hoc
898 1199 1125 1244 munus
1161 1180 1391 1244 habent
1423 1201 1493 1245 ex
1527 1181 1779 1263 pietatis
1828 1181 2052 1255 offici0,
2100 1180 2449 1246 cuiusmodi
2473 1183 2624 1245 sunt
2653 1179 2769 1243 filii

308 1286 369 1350 in
409 1284 683 1368 periculo
715 1283 1043 1366 parentum
1075 1283 1139 1347 et
1169 1283 1500 1348 viceversa.

398 1385 560 1451 Sunt
604 1386 864 1467 denique
911 1385 1017 1466 qui
1065 1385 1257 1449 teneri
1304 1389 1566 1468 possunt
1612 1406 1684 1451 ex
1731 1386 2056 1470 praecepto
2110 1386 2413 1451 caritatis.
2465 1385 2554 1449 Ut
2608 1385 2770 1449 enim

310 1490 527 1555 scribit
569 1508 618 1554 s.
654 1488 1020 1552 Ambrosius
1066 1486 1160 1570 (et
1202 1488 1393 1554 refert
1437 1508 1484 1553 s.
1522 1489 1795 1554 Thomas
1843 1492 1903 1553 2.
1939 1492 2000 1553 2.
2041 1508 2099 1572 q.
2136 1491 2242 1554 80.
2276 1490 2396 1554 art.
2438 1488 2498 1551 6.
2537 1488 2612 1551 ad
2647 1488 2769 1569 2.):

318 1619 353 1651 «
383 1593 638 1675 quinon
660 1589 906 1674 repellit
936 1591 1230 1655 iniuriam
1269 1610 1305 1655 a
1343 1592 1509 1657 socio
1547 1611 1689 1657 cum
1721 1594 1948 1675 potest,
1983 1595 2117 1657 tam
2147 1592 2246 1656 est
2279 1592 2342 1654 in
2375 1590 2552 1667 vitio,
2580 1608 2768 1671 quam

310 1695 414 1759 ille
443 1695 551 1778 qui
581 1693 733 1758 facit
765 1719 825 1756 ι».
859 1692 995 1772 Quo
1028 1694 1219 1757 etiam
1250 1695 1490 1776 spectat
1526 1695 1681 1759 illud
1716 1694 2059 1760 Innocentii
2091 1693 2201 1758 IV.
2234 1693 2506 1758 relatum
2547 1692 2610 1755 in
2635 1710 2771 1774 cap.

310 1796 576 1874 Dilecto,
614 1795 719 1861 De
751 1793 920 1860 Sem.
970 1795 1289 1860 Eaecomm.
1330 1797 1391 1860 in
1442 1797 1539 1860 6.:
1587 1822 1623 1856 «
1656 1796 1721 1862 Si
1768 1799 1977 1881 potest
2021 1799 2085 1862 et
2131 1796 2399 1882 negligit
2434 1794 2768 1878 (impertiri

311 1900 661 1981 auxilium),
694 1898 941 1963 videtur
970 1898 1341 1963 iniurantem
1392 1899 1598 1964 fovere
1630 1919 1703 1965 ac
1733 1918 1865 1965 esse
1898 1899 2205 1983 particeps
2252 1898 2425 1962 illius
2455 1898 2673 1979 culpae
2705 1921 2768 1959 ».

400 1997 578 2073 9⁰3.
613 2001 700 2065 At
745 2019 868 2065 non
905 2019 1030 2065 una
1076 2002 1172 2065 est
1205 2001 1340 2066 heic
1386 2001 1848 2087 Theologorum
1880 2002 2205 2066 sententia.
2240 2000 2475 2086 Agitur
2506 2018 2654 2064 sane
2697 1998 2773 2062 de

312 2124 383 2170 eo
413 2105 754 2179 innocente,
796 2104 905 2185 qui
942 2104 1360 2187 praesumitur
1391 2122 1513 2169 non
1550 2106 1896 2169 consentire
1926 2104 2118 2169 morti
2147 2122 2298 2169 suae
2328 2105 2392 2167 et
2437 2103 2774 2185 implorare

313 2208 538 2272 saltem
567 2204 756 2270 tacite
787 2206 1090 2270 auxilium
1112 2205 1464 2273 defensoris.
1491 2204 1908 2272 Consentiunt
1929 2225 2141 2272 omnes
2164 2206 2379 2283 teneri,
2407 2206 2461 2269 si
2483 2205 2775 2269 innocens

314 2311 476 2375 esset
506 2309 712 2374 ebrius
757 2311 821 2374 et
854 2310 919 2373 in
967 2310 1139 2373 statu
1188 2310 1423 2391 peccati
1460 2310 1747 2374 mortalis
1787 2311 1975 2392 atque
2011 2311 2330 2393 praeterea
2361 2308 2417 2373 si
2448 2308 2614 2371 esset
2644 2325 2775 2389 per-

314 2431 467 2478 sona
510 2412 853 2477 necessaria
898 2411 976 2475 ad
1022 2411 1339 2494 publicum
1386 2412 1617 2477 bonum
1662 2412 1903 2497 (Ligor.
1951 2432 2012 2477 n.
2061 2412 2274 2495 390.):
2324 2410 2579 2493 quidam
2626 2426 2771 2472 vero

314 2517 546 2602 negant
566 2515 720 2597 (vid.
746 2514 957 2599 Ligor.
989 2514 1187 2598 ibid),
1222 2515 1275 2580 si
1301 2516 1450 2580 haec
1483 2514 1716 2584 absint:
1757 2512 1823 2580 1⁰
1848 2514 2011 2596 Quia
2040 2514 2321 2599 praestat
2353 2513 2590 2579 evitare
2611 2529 2773 2576 mor·

315 2622 445 2684 tem
481 2621 794 2684 aeternam
841 2618 1244 2703 aggressoriS,
1277 2637 1468 2700 quam
1498 2619 1905 2701 temporalem
1933 2617 2308 2683 innocentis:
2343 2618 2415 2680 2⁶
2436 2615 2585 2698 quia
2624 2633 2776 2678 nun·

316 2722 583 2804 quamin
614 2722 738 2786 ista
761 2721 1061 2786 occisione
1090 2721 1313 2786 evitari
1336 2723 1599 2804 possunt
1621 2739 1853 2805 magna
1873 2719 2268 2785 incommoda
2290 2719 2356 2783 et
2375 2717 2773 2782 inimicitiae:

318 2826 390 2888 30
418 2823 565 2906 quia
610 2823 826 2888 effusio
874 2824 1131 2888 humani
1177 2824 1499 2907 sanguinis
1546 2841 1847 2908 magnum
1877 2823 2079 2887 iniicit
2109 2824 2447 2887 horrorem.
2480 2819 2580 2884 Ad
2627 2820 2778 2882 haec

318 2928 532 2993 autem
573 2926 965 2992 incommoda
1009 2944 1132 2991 non
1178 2926 1426 2991 videtur
1473 2926 1748 3011 obligare
1795 2927 2192 3009 praeceptum
2246 2923 2548 2989 caritatis.
2598 2922 2779 2986 Hanc

317 3028 774 3094 conclusionem
808 3028 1099 3113 Ligorius
1135 3028 1615 3112 probabiliorem
1646 3028 1799 3093 dicit
1831 3028 1872 3091 l.
1907 3049 1960 3092 c.
1993 3048 2054 3091 n.
2089 3029 2245 3092 390.

408 3131 602 3195 Porro
638 3130 714 3195 ad
746 3130 976 3195 tuenda
1015 3131 1206 3195 etiam
1229 3132 1389 3196 bona
1427 3132 1689 3215 proximi
1721 3132 1822 3197 sui
1850 3132 1999 3197 licet
2026 3131 2245 3213 utique
2276 3129 2473 3194 etiam
2507 3125 2779 3192 occidere

318 3234 539 3311 finem,
578 3234 791 3317 prouti
821 3233 1071 3298 domino
1102 3235 1169 3298 et
1203 3235 1467 3299 custodi.

411 3335 475 3402 S.
504 3337 690 3421 Alph.
738 3356 798 3400 n.
842 3337 992 3400 392.
1031 3337 1212 3401 docet
1255 3355 1369 3401 nos
1393 3338 1588 3402 teneri
1625 3357 1696 3403 ex
1733 3338 1996 3402 caritate
2042 3334 2361 3400 defendere
2394 3332 2588 3396 etiam
2621 3330 2784 3394 bona

326 3440 608 3525 proximi,
664 3438 911 3521 quando
967 3439 1285 3504 commode
1338 3457 1669 3521 possumus
1716 3460 1860 3504 eum
1903 3439 2027 3502 levi
2076 3437 2291 3501 nostra
2345 3434 2610 3508 iactura,
2659 3449 2782 3494 non

326 3560 469 3607 vero
509 3560 648 3606 cum
686 3540 885 3626 gravi.
919 3541 1001 3604 Et
1032 3541 1084 3605 si
1117 3540 1264 3623 quid
1295 3542 1445 3603 tunc
1492 3540 1906 3622 expendimus,
1955 3555 2288 3621 possumus
2336 3534 2576 3600 occulte
2616 3550 2785 3595 com-

326 3661 601 3729 pensare.

415 3746 687 3811 Tandem
710 3764 820 3828 pro
840 3744 1207 3828 expedienda
1231 3746 1602 3812 difficultate
1626 3764 1784 3828 quae
1809 3761 2123 3809 occurrere
2138 3741 2321 3818 solet,
2341 3735 2784 3805 advertendum

325 3848 491 3932 quod
521 3867 734 3914 curam
773 3848 1014 3916 animae
1047 3849 1305 3914 alterius
1342 3853 1555 3915 teneor
1602 3848 1843 3924 habere,
1893 3846 1947 3910 si
1977 3847 2076 3911 est
2119 3846 2184 3909 in
2215 3841 2581 3910 necessitate
2616 3840 2786 3904 invo-

323 3953 620 4030 luntaria,
653 3970 775 4017 non
810 3970 950 4016 vero
984 3952 1038 4015 si
1070 3955 1289 4036 sponte
1319 3955 1382 4018 in
1416 3973 1553 4019 eam
1584 3954 1723 4036 quis
1757 3970 1821 4017 se
1853 3950 2121 4016 coniicit.
