3497 5147
380 362 561 439 [1073]
814 376 967 426 Qum
1005 377 1099 420 su·
1133 380 1213 418 m·
1248 378 1422 426 QUAM
1460 379 1670 421 aarum
1707 380 2030 423 vaccarum
2067 380 2414 424 nmmo-no
2738 370 2845 426 795

382 479 606 544 saltem
643 496 721 541 ne
751 475 1065 558 despectui
1094 476 1460 541 habeantur.
1493 475 1714 541 Laesio
1748 478 1940 543 etiam
1970 478 2263 563 negativa
2295 479 2423 545 sive
2457 480 2707 546 omissio
2741 481 2847 545 de-

381 580 499 645 biti
536 578 808 656 honoris,
826 578 1149 660 peccatum
1165 577 1286 642 erit
1305 580 1522 643 contra
1552 579 1884 657 iustitiam,
1908 581 2154 663 quando
2170 600 2245 647 ea
2266 581 2518 647 omissio
2548 582 2846 647 redundet

382 683 445 746 in
494 679 1043 746 dehonorationem
1086 679 1370 763 proximi,
1420 680 1584 762 quod
1631 682 1794 745 certe
1841 683 2179 767 continget,
2214 701 2356 748 cum
2394 684 2543 748 talis
2592 684 2843 749 omissio

383 785 635 870 signum
658 783 742 847 sit
776 783 1204 866 contemptus:
1238 782 1313 846 cf.
1348 782 1509 868 Lug.
1542 784 1584 847 1.
1620 804 1670 847 c.
1705 803 1766 848 n.
1805 786 1952 849 189.
1980 805 2171 868 eaque
2196 805 2442 868 quoque
2473 805 2605 851 esse
2636 787 2845 870 potest

384 905 574 972 grave
606 885 949 969 peccatum
997 884 1051 949 si
1085 885 1297 969 gravis
1328 884 1731 952 dehonoratio
1766 887 2050 952 exsistat.

473 988 613 1053 Non
661 989 758 1052 est
794 989 1005 1052 autem
1052 1004 1207 1071 opus
1241 986 1320 1051 ad
1362 986 1721 1052 huiusmodi
1768 990 2110 1072 peccatum,
2150 988 2316 1071 quod
2352 989 2714 1054 intendatur
2759 988 2852 1053 di-

386 1091 549 1154 recte
578 1088 975 1154 inhonoratio
1025 1088 1309 1166 alterius;
1359 1089 1465 1153 sed
1502 1090 1666 1171 quod
1700 1091 1855 1154 satis
1894 1093 1988 1155 est
2020 1091 2081 1155 in
2118 1091 2260 1155 aliis
2291 1092 2560 1176 peccatis
2608 1093 2672 1155 et
2715 1091 2854 1155 heic

388 1195 639 1272 sufficit,
674 1193 838 1276 quod
875 1193 1067 1259 laesio
1099 1193 1352 1258 honoris
1384 1193 1468 1258 sit
1512 1194 1808 1259 indirecte
1847 1196 2061 1273 volita,
2115 1198 2423 1278 quatenus
2456 1216 2527 1260 ex
2574 1196 2855 1277 quolibet

390 1297 515 1361 alio
545 1296 665 1360 fine
694 1294 759 1359 id
790 1296 905 1373 viS,
943 1313 1068 1378 quo
1099 1296 1218 1360 scis
1251 1296 1548 1361 honorem
1578 1297 1844 1380 proximi
1876 1297 2059 1362 laedi.

477 1397 812 1478 Quaelibet·
846 1398 1100 1463 honoris
1145 1398 1358 1476 laesio,
1409 1399 1464 1463 si
1508 1398 1571 1463 id
1604 1399 1854 1463 tantum
1894 1401 2235 1483 spectetur,
2284 1419 2407 1466 non
2445 1399 2696 1464 effectus
2745 1399 2853 1463 alii

391 1500 732 1578 extrinseci,
767 1500 875 1583 qui
911 1500 1087 1582 sequi
1123 1502 1402 1583 possunt,
1438 1501 1533 1565 est
1556 1500 1828 1565 eiusdem
1860 1500 2082 1584 speciei
2126 1501 2408 1579 infimae,
2444 1500 2656 1565 eadem
2691 1501 2853 1565 enim

389 1601 671 1667 formalis
705 1602 869 1666 ratio
901 1602 965 1666 in
996 1602 1275 1684 qualibet
1304 1602 1627 1685 reperitur.
1678 1602 1903 1669 Omnes
1951 1604 2185 1668 scilicet
2232 1602 2644 1668 contumeliae
2678 1604 2857 1667 mali-

391 1704 548 1770 tiam
578 1704 892 1788 accipiunt
921 1725 991 1769 ex
1038 1723 1130 1782 ec,
1178 1705 1346 1787 quod
1377 1704 1629 1770 laedant
1673 1706 1989 1782 honorem,
2033 1706 2195 1770 sicut
2229 1705 2401 1771 furta
2436 1707 2694 1771 laedunt
2726 1704 2852 1770 for—

392 1810 607 1873 tunas:
641 1826 789 1892 ergo
820 1808 985 1873 sicut
1012 1807 1182 1872 furta
1214 1809 1363 1872 sunt
1393 1808 1665 1872 eiusdem
1703 1808 1926 1892 speciei
1969 1809 2032 1872 in
2064 1809 2306 1875 ratione
2337 1810 2510 1887 furti,
2561 1810 2688 1874 sive
2734 1810 2852 1874 hoc

392 1910 576 1974 modo
607 1910 764 1974 fiant
794 1909 923 1974 sive
953 1910 1084 1986 illo,
1119 1909 1207 1974 sic
1238 1909 1312 1974 de
1344 1909 1656 1976 ablatione
1680 1910 1932 1975 honoris
1957 1910 2279 1976 dicendum
2314 1913 2427 1976 est.
2464 1909 2556 1975 Of.
2590 1912 2750 1995 Lug.
2775 1910 2851 1974 de

393 2012 645 2077 Poenit.
686 2012 845 2096 disp.
888 2012 991 2075 16.
1030 2031 1089 2075 n.
1126 2012 1277 2076 265.

486 2110 693 2183 1072.
742 2113 841 2179 Ad
870 2113 1206 2180 laesionem
1250 2113 1454 2178 famae
1490 2115 1655 2196 quod
1687 2117 1945 2197 spectat,
1982 2116 2361 2180 advertimus
2391 2116 2458 2179 1⁰
2496 2134 2633 2179 eam
2671 2131 2850 2197 posse

396 2217 583 2281 sitam
616 2234 747 2281 esse
775 2216 840 2279 in
877 2216 1063 2293 facto,
1090 2217 1228 2280 tum
1259 2216 1489 2280 directe
1520 2218 1594 2280 ut
1630 2217 1701 2294 si,
1738 2217 1830 2282 ait
1860 2218 2038 2303 Lugo
2078 2218 2234 2300 disp.
2277 2218 2381 2282 cit.
2422 2238 2481 2281 n.
2519 2217 2646 2294 34„
2684 2215 2860 2280 adul·

397 2319 626 2384 terium
646 2319 856 2383 uxoris
887 2317 1263 2396 manifestes,
1299 2318 1692 2401 appendendo
1731 2338 1961 2385 cornua
1984 2322 2128 2384 ante
2152 2320 2407 2384 ianuam
2439 2319 2689 2384 domus:
2717 2320 2855 2382 tum

396 2421 688 2487 indirecte
713 2439 821 2486 seu
852 2440 923 2486 ex
954 2422 1383 2504 consequente,
1431 2424 1503 2486 ut
1534 2423 1587 2487 si
1627 2443 1698 2486 ex
1729 2423 2108 2488 contumelia
2139 2422 2204 2487 in
2241 2423 2407 2488 facto
2440 2421 2666 2505 posita,
2702 2423 2856 2504 puta

400 2525 580 2609 alapa
618 2543 654 2589 a
690 2525 755 2589 te
788 2523 974 2590 alicui
1003 2524 1275 2607 impacta
1320 2527 1619 2607 sequatur
1648 2525 1820 2591 illius
1853 2525 2187 2591 diminutio
2228 2526 2448 2604 famae,
2487 2524 2649 2609 apud
2683 2543 2859 2589 mun-

399 2628 589 2693 danos
628 2628 871 2705 saltem,
909 2627 1031 2691 nisi
1062 2646 1125 2692 se
1162 2628 1518 2701 ulciscatur,
1558 2629 1722 2711 quod
1748 2630 1959 2694 tamen
1993 2630 2048 2694 ei
2085 2649 2207 2695 non
2240 2629 2406 2694 licet.

580 2733 651 2793 2ο
681 2730 899 2794 Laesio
945 2729 1166 2807 famae,
1201 2748 1359 2811 quae
1394 2731 1596 2795 verbis
1641 2731 1715 2794 fit
1760 2732 1860 2795 vel
1907 2732 2440 2814 aequivalentibus
2489 2731 2683 2816 signis
2731 2727 2835 2812 (ad

401 2850 589 2914 quam
634 2831 886 2916 proinde
923 2835 987 2896 et
1017 2831 1188 2916 prius
1220 2852 1291 2897 ex
1322 2833 1562 2898 duobus
1609 2834 1903 2917 exemplis
1948 2835 2132 2900 modo
2181 2835 2391 2900 allatis
2422 2832 2698 2899 revocari
2722 2832 2858 2917 pot-

402 2934 524 3019 est)
555 2934 777 3018 duplex
823 2935 1093 3017 primum
1139 2935 1567 3021 distinguitur.
1616 2935 1779 3000 Nam
1811 2936 1910 3000 vel
1941 2937 2169 3001 falsum
2200 2938 2428 3002 crimen
2472 2938 2583 3001 aut
2627 2936 2857 3000 falsum

401 3038 705 3104 defectum
729 3039 1015 3122 imponiS,
1041 3040 1141 3104 vel
1157 3059 1372 3104 verum
1396 3039 1625 3103 crimen
1652 3041 1764 3103 aut
1796 3040 2121 3119 defectum,
2141 3041 2243 3105 sed
2270 3042 2579 3107 occultum
2598 3039 2856 3104 revelas,

400 3142 581 3208 Prior
610 3143 857 3227 proprio
883 3143 1128 3208 nomine
1151 3144 1411 3209 vocatur
1433 3162 1469 3206 a
1501 3142 1837 3229 Theologis
1867 3143 2223 3207 calumnia:
2264 3144 2460 3208 altera
2496 3141 2862 3226 simpliciter

399 3245 697 3310 detractio
744 3246 990 3311 dicitur.
1038 3246 1134 3310 Ad
1181 3247 1332 3309 haec
1362 3247 1708 3324 revocatur,
1744 3245 1979 3309 sibene
2023 3246 2261 3309 factum
2304 3244 2560 3309 alterius
2608 3245 2856 3308 sinistre

399 3366 609 3413 coram
642 3349 782 3413 aliis
812 3348 1253 3431 interpretem,
1296 3348 1348 3411 si
1378 3367 1564 3431 neges
1597 3347 1854 3411 alterius
1902 3348 2152 3421 bonum,
2204 3347 2256 3410 si
2291 3346 2446 3410 illud
2484 3346 2667 3410 sileas
2715 3365 2855 3409 cum

403 3451 799 3515 manifestare
845 3449 1092 3512 deberes
1139 3450 1203 3512 et
1256 3449 1572 3512 silentium
1619 3448 1939 3531 negationi
1986 3447 2396 3529 aequivaleat,
2453 3447 2508 3511 si
2561 3465 2632 3510 eo
2680 3451 2863 3530 pacto

408 3551 676 3633 aliquem
704 3551 941 3628 laudes,
975 3552 1051 3615 ut
1091 3551 1234 3615 laus
1263 3551 1327 3614 in
1375 3550 1850 3615 diminutionem
1881 3548 2084 3613 famae
2116 3549 2316 3613 cedat.
2351 3547 2445 3613 Of.
2480 3569 2539 3612 n.
2579 3550 2682 3611 37.

499 3648 707 3723 1073.
747 3652 1080 3733 Quaeritur
1125 3672 1203 3717 an
1250 3652 1561 3716 calumnia
1601 3653 1664 3716 et
1694 3652 1953 3733 simplex
1985 3650 2289 3715 detractio
2324 3651 2521 3734 specie
2558 3650 2863 3714 differant.

406 3753 615 3840 Negat
644 3774 716 3819 ex
746 3755 1003 3832 MoHna,
1031 3756 1209 3842 Lugo
1242 3755 1315 3819 dc
1354 3752 1513 3817 Just.
1548 3759 1608 3818 et
1636 3754 1789 3817 Iure
1822 3753 1976 3836 disp.
2012 3753 2117 3817 cit.
2153 3773 2213 3817 n.
2249 3753 2386 3817 36.:
2421 3753 2570 3836 quia
2601 3754 2867 3835 utraque

410 3857 661 3941 respicit
689 3858 921 3923 bonum
952 3858 1154 3923 famae
1185 3858 1350 3942 quod
1382 3877 1577 3921 unum
1609 3858 1729 3931 est;
1765 3856 1893 3921 sive
1926 3855 2090 3919 enim
2121 3855 2349 3919 crimen
2382 3856 2467 3919 sit
2489 3873 2706 3918 verum
2739 3855 2868 3919 sive

409 3959 658 4035 falsum,
699 3961 838 4024 tota
869 3948 1130 4040 malitia,
1165 3962 1472 4043 quatenus
1505 3960 1599 4025 est
1628 3959 1844 4023 contra
1881 3958 2212 4036 iustitiam,
2246 3957 2491 4023 fundari
2523 3957 2770 4021 videtur
2800 3957 2868 4021 in

412 4064 564 4140 iure,
592 4062 756 4145 quod
779 4062 1095 4146 proximus
1119 4064 1307 4128 habet
1332 4062 1408 4127 ad
1435 4083 1613 4127 suam
1636 4062 1892 4138 famam,
1918 4062 2019 4125 cui
2049 4061 2171 4126 iuri
2203 4061 2535 4145 opponitur
2558 4059 2872 4141 quaelibet

412 4165 712 4232 detractio
762 4166 1069 4248 quatenus
1101 4167 1195 4230 est
1239 4165 1491 4230 iniusta.
1543 4164 1774 4247 Utique
1812 4165 1874 4228 in
1909 4164 2218 4228 calumnia
2259 4168 2354 4230 est
2386 4164 2578 4228 etiam
2626 4161 2872 4225 malitia

413 4269 736 4346 mendacii,
770 4288 928 4351 quae
974 4269 1183 4332 tamen
1230 4270 1416 4351 prout
1462 4269 1557 4332 est
1593 4270 1810 4332 contra
1842 4267 2264 4344 veracitatem,
2299 4286 2419 4331 non
2459 4267 2555 4331 est
2587 4264 2871 4329 mortalis

414 4393 523 4438 nec
555 4372 810 4438 afferens
842 4370 1094 4455 proinde
1126 4371 1389 4453 speciem
1420 4370 1655 4453 peccati
1685 4370 1993 4436 diversam
2023 4370 2085 4434 in
2117 4368 2495 4435 confessione
2528 4368 2871 4434 necessario

418 4476 827 4560 aperiendam.

506 4579 669 4645 Hinc
704 4580 867 4646 sicut
903 4576 1235 4644 censendae
1283 4596 1403 4642 non
1441 4577 1587 4641 sunt
1618 4576 1780 4640 inter
1813 4595 1876 4640 se
1908 4576 2147 4640 differre
2179 4575 2377 4659 specie
2409 4574 2689 4660 singulae
2728 4595 2876 4640 con·-
