3497 5147
309 332 443 402 [351]
1372 339 1693 381 mva‘mo
2649 323 2756 377 255

302 442 704 507 voluntatem.
738 437 901 501 Nam
932 437 987 501 si
1030 438 1258 521 agatur
1288 436 1362 500 de
1394 435 1647 500 vitando
1679 436 1973 519 periquO,
2008 436 2250 520 proprie
2281 455 2404 500 non
2435 436 2756 517 quaeritur

304 545 412 609 Dei
442 543 757 607 voluntas

380 648 572 712 Extra
611 646 725 710 Dei
758 646 1134 710 instinctum
1157 644 1428 709 conditio
1460 644 1715 727 ponitur
1737 646 2122 709 necessitatis
2148 647 2210 709 et
2242 646 2572 710 necessitas
2606 645 2756 709 haec

301 769 413 815 non
459 750 620 813 solet
667 748 878 812 adesse
926 749 1094 811 circa
1139 746 1553 828 quaerendam
1601 747 1715 810 Dei
1763 747 2179 824 voluntatem3
2231 748 2397 811 Deus
2445 747 2608 810 enim
2657 766 2759 811 vo-

300 854 601 917 luntatem
649 869 833 914 suam
880 869 1001 915 non
1049 849 1324 914 sortibus
1372 848 1573 913 voluit
1620 848 1921 934 indagari,
1971 849 2076 914 sed
2123 849 2403 914 doctrina
2450 850 2756 915 Ecclesiae

303 957 358 1020 et
399 953 658 1019 consilio
706 972 743 1015 a
797 952 1201 1035 prudentibus
1249 951 1466 1034 petito.

379 1053 558 1127 350.
593 1055 812 1135 Quoad
845 1057 1044 1119 sortes
1079 1055 1415 1118 divisor-ias
1446 1054 1599 1119 satis
1631 1055 1798 1119 clara
1831 1058 1996 1131 sunt,
2031 1075 2190 1137 quae
2220 1056 2456 1120 Auctor
2488 1056 2694 1120 habet.

381 1158 440 1223 S.
476 1159 834 1242 Alphonsus
869 1179 928 1221 n.
969 1158 1070 1221 11.
1111 1157 1555 1222 ecclesiasticas
1602 1158 1929 1222 electiones
1976 1159 2172 1222 vetari
2205 1159 2356 1222 dicit
2393 1178 2500 1242 per
2537 1160 2755 1238 sorteS,

303 1262 419 1326 sive
451 1261 525 1325 de
562 1260 791 1341 officiis
837 1260 965 1325 sive
1014 1258 1086 1323 de
1119 1259 1434 1339 beneficiis
1473 1260 1719 1342 agatur.
1761 1260 1986 1344 Reipsa
2033 1262 2222 1343 caput
2250 1259 2540 1325 Ecclesia
2585 1262 2647 1325 3.
2684 1260 2758 1325 de

303 1361 670 1444 Sortileyiis,
708 1362 874 1445 quod
907 1362 1239 1445 allegatur,
1273 1362 1409 1446 agit
1431 1360 1506 1426 de
1530 1362 1827 1426 electione
1858 1362 2165 1445 Episcopi.
2200 1360 2317 1426 Sed
2348 1364 2758 1429 communiter

300 1466 667 1550 intelligitur
699 1463 773 1528 de
809 1464 1089 1545 qualibet
1121 1462 1447 1545 diynitate,
1468 1463 1865 1545 praelatura,
1901 1464 2309 1547 beneficioque
2342 1466 2754 1531 ecclesiastico

300 1566 596 1633 Schmalz.
641 1566 749 1630 lib.
789 1567 848 1629 5.
885 1586 941 1649 p.
980 1567 1038 1629 2.
1074 1566 1174 1629 tit.
1212 1567 1315 1629 21.
1351 1586 1411 1629 n.
1448 1566 1583 1642 38.;
1634 1566 1819 1647 idque
1867 1567 2068 1631 valere
2113 1567 2293 1631 debet
2339 1568 2588 1631 etiamsi
2632 1568 2756 1632 duo

299 1670 467 1734 electi
517 1670 694 1752 paria
745 1670 895 1732 vota
942 1668 1213 1733 habeant
1256 1670 1319 1732 et
1364 1671 1586 1732 neutra
1624 1669 1988 1752 eligentium
2026 1687 2168 1751 pars
2214 1670 2423 1734 cedere
2469 1670 2640 1734 velit.
2676 1671 2759 1735 Et

300 1772 546 1854 quidem
593 1773 645 1836 si
692 1790 827 1836 sors
861 1771 1141 1854 ponenda
1190 1770 1350 1835 foret
1396 1771 1558 1835 inter
1603 1771 1823 1854 dignos
1855 1771 2041 1834 simul
2091 1774 2153 1835 et
2198 1771 2505 1856 indignos,
2539 1773 2757 1838 electio

302 1894 404 1958 per
448 1876 644 1938 sortes
677 1875 991 1957 prohibita
1037 1876 1133 1938 est
1178 1874 1311 1937 iure
1357 1876 1618 1938 naturae
1650 1874 1836 1955 idque
1883 1875 2049 1938 valet
2095 1875 2286 1940 etiam
2324 1877 2378 1940 si
2410 1878 2638 1961 agatur
2684 1875 2758 1940 de

299 1977 593 2041 electione
640 1977 713 2040 ad
765 1977 975 2041 officia
1007 1977 1343 2041 secularia:
1395 1976 1449 2040 si
1495 1996 1637 2042 vero
1672 1996 1805 2041 sors
1851 1977 2138 2041 decernat
2175 1977 2335 2042 inter
2373 1978 2593 2062 dignos
2627 1978 2760 2042 tan-

296 2081 449 2153 tum,
484 2078 705 2142 illicita
739 2079 838 2142 est
869 2079 1001 2143 iure
1053 2079 1302 2142 tantum
1341 2078 1629 2161 positivo,
1666 2077 2043 2164 Schmalzgr.
2078 2080 2119 2143 l.
2156 2099 2205 2143 c.
2241 2101 2299 2144 n.
2337 2081 2441 2144 40.

376 2178 436 2244 S.
475 2180 843 2263 Alphonsus
881 2202 940 2245 n.
981 2182 1081 2244 11.
1117 2182 1497 2264 probabilius
1530 2181 1699 2258 dicit,
1734 2181 2060 2246 electiones
2093 2201 2199 2264 per
2230 2184 2463 2247 sortem
2495 2201 2625 2247 esse
2656 2201 2762 2246 va-

297 2282 469 2359 lidas,
491 2282 683 2364 idque
708 2302 851 2347 cum
884 2280 1062 2347 Suar.
1091 2282 1308 2367 Laym.
1344 2282 1612 2349 Sanchez
1640 2284 1703 2348 et
1726 2283 2029 2349 Sahnant.
2065 2285 2273 2361 Ratio,
2300 2285 2446 2366 quia
2471 2285 2760 2367 nuspiam

291 2386 351 2449 in
402 2386 539 2450 iure
592 2385 744 2449 haec
792 2385 1124 2450 electiones
1170 2386 1563 2450 declarantur
1614 2387 1943 2465 invalidae,
1992 2389 2244 2467 excepta
2288 2386 2424 2450 sola
2468 2387 2759 2451 electione

278 2488 562 2567 praelati
606 2486 900 2551 habentis
944 2487 1437 2552 iurisdictionem
1467 2509 1536 2553 ex
1570 2509 1619 2553 c.
1665 2488 1828 2569 Quia
1851 2492 2128 2569 propter,
2161 2488 2234 2551 cle
2266 2488 2576 2552 Election.

375 2591 601 2657 Potius
636 2593 821 2656 notat
858 2589 1160 2655 SchmalZ.
1186 2591 1228 2654 l.
1257 2611 1307 2655 c.
1333 2613 1392 2655 n.
1429 2593 1558 2669 41„
1591 2593 1750 2656 hanc
1785 2592 2204 2657 irritationem
2233 2612 2353 2657 non
2394 2612 2525 2657 esse
2556 2595 2758 2657 exten-

286 2691 544 2758 dendam
583 2692 753 2757 ultra
790 2691 1113 2756 electiones
1149 2694 1395 2776 proprie
1441 2693 1657 2758 dictas.
1695 2694 1957 2758 Proinde
1995 2693 2050 2759 si
2085 2694 2344 2759 dubium
2376 2695 2478 2773 sit,
2513 2696 2652 2776 quis
2685 2715 2757 2760 ex

283 2796 575 2877 pluribus
609 2796 997 2878 praesentari
1029 2796 1142 2860 aut
1171 2797 1519 2879 promoveri
1551 2797 1771 2861 debeat
1819 2797 1892 2860 ad
1927 2797 2219 2861 beneficia
2250 2817 2377 2861 non
2408 2796 2662 2861 electiva
2694 2800 2758 2863 et

284 2917 489 2966 omnes
523 2899 628 2964 illi
669 2899 795 2963 sint
833 2919 1025 2981 aeque
1057 2899 1250 2984 digni,
1284 2899 1516 2983 poterit
1546 2900 1608 2963 id
1640 2901 1914 2965 sortibus
1946 2901 2274 2965 committi.

372 3004 461 3069 Ex
494 3003 887 3087 Schmalzgr.
922 3003 963 3066 l.
998 3023 1049 3067 c.
1086 3024 1144 3066 n.
1180 3004 1285 3066 42.
1322 3003 1529 3068 valida
1576 3004 1671 3067 est
1717 3024 1824 3087 per
1871 3006 2068 3069 sortes
2106 3005 2323 3070 electio
2361 3006 2760 3088 compromis-

286 3109 623 3185 sariorum,
667 3106 891 3187 quibus
931 3105 1148 3169 deinde
1182 3105 1616 3170 committatur
1646 3107 1885 3172 electio.

366 3211 543 3275 Lites
593 3227 743 3273 vero
780 3208 1235 3272 ecclesiasticae
1267 3211 1332 3272 et
1360 3208 1742 3274 beneficiales
1782 3211 2090 3275 committi
2139 3213 2431 3295 poterunt
2464 3211 2757 3289 sortibus,

282 3314 331 3377 si
366 3313 634 3378 accedat
666 3312 731 3373 1⁰
756 3329 1090 3375 consensus
1122 3310 1512 3394 litigantium
1539 3314 1601 3375 et
1634 3313 1703 3374 2ο
1729 3313 2072 3378 auctoritas
2096 3313 2363 3397 legitimi
2395 3314 2759 3396 superioris:

282 3434 454 3479 secus
489 3415 547 3479 si
583 3413 704 3477 fiat
732 3411 979 3495 propria
1015 3412 1418 3488 auctoritate3
1454 3412 1602 3494 quia
1632 3414 1851 3477 neuter
1873 3414 2262 3498 litigantium
2284 3415 2473 3479 habet
2497 3415 2765 3479 auctori-

282 3519 485 3582 tatem
511 3514 874 3581 conferendi
901 3514 1086 3578 alteri
1109 3514 1462 3599 legitimum
1489 3515 1746 3578 titulum
1772 3516 2065 3580 beneficii.
2094 3515 2364 3593 Accedit,
2392 3516 2556 3597 quod
2583 3535 2762 3580 omne

281 3620 560 3703 pactum,
633 3617 867 3681 initum
916 3616 1163 3699 propria
1211 3616 1586 3680 auctoritate
1633 3617 1794 3681 circa
1854 3617 2216 3682 beneficium
2279 3617 2762 3682 ecclesiasticum

277 3722 667 3808 litigiosum,
704 3720 802 3784 est
832 3719 1260 3784 simoniacum.
1287 3716 1354 3782 C.
1382 3717 1548 3782 final.
1578 3717 1678 3782 De
1711 3718 1957 3795 Paetis,
1984 3718 2284 3784 Schmalz.
2311 3721 2352 3784 l.
2381 3740 2431 3785 c.
2458 3742 2517 3784 n.
2545 3721 2650 3784 43.

385 3864 527 3917 XXI.
560 3863 653 3914 ⁴3.
685 3862 853 3914 Potest
890 3859 1116 3914 excusari
1153 3874 1177 3912 a
1209 3860 1574 3926 superstitione,
1602 3861 1684 3926 qui
1712 3863 1859 3915 modo
1896 3861 2067 3915 illicito
2109 3866 2268 3917 sutura
2306 3880 2358 3917 se
2389 3868 2515 3919 velle
2541 3865 2759 3922 divinare

278 3949 492 4003 ostendit
518 3946 628 4001 ioci
654 3961 820 4016 causa.
849 3946 991 4000 Ratio
1020 3953 1112 4012 est,
1138 3946 1248 4011 quia
1277 3961 1370 4000 non
1399 3955 1473 4001 est
1501 3955 1636 4001 actus
1660 3947 2034 4014 superstitiosus
2073 3965 2159 4003 nec
2199 3951 2441 4006 affectatio
2467 3951 2758 4018 cognitionis

281 4033 381 4087 Deo
410 4030 670 4101 propriae,
702 4032 788 4083 scd
828 4037 1014 4083 tantum
1059 4031 1246 4083 vanitas
1285 4031 1462 4098 aliqua.
1491 4035 1631 4085 Suar.
1659 4039 1708 4086 ct
1734 4036 1909 4088 Sanch.
1939 4034 2107 4096 Regin.
2136 4039 2166 4089 l.
2201 4038 2280 4089 17.
2309 4052 2354 4090 n.
2389 4039 2505 4091 170.

364 4138 527 4212 351.
566 4141 703 4204 Res
736 4140 903 4203 clara
936 4142 1049 4203 est.
1085 4138 1311 4204 Suarez
1345 4139 1418 4203 dc
1442 4139 1653 4224 Reliy.
1690 4144 1768 4207 tr.
1805 4144 1866 4207 3.
1900 4145 1942 4207 l.
1977 4146 2035 4208 2.
2072 4165 2122 4208 c.
2159 4147 2218 4209 9.
2255 4167 2313 4210 n.
2346 4147 2447 4209 11.
2478 4148 2594 4210 ait:
2638 4172 2672 4207 <
2699 4146 2765 4211 Si

280 4245 415 4326 quis
456 4242 721 4324 aliquid
747 4241 1102 4306 huiusmodi
1134 4242 1342 4317 faciat,
1376 4262 1498 4307 non
1523 4245 1669 4326 quia
1696 4247 1876 4328 putet
1899 4266 2029 4311 esse
2060 4248 2213 4311 utile
2250 4268 2361 4312 nec
2391 4249 2539 4330 quia
2564 4252 2767 4332 speret

280 4365 382 4428 per
430 4345 605 4410 illud
665 4343 939 4407 medium
987 4344 1139 4409 scire
1186 4345 1534 4422 veritatem,
1571 4348 1676 4411 sed
1715 4349 1921 4414 solum
1969 4350 2166 4414 otiose
2202 4351 2571 4432 quaerendo,
2617 4352 2769 4434 quid

279 4468 426 4514 casu
474 4447 735 4513 accidat
780 4447 879 4510 vel
927 4447 1075 4528 quid
1122 4447 1402 4530 designet
1438 4449 1565 4513 tale
1613 4451 1864 4535 signum
1908 4452 2084 4516 iuxta
2128 4454 2378 4537 regulas
2410 4455 2556 4519 talis
2590 4455 2765 4530 artis,

282 4549 424 4617 licet
472 4551 686 4615 falsas
734 4551 797 4612 et
845 4549 1076 4613 nullius
1139 4552 1439 4615 momenti
1485 4571 1588 4615 eas
1636 4572 1766 4616 esse
1829 4553 2069 4630 credat3
2119 4557 2269 4620 tunc
2331 4559 2596 4632 constat,
2645 4575 2770 4620 non
