3497 5147
323 362 469 438 [870]
902 378 988 417 nn
1011 378 1548 420 mnummosrra‘m
1573 381 1839 429 musqtm
1865 381 2194 423 srncmnus
2680 372 2789 426 273

327 473 404 537 ad
453 474 724 556 primtun
770 492 965 558 genus
1012 475 1073 537 h.
1108 495 1159 539 e.
1200 476 1663 541 irreverentiam
1712 478 1826 541 Dei
1873 478 2026 542 dicit
2070 498 2120 543 s.
2161 482 2396 546 Doctor
2428 502 2557 547 esse
2595 488 2796 547 tenta-

331 580 555 639 tionem
586 574 718 640 Dei
752 579 815 640 et
831 576 1224 656 periurium.-
1264 578 1341 642 ad
1373 578 1706 643 secundum
1740 599 1884 644 vero
1917 599 2113 664 genus
2145 582 2206 645 h.
2241 602 2292 647 e.
2329 583 2794 651 irreverentiam

324 698 531 743 rerum
579 698 896 744 sacrarum
943 680 1253 764 pertinent
1298 681 1699 763 saerileqium
1746 685 1809 747 et
1855 684 2127 747 simonia
2164 705 2224 766 q.
2259 687 2365 750 99.

416 779 542 846 Cur
590 801 733 847 vero
780 783 842 846 in
890 784 987 848 his
1035 784 1276 848 actibus
1323 785 1559 866 peccari
1607 784 1835 848 dicitur
1878 787 2095 850 contra
2140 787 2502 872 religionem
2554 812 2660 874 per
2699 793 2796 857 de-

326 885 605 949 fectum?
636 883 889 968 Nempe,
925 887 1073 967 quia
1118 887 1182 950 in
1227 886 1496 969 ipsomet
1542 889 1706 964 actu,
1759 888 1867 969 qui
1911 888 2157 952 deberet
2204 907 2334 953 esse
2373 892 2581 957 cultus
2620 896 2682 958 et
2729 895 2792 959 in

328 988 691 1069 obsequium
716 988 851 1063 Dei,
877 988 1150 1053 defectus
1184 989 1408 1070 aliquis
1441 990 1879 1065 committitur,
1905 992 2155 1073 propter
2178 1011 2361 1073 quem
2387 994 2548 1059 cedit
2580 998 2790 1078 potius

328 1091 388 1154 iu
426 1090 891 1155 irreverentiam
923 1090 1057 1155 Dei.
1101 1090 1363 1155 Videtur
1402 1093 1613 1155 autem
1645 1092 1765 1155 huc
1797 1094 2073 1174 spectare
2105 1111 2350 1175 quoque
2382 1095 2787 1179 blasphemia,

328 1197 397 1256 ut
431 1192 657 1257 Suarez
690 1192 938 1257 disserit
968 1189 1041 1255 de
1073 1191 1283 1274 Reliy.
1324 1194 1402 1256 tr.
1444 1194 1504 1256 3.
1540 1194 1581 1257 l.
1627 1194 1683 1255 l.
1718 1213 1769 1256 c.
1803 1194 1859 1257 l.
1894 1214 1953 1257 n.
1983 1194 2065 1257 8.:
2101 1197 2386 1276 quamvis
2425 1216 2474 1261 s.
2515 1198 2790 1263 Thomas

327 1296 397 1359 de
430 1315 500 1359 ea
549 1297 702 1380 agat
738 1296 924 1378 prout
971 1297 1065 1358 est
1113 1296 1393 1377 opposita
1443 1295 1811 1360 confessioni
1855 1295 1999 1359 fidei
2035 1316 2094 1378 q.
2138 1297 2241 1361 13.
2282 1300 2347 1362 et
2387 1300 2511 1362 14.:
2551 1302 2790 1366 Auctor

328 1416 469 1462 vero
501 1397 577 1461 de
609 1416 680 1461 ea
714 1397 849 1481 agit
880 1397 994 1461 sub
1032 1414 1156 1479 seq.
1193 1401 1538 1480 praecepto,
1567 1400 1600 1436 *

1428 1596 1591 1660 Dus.
1633 1597 1683 1660 I.

1220 1738 1319 1803 De
1370 1740 1706 1801 tentatione
1746 1737 1893 1802 Dei.

438 1903 564 1955 xm.
592 1903 734 1967 Roep.
773 1899 999 1954 Tentatio
1040 1899 1130 1952 Dei
1168 1907 1244 1953 est
1280 1899 1464 1953 dictum
1503 1902 1580 1952 vel
1622 1903 1816 1965 tactum,
1844 1915 1940 1965 quo
1980 1900 2089 1966 quis
2126 1904 2367 1968 explorat,
2398 1918 2511 1957 num
2556 1907 2688 1959 Deus
2726 1907 2789 1960 sit

326 1992 522 2051 potens
547 1985 753 2052 sapienS,
781 1982 1059 2038 misericors
1086 1990 1169 2038 aut
1195 1984 1406 2049 aliquam
1436 1984 1579 2037 aliam
1606 1983 1950 2050 perfectionem
1978 1988 2171 2040 habeat.
2199 2002 2238 2039 s.
2265 1990 2439 2042 Tuom.
2471 1991 2518 2041 2.
2549 1992 2595 2041 2.
2625 2006 2670 2056 q.
2698 1992 2783 2043 92.

321 2085 366 2123 a.
413 2074 452 2124 Ι.
482 2073 658 2124 Sancti.
684 2078 778 2123 etc.
807 2073 877 2123 Ea
903 2078 977 2123 est
1001 2072 1201 2136 duplex,
1227 2069 1414 2123 scilicet
1453 2073 1528 2123 vel
1560 2069 1791 2129 formalis,
1821 2074 2013 2136 quando
2051 2071 2162 2138 quis
2199 2088 2434 2139 expresse
2463 2073 2694 2129 dubitans
2722 2079 2782 2130 dc

319 2155 483 2222 aliqua
528 2155 619 2209 Dei
657 2155 970 2223 perfectione,
1009 2170 1114 2207 eam
1154 2154 1363 2221 experiri
1402 2154 1560 2221 cupit:
1604 2162 1655 2207 ut
1695 2155 1736 2207 si
1777 2155 1886 2221 quis
1927 2164 2058 2221 petat
2096 2156 2400 2221 miraculum,
2445 2175 2540 2225 quo
2588 2165 2789 2227 patefiat

320 2243 464 2295 fldem
489 2239 795 2295 catholicam
821 2254 929 2292 esse
955 2252 1139 2301 veram,
1160 2242 1239 2292 vet
1267 2241 1348 2292 det
1373 2253 1427 2292 se
1455 2238 1769 2306 praecipitem
1797 2254 1857 2293 ex
1886 2241 2025 2303 turri,
2057 2249 2107 2295 ut
2134 2242 2436 2309 experiatur,
2463 2259 2521 2297 an
2566 2246 2696 2297 Deus
2724 2245 2788 2300 sit

318 2325 619 2386 misericors,
642 2338 754 2379 eum
780 2323 1034 2390 eripiendo
1054 2338 1080 2376 a
1108 2324 1338 2377 laesione.
1359 2325 1450 2377 Vel
1477 2331 1551 2378 est
1575 2324 1809 2391 implicita
1837 2331 1885 2378 et
1909 2325 2296 2393 interpretativa,
2325 2332 2519 2395 quando
2546 2329 2671 2396 quiS,
2694 2329 2788 2384 etsi

315 2425 557 2479 expresse
596 2425 691 2464 nou
716 2410 936 2464 intendat
965 2411 1118 2462 Deum
1145 2415 1350 2472 tentare,
1379 2409 1430 2462 id
1456 2416 1617 2463 tamen
1644 2410 1766 2477 petit
1791 2415 1868 2464 vel
1898 2411 2013 2476 agit,
2045 2414 2176 2478 quod
2202 2419 2377 2480 suapte
2415 2421 2583 2468 natura
2612 2430 2671 2467 eo
2713 2431 2786 2469 re-

317 2497 429 2551 terri
465 2496 695 2550 videtur:
725 2503 777 2550 ut
816 2494 857 2549 si
894 2494 1003 2560 quis
1039 2509 1093 2549 se
1129 2494 1400 2549 committat
1438 2494 1674 2560 periculo,
1704 2510 1730 2548 a
1769 2510 1867 2561 quo
1910 2501 1987 2550 vet
2027 2500 2160 2551 nullo
2199 2500 2345 2551 modo
2386 2502 2463 2552 vel
2503 2499 2586 2552 vix
2633 2501 2789 2567 possit

316 2583 456 2651 eripi,
487 2582 583 2637 uisi
610 2581 920 2644 miraculose,
952 2584 1028 2634 vel
1068 2579 1111 2634 si
1139 2579 1296 2633 media
1324 2577 1557 2633 naturalia
1584 2581 1792 2643 omittat,
1815 2597 2016 2649 sperans
2043 2597 2068 2634 a
2097 2585 2204 2637 solo
2236 2585 2338 2638 Deo
2369 2588 2610 2650 effectum,
2645 2602 2691 2638 v.
2717 2602 2786 2652 gr.

313 2667 362 2720 in
390 2670 571 2721 morbo
599 2666 877 2734 periculoso
903 2680 1141 2732 respuens
1168 2664 1453 2718 medicinam
1488 2672 1752 2731 petensque
1780 2680 1835 2718 ae
1863 2681 2066 2733 sperans
2092 2683 2118 2720 a
2151 2669 2253 2721 Deo
2286 2674 2471 2722 temere
2511 2670 2785 2724 sanitatem.

308 2753 431 2805 Nav.
460 2769 507 2806 c.
549 2755 628 2804 Η.
651 2753 785 2804 Less,
816 2765 862 2804 n.
892 2749 939 2802 4.
967 2753 1084 2804 item
1113 2749 1155 2802 si
1181 2749 1286 2802 sine
1314 2748 1603 2803 necessitate
1630 2758 1678 2802 et
1704 2764 1851 2802 causa
1877 2751 2015 2804 rudis
2042 2754 2225 2817 absque
2254 2754 2630 2819 praeparatione
2669 2755 2789 2808 velit

307 2835 621 2901 concionari,
646 2849 851 2902 sperans
888 2849 914 2887 a
959 2835 1061 2887 Deo
1100 2833 1196 2887 sibi
1234 2837 1567 2898 suggerendos
1602 2841 1884 2901 conceptus.
1925 2839 2066 2889 Suar.
2095 2840 2271 2891 Sancti.
2301 2842 2436 2893 Less.
2472 2842 2642 2905 Laym.
2677 2843 2709 2893 Ι.
2739 2842 2786 2894 t.

308 2928 343 2976 t.
376 2924 458 2975 to.
487 2937 541 2975 c.
569 2922 619 2975 5.

394 3027 589 3102 370.
624 3030 889 3094 Tentare
924 3029 991 3092 in
1024 3049 1103 3092 ss.
1146 3029 1401 3092 Litteris
1434 3029 1662 3092 dicitur
1699 3030 1773 3092 de
1806 3030 1900 3106 iis,
1942 3031 2050 3111 qui
2087 3034 2427 3113 provocant
2457 3033 2617 3095 iram
2652 3033 2786 3097 Dei.

304 3135 446 3198 Vid.
484 3133 677 3198 Suar.
718 3131 791 3194 de
820 3130 1030 3212 Reliy.
1066 3133 1218 3195 tom.
1258 3131 1304 3194 Ι.
1339 3131 1444 3194 lib.
1483 3133 1530 3194 I.
1559 3130 1632 3194 de
1669 3131 1855 3195 Vitiis
1891 3137 2087 3195 contr.
2122 3133 2333 3215 Reliy.
2361 3153 2494 3217 cap.
2533 3137 2592 3197 2.
2627 3154 2685 3197 n.
2724 3137 2786 3197 2.

295 3237 484 3321 Apud
530 3234 888 3318 Theologos
920 3233 1189 3296 tentatio
1224 3234 1347 3296 alia
1379 3236 1475 3297 est
1494 3232 1911 3312 probationis,
1941 3234 2064 3298 alia
2094 3234 2491 3299 seductioni-5.
2521 3236 2788 3299 Tentare

299 3342 523 3405 autem
563 3338 659 3402 ait
706 3356 754 3401 a.
787 3336 1007 3400 Thom.
1049 3338 1110 3399 2.
1147 3338 1206 3398 2.
1242 3355 1300 3417 q.
1338 3337 1440 3399 97.
1478 3339 1595 3398 art.
1641 3337 1697 3398 1.
1734 3339 1830 3400 est
1848 3338 2110 3415 proprie
2157 3338 2644 3420 experimentum
2684 3357 2791 3401 su-

298 3462 470 3508 mere
522 3442 604 3505 de
655 3459 725 3504 eo
772 3440 879 3522 qui
927 3440 1227 3503 tentatur.
1261 3438 1343 3501 Et
1390 3439 1505 3500 hoc
1550 3458 1731 3501 sensu
1780 3458 1942 3503 nunc
1989 3457 2380 3521 usurpamus

390 3544 455 3610 S.
484 3545 722 3608 Thom.
763 3542 933 3606 ibid.:
967 3565 1002 3598 «ι
1026 3539 1344 3604 Sumimus
1378 3542 1588 3602 autem
1620 3541 2105 3622 experimentum
2138 3540 2210 3604 de
2247 3541 2456 3622 aliquo
2490 3542 2555 3603 et
2586 3542 2791 3604 verbis

296 3649 360 3712 et
388 3646 614 3712 factis.
651 3644 872 3709 Verbis
908 3642 1176 3724 quidem,
1213 3643 1287 3706 ut
1325 3642 1730 3724 experiamur,
1773 3661 1850 3705 an
1899 3643 2057 3705 sciat
2088 3641 2249 3723 quod
2302 3642 2658 3722 quaerimus
2693 3643 2790 3706 vel

297 3769 375 3814 an
426 3747 646 3833 possit
693 3748 805 3810 aut
851 3745 1005 3809 velit
1048 3744 1204 3808 illud
1251 3744 1547 3826 implere3
1598 3744 1781 3807 factis
1846 3745 2077 3819 autem,
2126 3762 2267 3807 cum
2326 3763 2435 3826 per
2491 3762 2581 3818 ea,
2633 3764 2794 3826 quae

295 3852 601 3926 facimuS,
630 3849 1021 3932 exploramus
1054 3847 1187 3911 eius
1220 3847 1612 3930 prudentiam
1644 3847 1739 3909 vel
1775 3846 2165 3910 voluntatem
2197 3847 2294 3910 vel
2326 3849 2704 3929 potestatem
2729 3873 2791 3912 ».

390 3953 709 4037 Exempla
756 3955 903 4016 sunt
949 3951 1131 4015 obvia
1180 3949 1379 4032 quoad
1423 3952 1756 4030 utrumque
1802 3948 2058 4013 modum
2105 3951 2168 4013 et
2215 3949 2496 4029 quotidie
2543 3951 2694 4015 haec
2731 3954 2796 4015 et

296 4061 546 4146 passim
602 4056 789 4120 fiunt.

398 4163 510 4227 Sic
561 4157 1028 4223 dubitationem
1082 4156 1221 4238 quis
1268 4155 1557 4237 proponit
1613 4156 1774 4219 circa
1821 4156 1947 4219 vim
1995 4156 2185 4232 vocis,
2236 4156 2397 4220 circa
2459 4155 2789 4219 historiam

291 4265 489 4331 alicui
540 4280 695 4327 eum
741 4260 806 4323 in
860 4258 1046 4322 finem
1094 4260 1168 4321 ut
1221 4257 1474 4340 detegat
1521 4259 1757 4338 quanta
1814 4258 1899 4321 sit
1947 4258 2078 4322 eius
2127 4258 2405 4322 scientia.
2457 4256 2558 4322 Sic
2605 4259 2792 4322 herus

294 4367 647 4453 pecuniam
689 4363 756 4425 in
801 4380 1015 4425 mensa
1061 4359 1376 4440 relinquit,
1411 4361 1484 4422 ut
1530 4361 1884 4442 experiatur
1929 4359 2112 4423 fidem
2157 4359 2378 4423 famuli
2429 4360 2547 4424 etc.

386 4469 451 4534 S.
490 4467 781 4531 Thomas
812 4464 855 4526 l.
889 4483 940 4526 c.
975 4464 1293 4545 praeterea
1339 4461 1673 4545 distinguit
1718 4461 2131 4525 tentationem
2176 4463 2239 4524 in
2286 4465 2590 4540 apertam,
2626 4462 2790 4526 sicut

295 4572 574 4639 Samson
614 4565 750 4630 Iud.
784 4564 955 4628 XIV.
991 4565 1316 4648 proposuit
1362 4564 1718 4627 Philistaeis
1767 4564 2084 4646 problema
2117 4564 2195 4627 ad
2227 4582 2331 4628 eos
2368 4565 2782 4634 tentandum3

410 4694 718 4735 Emtnn.
750 4709 802 4719 -
830 4685 1002 4729 Hor-al.
1032 4686 1166 4728 Tom.
1199 4685 1266 4728 11.
2625 4684 2681 4723 18
