3497 5147
287 339 416 416 1655]
854 354 1016 404 Quo‘r
1052 354 1238 397 »roms
1276 354 1597 399 TOLLATUR
1633 357 1964 401 camerano
2002 358 2142 401 vorr
2626 351 2737 404 499

290 453 558 535 parentes
607 452 735 516 sint
778 451 843 516 in
897 453 1299 518 necessitate:
1343 454 1396 517 si
1444 454 1781 520 obstrictus
1830 456 2210 522 obedientiae
2256 459 2403 522 voto
2451 459 2737 525 iubeatur

286 554 469 618 facere
504 554 655 636 quid
698 555 1025 620 illicitum:
1060 556 1113 620 si
1159 555 1388 621 vovisti
1434 556 1734 621 ieiunium
1782 560 1843 621 et
1881 559 1998 623 hoc
2027 559 2304 644 graviter
2333 560 2470 625 dein
2519 566 2737 627 noceat

286 656 654 721 valetudini:
705 657 758 721 si
807 658 1194 743 eleemosyna
1241 678 1312 722 ex
1359 661 1506 724 voto
1554 659 1861 743 promissa
1906 660 2213 726 deserviat
2250 663 2329 727 ad
2374 663 2734 730 ebrietatem

285 760 388 822 aut
432 758 755 824 libidinem
802 760 1087 826 alterius:
1129 761 1184 825 si
1228 779 1413 826 voves
1460 760 1687 826 Missas
1733 781 1846 845 pro
1892 765 2375 842 conservatione,
2425 766 2628 831 salute
2672 770 2737 833 et

282 860 696 944 prosperitate
742 861 1047 945 Principis
1095 865 1158 927 et
1210 863 1347 927 dein
1396 863 1789 947 hypocritam
1834 864 1899 928 et
1940 865 2185 930 hostem
2230 868 2318 931 rei
2364 868 2735 934 christianae

276 961 522 1047 detegis.

358 1063 417 1128 Si
467 1085 540 1130 ex
588 1064 845 1131 honesta
891 1067 1004 1132 fiat
1050 1067 1301 1133 inutilis
1344 1073 1457 1132 aut
1507 1067 1897 1147 indifferenS,
1945 1089 1997 1135 e.
2045 1090 2139 1154 gr.
2188 1074 2407 1136 votum
2467 1072 2729 1138 militiae

281 1170 414 1252 post
459 1168 810 1246 victoriam,
846 1171 1064 1236 votum
1095 1171 1432 1236 Missarum
1465 1171 1542 1236 ad
1575 1171 1931 1250 sanitatem,
1957 1172 2011 1237 si
2040 1172 2190 1237 haec
2235 1175 2595 1257 recuperata
2628 1175 2730 1253 sit,

282 1273 496 1335 votum
528 1270 946 1349 subveniendi,
981 1273 1035 1337 si
1071 1275 1272 1338 cessat
1294 1274 1644 1339 necessitas.

355 1371 415 1438 Si
463 1376 595 1440 sint
644 1379 793 1441 vota
862 1376 1222 1457 impeditiva
1267 1378 1527 1440 maioris
1574 1376 1720 1441 boni
1742 1398 1763 1440 :
1818 1379 1884 1441 1⁰
1934 1377 2176 1443 ratione
2236 1397 2433 1443 novae
2477 1379 2733 1444 circum-

272 1477 536 1542 stantiae
583 1499 641 1543 v.
675 1500 769 1565 gr.
804 1479 859 1543 si
890 1480 1133 1544 voveris
1164 1479 1723 1564 peregrinationem
1755 1498 1913 1561 quae
1935 1479 2253 1562 impediat,
2302 1500 2377 1564 ne
2423 1479 2730 1546 deservias

269 1579 512 1645 infectis
539 1582 710 1665 peste
734 1582 1055 1665 inopinato
1094 1583 1432 1647 saeviente:
1474 1583 1574 1646 vel
1601 1583 1824 1647 votum
1856 1583 2184 1666 argenteae
2215 1583 2541 1665 lampadis,
2574 1603 2731 1665 quae

270 1682 586 1766 impediat,
619 1703 695 1749 ne
741 1684 1118 1767 periclitanti
1147 1685 1391 1768 puellae
1414 1684 1623 1749 dotem
1654 1684 1896 1749 tribuas
1929 1685 2073 1749 etc.:
2104 1683 2170 1747 2⁰
2200 1685 2440 1749 ratione
2464 1685 2732 1768 prohibi-

266 1784 449 1848 tionis
500 1805 558 1848 v.
594 1806 689 1870 gr.
723 1786 779 1850 si
824 1787 967 1869 post
998 1789 1218 1852 votum
1241 1787 1559 1871 religionis
1590 1785 1876 1850 Pontifex
1906 1786 2265 1870 praecipiat,
2306 1789 2378 1851 ut
2424 1787 2731 1872 episcopa-

270 1887 405 1951 tum
450 1888 782 1973 suscipias:
818 1889 873 1953 si
916 1891 1061 1974 post
1092 1890 1312 1954 votum
1348 1888 1863 1973 peregrinationis
1893 1888 2233 1974 Episcopus
2266 1890 2621 1973 praecipiat,
2658 1891 2732 1954 ut

266 1990 626 2072 parochiam
672 1991 996 2075 suscipias,
1028 1992 1125 2057 vel
1156 2011 1232 2056 ne
1264 1991 1539 2056 discedas
1578 2011 1613 2055 a
1650 1992 1962 2075 parochia.

353 2089 415 2154 Si
466 2090 585 2156 fiat
626 2092 1032 2173 impessibilis
1079 2094 1343 2159 materia
1376 2113 1427 2159 e.
1460 2114 1553 2178 gr.
1589 2097 1808 2159 votum
1841 2095 2006 2179 agni,
2047 2095 2154 2177 qui
2186 2096 2452 2160 moritur
2483 2097 2726 2178 postea:

266 2197 486 2259 votum
538 2195 1053 2281 peregrinationis
1078 2197 1142 2261 et
1172 2196 1309 2262 dein
1359 2199 1647 2281 aegrotas
1674 2197 1775 2261 vel
1804 2197 1929 2262 alia
1956 2197 2355 2281 occupatione
2389 2196 2727 2263 distineris:

258 2299 477 2363 votum
530 2298 848 2383 religionis
896 2299 960 2363 et
1004 2299 1143 2364 dein
1191 2299 1543 2364 valetudine
1581 2298 1858 2364 laboras:
1892 2301 2111 2365 votum
2137 2300 2469 2365 oblationis
2502 2301 2566 2365 et
2588 2300 2726 2366 dein

256 2400 316 2464 in
364 2401 812 2485 paupertatem
846 2401 1074 2466 laberis
1121 2404 1237 2467 etc.

335 2502 401 2568 Si
432 2508 640 2569 cesset
666 2503 956 2583 conditio,
992 2524 1029 2569 a
1060 2524 1186 2588 qua
1217 2504 1439 2589 pendet
1471 2507 1722 2569 votum:
1765 2505 2042 2589 exempla
2075 2504 2276 2570 obvia.

339 2608 371 2643 *
399 2608 607 2673 Porro
647 2605 722 2671 2⁸
760 2626 903 2692 pars
948 2608 1254 2691 Responsi
1298 2626 1421 2673 non
1467 2610 1562 2673 est
1607 2608 1726 2673 nisi
1774 2609 2215 2693 argumentum
2260 2607 2590 2674 dubiorum
2636 2628 2725 2673 se-

242 2710 602 2792 quentium.

334 2813 474 2877 lam
526 2831 676 2878 vero
723 2831 959 2878 cessare
1008 2815 1227 2878 votum
1271 2814 1332 2876 h.
1373 2833 1425 2877 e.
1466 2813 1597 2878 eius
1631 2814 2076 2898 obligationem
2123 2813 2566 2878 interveniente
2612 2814 2724 2878 hu-

241 2914 523 2980 iusmodi
572 2914 925 2980 mutatione
969 2915 1289 2994 materiae,
1338 2915 1583 2981 evidens
1622 2918 1735 2981 est.
1770 2915 1888 2980 Vel
1940 2915 2103 2980 enim
2157 2934 2280 2980 non
2311 2917 2407 2980 est
2453 2916 2721 3000 amplius

240 3018 408 3099 quod
455 3016 682 3093 facias,
737 3018 835 3083 vel
880 3017 1014 3084 eius
1061 3018 1410 3084 observatio
1458 3037 1581 3083 non
1627 3020 1789 3083 esset
1849 3018 2118 3103 amplius
2176 3018 2356 3095 bona,
2415 3018 2579 3099 quod
2625 3021 2722 3083 est

238 3122 463 3185 contra
517 3122 816 3185 naturam
864 3121 996 3185 voti
1043 3121 1106 3185 et
1141 3121 1548 3186 intentionem
1594 3120 1897 3185 voventis.
1930 3118 2223 3185 Cessante
2269 3121 2482 3184 autem
2517 3139 2625 3202 per
2655 3139 2721 3183 se

238 3224 640 3308 obligatione
662 3222 815 3302 voti,
848 3223 1083 3289 nullius
1106 3223 1503 3289 auctoritatis
1527 3224 1703 3289 actus
1726 3223 2086 3305 requiritur,
2120 3223 2193 3287 ut
2223 3222 2363 3305 quis
2399 3221 2486 3285 sit
2506 3240 2718 3306 reapse

235 3327 498 3392 solutus
536 3326 622 3390 ab
652 3344 724 3390 ea
757 3326 1156 3411 obligatione.
1183 3325 1343 3405 Quia
1374 3325 1671 3408 obliyatio
1702 3326 2113 3407 extinyuitum
2147 3325 2206 3389 si
2239 3327 2311 3387 in
2341 3343 2481 3386 eum
2509 3343 2722 3388 casum

230 3429 503 3508 inwidat,
556 3448 605 3492 a
647 3448 767 3510 quo
814 3428 1083 3508 incipere
1130 3448 1259 3492 non
1290 3432 1515 3509 potest.
1564 3429 1607 3492 l.
1656 3427 1971 3492 Pluribus
2012 3427 2083 3509 §-
2119 3426 2237 3490 etsi
2251 3423 2522 3505 placeat.
2573 3425 2719 3509 Dig.

231 3530 306 3595 de
358 3530 636 3597 Verbor.
670 3530 925 3613 obliyat.
965 3529 1057 3596 Of.
1092 3531 1414 3616 Laymann
1437 3528 1511 3593 dc
1560 3530 1710 3594 Voto
1731 3549 1784 3593 c.
1826 3530 1888 3593 8.
1919 3549 1980 3593 n.
2015 3529 2076 3592 3.

321 3634 655 3715 Quaerere
693 3634 839 3699 licet
863 3654 1006 3700 cum
1037 3654 1087 3699 S.
1127 3634 1314 3717 Alph.
1348 3653 1408 3697 n.
1445 3634 1593 3696 224.
1625 3632 1691 3697 in
1721 3631 1863 3707 fine,
1899 3650 1975 3695 an
2007 3630 2206 3695 cesset
2236 3628 2535 3714 obligatio
2563 3628 2718 3706 voti,

228 3740 283 3818 si
316 3740 469 3822 quis
496 3738 836 3804 immemor
857 3737 992 3802 voti
1023 3737 1336 3821 praestitit
1366 3755 1498 3802 rem
1522 3734 1924 3818 promissam:
1956 3735 2020 3798 et
2041 3732 2371 3816 respondet
2400 3751 2449 3796 s.
2484 3733 2718 3797 Doctor

228 3839 641 3907 affirmative
678 3858 749 3904 ex
794 3839 1069 3925 generali
1113 3839 1352 3924 regula,
1387 3838 1552 3921 quod
1588 3837 1850 3920 quisque
1888 3837 2211 3901 censeatur
2249 3835 2473 3901 habere
2505 3835 2720 3900 volun-

226 3944 439 4008 tatem
492 3941 926 4007 satisfaciendi
949 3941 1121 4025 prius
1146 3942 1275 4007 suis
1309 3940 1831 4026 obligationibus:
1865 3958 2060 4017 secu8‚
2094 3939 2148 4004 si
2181 3958 2334 4023 opus
2364 3938 2597 4015 fecerit,
2629 3940 2719 4003 in-

223 4045 502 4110 tendens
559 4062 837 4127 expresse
871 4062 994 4109 non
1043 4044 1439 4120 satisfacere:
1488 4044 1636 4127 quia
1683 4044 1835 4108 tunc
1880 4044 2170 4109 voluntas
2202 4042 2484 4108 voventis
2516 4043 2610 4106 est
2642 4043 2718 4105 ut

219 4147 557 4234 obligatio
607 4147 884 4212 maneat:
925 4148 1021 4212 est
1053 4148 1264 4211 autem
1294 4147 1359 4212 in
1390 4147 1523 4212 eius
1547 4148 1859 4231 potestate
1894 4146 1960 4211 id
1991 4145 2247 4221 efficere,
2280 4145 2444 4211 sicut
2489 4143 2611 4207 fuit
2641 4146 2717 4206 ut

218 4250 572 4334 inciperet.
615 4245 708 4312 Cf.
742 4267 791 4313 s,
830 4249 1015 4332 Alph.
1056 4247 1130 4311 de
1167 4247 1443 4331 Leyibus
1488 4270 1547 4313 n.
1588 4250 1734 4313 128.
1771 4250 1834 4313 et
1870 4248 2037 4312 dicta
2082 4266 2266 4331 super
2312 4245 2385 4309 de
2439 4243 2716 4327 Leyibus

216 4372 269 4416 c.
314 4354 379 4417 3.
420 4351 610 4417 Dub.
644 4352 758 4415 3.*
