3497 5147
711 340 820 396 256
928 358 1138 399 TRAc'r.
1166 360 1245 399 vr.
1270 359 1430 400 smc‘r.
1460 362 1498 400 1.
1527 363 1611 401 mc
1635 363 1827 405 premo
1855 363 2068 405 ruane.
2094 365 2421 406 DDOALOGI.
2454 364 2586 406 CAP.
2614 366 2654 405 1.
2681 365 2824 406 nun.
2855 367 2947 406 111.
3027 354 3171 423 [352]

713 455 952 537 operari
983 475 1055 518 ex
1085 458 1266 537 pacto
1304 457 1608 540 implicito
1643 458 1960 524 daemonis
1993 480 2101 525 nec
2132 480 2263 525 esse
2296 463 2564 526 ariolum
2597 464 2709 527 aut
2739 464 3041 541 divinum,
3068 466 3173 531 sed

709 557 1118 621 materialiter
1161 558 1360 623 facere
1405 559 1487 635 id,
1521 562 1683 641 quod
1734 562 1840 625 isti
1888 563 2090 627 solent
2120 563 2466 629 formaliter
2512 566 2728 629 facere.
2765 565 2943 631 Unde
2989 568 3052 631 in
3102 588 3170 633 eo

707 659 891 724 modo
919 661 1206 742 operandi
1232 663 1348 727 hoc
1370 683 1492 727 non
1518 666 1613 727 est
1636 667 1958 746 peccatum
1984 666 2463 748 superstitionis,
2483 667 2589 731 sed
2614 668 2852 732 otiosae
2878 669 3166 746 actionis3

704 762 983 844 ideoque,
1011 783 1119 846 per
1150 784 1212 828 se
1244 766 1550 847 loquendo
1578 770 1642 832 et
1673 769 1912 833 secluso
1938 769 2227 834 scandalo
2259 771 2358 834 vel
2389 769 2662 853 periculo
2697 790 2805 853 per
2827 771 2938 835 illa
2962 773 3168 838 iocosa

707 865 1095 947 perveniendi
1144 867 1219 931 ad
1258 869 1437 947 seria,
1473 870 1627 934 illud
1666 890 1789 934 non
1837 872 1932 935 est
1977 873 2299 954 peccatum
2336 874 2622 949 mortale,
2658 874 2762 937 sed
2801 874 3062 949 veniale,
3097 876 3169 939 ut

705 969 868 1032 recte
918 969 1163 1033 notavit
1209 968 1575 1045 Caietanus;
1627 975 1691 1036 et
1737 976 1832 1038 est
1878 975 2223 1039 communis
2270 975 2578 1040 sententia
2611 1000 2672 1039 ».

1777 1187 1939 1250 ΗΠΒ.
1973 1187 2089 1250 ΙΙΙ.

1668 1342 1771 1407 De
1821 1342 2200 1408 idololatria.

812 1509 972 1561 xxu.
1001 1511 1147 1575 Resp.
1176 1512 1219 1563 i.
1254 1513 1318 1564 Ea
1346 1518 1435 1575 est,
1464 1513 1657 1578 quando
1685 1511 1919 1565 tribuitur
1945 1516 2099 1565 honor
2126 1519 2399 1575 creaturae,
2427 1510 2553 1565 sicut
2582 1514 2703 1565 Deo.
2732 1515 2782 1567 S.
2804 1516 2982 1567 Tbom.
3003 1530 3052 1579 q.
3080 1516 3166 1568 st.

704 1600 794 1647 art.
820 1596 863 1646 t.
888 1597 935 1648 ld
965 1610 1084 1649 vero
1106 1598 1175 1662 sst,
1196 1601 1249 1649 ut
1273 1599 1418 1651 docet
1443 1600 1580 1650 Less.
1601 1600 1633 1648 1.
1662 1600 1708 1649 2.
1729 1613 1772 1651 3.
1804 1598 1904 1664 43.,
1926 1613 2020 1651 11311
2046 1605 2233 1651 tantum
2258 1596 2517 1660 sacriflciO,
2550 1599 2634 1651 sed
2661 1597 2806 1652 etiam
2826 1599 3008 1663 quovis
3028 1600 3166 1664 signo

704 1680 917 1743 bonoriS,
936 1696 1034 1746 quo
1060 1680 1170 1747 quis
1194 1690 1467 1746 creaturae,
1488 1688 1715 1748 tanquam
1745 1684 1869 1747 Deo,
1901 1698 1954 1736 se
1980 1683 2269 1736 submittere
2292 1682 2514 1744 intendit,
2537 1697 2586 1735 v.
2612 1699 2657 1746 g,
2683 1683 3046 1747 genuflexione,
3073 1690 3168 1738 sut·

703 1767 807 1828 litu,
835 1766 1110 1819 detectione
1146 1766 1321 1833 capitis
1360 1768 1421 1820 ad
1461 1775 1670 1821 statuam
1712 1767 1869 1822 Jovis.

789 1902 967 1975 352.
1003 1908 1036 1945 *
1072 1908 1437 1972 Idololatria
1483 1910 1689 1973 cultus
1737 1909 2051 1974 idolorum
2097 1909 2218 1973 est:
2267 1908 2506 1973 idolum
2552 1928 2698 1974 vero
2746 1909 3040 1990 (εἴδωλον
3091 1913 3168 1976 31-

696 2011 1075 2093 mulacrum)
1124 2012 1317 2094 accipi
1364 2012 1524 2076 solet
1569 2013 1641 2075 de
1689 2012 2021 2076 simulacro
2069 2009 2227 2075 falso
2293 2029 2403 2075 seu
2463 2010 2552 2075 rei
2606 2029 2729 2075 non
2785 2011 3160 2085 exsistentia

695 2114 1039 2178 cuiusmodi
1089 2116 1266 2178 erant
1312 2116 1639 2178 numinum
1686 2115 2020 2178 simulacra
2068 2115 2230 2198 apud
2279 2132 2575 2198 paganos,
2616 2113 2920 2193 Quocirca
2969 2115 3163 2180 idolo·

694 2215 883 2279 latria
915 2216 1158 2299 proprie
1190 2219 1339 2281 tunc
1371 2217 1653 2294 habetur,
1687 2237 1830 2282 cum
1863 2217 2209 2281 simulacris
2243 2216 2614 2298 quibusdam
2652 2216 2862 2281 cultus
2897 2217 3030 2281 Deo
3066 2217 3165 2281 de-

694 2318 864 2382 bitus
890 2319 1134 2403 (latria)
1158 2320 1498 2384 exhibetur.
1527 2320 1714 2384 Recte
1741 2322 1951 2384 autem
1977 2321 2189 2384 monet
2213 2338 2260 2383 3.
2289 2319 2563 2384 Thomas
2590 2338 2647 2401 q.
2671 2320 2775 2382 94.
2806 2337 2861 2382 a.
2886 2320 2945 2382 1.
2968 2319 3047 2382 ad
3073 2321 3161 2383 4¹²·

699 2445 735 2479 «
768 2421 933 2503 quod
965 2443 1036 2485 ex
1067 2424 1379 2487 communi
1412 2423 1873 2499 consuetudine,
1901 2442 2024 2504 qua
2066 2424 2382 2486 creaturas
2416 2441 2835 2503 quascumque
2869 2422 3162 2486 colebant

692 2526 955 2610 gentiles
988 2526 1103 2591 sub
1141 2526 1511 2610 quibusdam
1550 2526 1947 2611 imaginibus,
1982 2526 2346 2609 impositum
2381 2526 2476 2589 est
2505 2526 2621 2591 hoc
2651 2542 2875 2590 nomen
2900 2525 3165 2591 idolola-

691 2629 814 2691 tria
869 2630 944 2693 ad
993 2630 1466 2714 significandum
1524 2648 1973 2711 quemcumque
2034 2629 2275 2693 cultum
2337 2630 2676 2706 creaturae,
2717 2628 2965 2692 etiamsi
3027 2629 3158 2693 sine

691 2732 1068 2814 imaginibus
1107 2732 1281 2797 fieret
1313 2757 1373 2796 ».
1408 2732 1615 2814 Atque
1645 2731 1762 2796 hoc
1801 2751 1983 2795 3311311
2015 2731 2251 2795 Auctor
2282 2731 2582 2813 loquitur.

779 2833 1101 2918 Legendus
1149 2839 1245 2900 est
1291 2836 1465 2900 artic.
1516 2835 1746 2899 citatus
1795 2854 1844 2898 3.
1894 2833 2188 2909 Thomae,
2239 2833 2415 2897 cuius
2463 2833 2742 2897 doctrina
2790 2834 2867 2897 ad
2913 2834 3155 2898 claram

688 2937 978 3001 notitiam
1012 2938 1308 3002 historiae
1355 2938 1748 3002 idololatriae
1794 2956 1915 3000 non
1963 2956 2184 3019 parum
2216 2936 2532 2999 conducet.
2569 2934 2660 2999 Cf.
2697 2936 2888 2999 etiam
2921 2935 3156 3001 Suarez

687 3040 728 3103 1.
763 3059 812 3103 3.
850 3059 899 3103 c.
935 3040 996 3102 4.
1040 3039 1164 3114 ubi,
1201 3040 1360 3103 inter
1393 3040 1536 3119 alia,
1570 3041 1733 3102 recte
1767 3039 1995 3114 monet,
2033 3057 2068 3100 a
2101 3038 2440 3121 gentilibus
2486 3056 2608 3101 non
2656 3036 2854 3101 nudas
2903 3039 3158 3103 statuas

686 3142 977 3206 adoratas
1024 3141 1232 3220 fuisse,
1267 3142 1369 3206 sed
1406 3145 1517 3206 aut
1554 3142 1794 3204 ratione
1841 3140 2113 3204 numinis
2145 3140 2470 3203 cuiusdam
2516 3140 2615 3204 vel
2662 3141 2920 3205 virtutis
2972 3161 3158 3226 supe-

684 3244 887 3321 rioris,
921 3265 1109 3326 quam
1142 3244 1288 3322 illis,
1326 3247 1457 3308 arte
1483 3244 1771 3326 quadam,
1808 3242 2082 3306 humana
2105 3242 2204 3305 vel
2229 3242 2551 3325 superiori,
2587 3244 2987 3308 coniunctam
3021 3264 3156 3309 3333

683 3347 1010 3429 putabant,
1046 3350 1157 3413 aut
1188 3349 1428 3412 ratione
1459 3347 1801 3414 hominum,
1837 3345 1945 3426 qui
1978 3364 2083 3427 per
2114 3344 2280 3426 ipsos
2311 3345 2938 3427 repraesentabantur
2979 3349 3042 3410 et
3079 3351 3157 3412 ut

683 3449 768 3513 dii
806 3451 1184 3529 colebantur,
1221 3452 1465 3515 statuas
1492 3469 1599 3512 seu
1622 3448 1790 3512 idola
1819 3468 1852 3512 a
1879 3447 2216 3532 gentilibus
2250 3446 2509 3512 adorata
2532 3447 2740 3511 fuisse.
2769 3447 2946 3512 Unde
2976 3452 3154 3531 patet

682 3573 870 3635 quam
908 3553 1113 3638 inepte
1144 3553 1245 3618 hic
1281 3553 1488 3617 cultus
1523 3551 1961 3634 aequiparetur
1997 3569 2033 3614 a
2065 3550 2569 3614 Protestantibus
2601 3550 2800 3614 cultui
2826 3569 3151 3617 sacrarum

680 3656 1028 3741 imaginum
1066 3656 1301 3741 vigenti
1342 3655 1503 3738 apud
1538 3653 1916 3719 Catholicos

770 3758 971 3822 Notat
1016 3759 1337 3842 Laymann
1384 3758 1491 3822 lib.
1528 3758 1588 3820 4.
1625 3759 1701 3820 tr.
1742 3758 1843 3820 lo.
1879 3776 1928 3819 c.
1967 3759 2025 3818 2.
2068 3775 2125 3818 11.
2165 3757 2224 3817 5.
2259 3754 2420 3836 quod
2473 3753 2547 3818 ad
2597 3773 2842 3819 omnem
2888 3756 3148 3822 latriam

680 3862 810 3925 sive
858 3861 1294 3924 exhibitionem
1341 3862 1548 3924 cultus
1588 3859 1799 3934 divini,
1848 3858 2188 3938 requiritur
2237 3857 2492 3920 affectus
2538 3857 2972 3921 submissionis
3007 3863 3155 3924 tan-

679 3982 869 4044 quam
916 3982 1063 4047 erga
1111 3981 1462 4045 supremam
1511 3961 1969 4026 excellentiam:
2019 3957 2277 4038 ideoque
2325 3959 2432 4022 ubi
2471 3958 2616 4023 talis
2657 3959 2915 4023 affectus
2950 3961 3149 4040 deest,

678 4087 799 4132 non
833 4067 929 4130 est
975 4085 1156 4130 verus
1202 4065 1424 4128 latriae
1471 4063 1697 4137 cultus,
1747 4061 1854 4125 sed
1901 4059 2234 4124 simulatus
2285 4065 2472 4143 atque
2518 4061 2743 4126 idcirco
2783 4062 3151 4130 idololatria

677 4173 826 4234 tunc
871 4189 993 4234 non
1027 4170 1121 4233 est
1151 4186 1315 4243 vera,
1352 4165 1455 4228 sed
1488 4165 1667 4228 ficta:
1718 4163 1865 4226 licet
1910 4162 2160 4225 interim
2198 4163 2283 4228 sit
2319 4164 2759 4247 gravissimum
2792 4170 3146 4247 peccatum,

673 4273 863 4335 etiam
896 4272 1111 4335 contra
1143 4267 1461 4350 religionis
1494 4266 1815 4329 virtutem.

760 4372 939 4435 Ficta
971 4371 1207 4435 scilicet
1242 4368 1470 4432 dicitur
1506 4368 1884 4444 idololatria,
1935 4388 2077 4432 cum
2117 4369 2292 4433 abest
2323 4389 2491 4434 error
2537 4369 2896 4434 intellectus
2947 4372 3013 4436 et
3059 4373 3146 4436 af·

671 4473 868 4538 fectus
901 4472 1139 4538 colendi
1171 4472 1520 4535 creaturam
1553 4473 1626 4535 ut
1652 4472 1880 4544 Deum;
1917 4472 2019 4535 sed
2047 4472 2221 4536 adest
2254 4474 2458 4537 solum
2492 4472 2785 4537 voluntas
2812 4474 3138 4539 exhibendi

668 4578 919 4663 signum
957 4576 1276 4640 externum
1325 4573 1703 4639 adorationis
1753 4575 1870 4639 soli
1917 4575 2048 4639 Deo
2096 4574 2340 4639 debitae
2388 4595 2529 4639 cum
2567 4576 2854 4641 exteriori
2905 4576 3138 4662 signifi-
