3497 5147
351 334 498 410 [488]
1303 354 1575 397 smonu.
1602 354 1849 395 posnan
2707 342 2814 398 373

445 451 502 513 A
548 448 797 516 fortiori
844 452 1057 515 autem
1102 452 1283 516 irrita
1323 451 1603 516 habenda
1637 452 1731 514 est
1761 450 2032 533 provisio
2064 451 2269 532 quoad
2299 471 2462 529 eum,
2495 452 2604 533 qui
2634 452 2816 517 scivit

354 551 435 615 ab
476 552 600 617 alio
636 551 855 617 datum
885 553 965 618 iri
996 554 1320 637 pecuniam
1367 555 1431 618 et
1466 572 1589 618 non
1620 554 1684 617 in
1713 552 1995 617 fraudem
2032 554 2248 636 ipsius
2282 554 2386 618 sed
2423 555 2488 618 in
2517 553 2811 620 favorem.

443 654 516 717 In
550 673 676 736 quo
716 655 928 719 tamen
961 674 1109 720 casu
1141 655 1648 742 distinguendum
1686 657 1800 719 est.
1834 654 1997 719 Nam
2030 656 2083 719 si
2126 657 2410 739 provisus
2459 658 2601 721 ante
2632 657 2816 722 colla-

351 758 608 832 tionem,
639 756 836 820 sciens
863 757 1121 821 alterius
1146 777 1409 842 pravum
1445 757 1793 834 consilium,
1821 776 2096 840 expresse
2132 758 2536 836 contradicat,
2575 777 2695 825 non
2727 760 2814 824 vi-

350 861 571 935 tiatur,
614 858 721 923 sed
757 858 965 923 valida
1011 860 1131 925 erit
1176 859 1429 925 collatio
1468 858 1767 936 beneficii,
1814 859 1928 923 etsi
1968 859 2143 934 alter,
2193 859 2325 942 ipso
2357 861 2811 927 contradicente

350 964 418 1026 et
461 963 818 1044 ignorante,
866 962 932 1026 in
995 962 1260 1027 simonia
1306 964 1544 1047 pergat,
1593 980 1787 1044 eaque
1838 961 2148 1026 mediante
2194 962 2556 1028 beneficium
2601 984 2813 1030 revera

349 1065 729 1130 Obtineatur‘.

438 1167 629 1233 Secus
661 1168 775 1242 est,
802 1166 855 1235 si
890 1185 1014 1231 non
1049 1166 1424 1232 contradixit
1459 1166 1558 1231 vel
1587 1165 1961 1231 contradixit
1984 1165 2250 1247 quidem,
2278 1166 2382 1230 sed
2407 1167 2808 1231 nihilominus

344 1269 684 1352 postquam
733 1267 935 1346 scivit,
975 1268 1141 1350 quod
1179 1269 1356 1343 alter,
1402 1287 1526 1334 non
1553 1269 1839 1334 obstante
1885 1268 2369 1333 contradictione
2399 1270 2462 1332 et
2509 1269 2809 1352 protesta-

344 1371 516 1435 tione
552 1389 686 1447 sua,
718 1371 784 1434 in
818 1370 1082 1435 simonia
1107 1370 1301 1435 nihilo
1334 1371 1532 1436 secius
1563 1373 1863 1456 pergeret,
1901 1370 2031 1453 ipse
2069 1370 2430 1435 beneficium
2463 1372 2808 1453 acceptavit

345 1473 689 1538 simoniace
719 1472 1041 1538 collatum.
1079 1473 1216 1538 Hoc
1246 1476 1457 1557 aperte
1486 1473 1807 1558 colligitur
1840 1495 1912 1539 ex
1948 1493 2079 1556 cap.
2117 1473 2294 1538 Sicut
2325 1474 2428 1539 33.
2463 1474 2649 1538 huius
2678 1475 2803 1553 tit.‚

344 1575 411 1639 in
445 1594 569 1657 quo
602 1575 709 1640 ille
741 1576 997 1640 tantum
1033 1577 1362 1641 excusatur
1398 1596 1435 1640 a
1467 1594 1663 1660 poena
1692 1577 2025 1653 militatis
2058 1576 2164 1657 qui
2198 1580 2529 1658 postquam
2561 1579 2806 1641 contra-

341 1678 524 1756 dixit,
556 1680 834 1761 iynorat‚
860 1678 1224 1744 beneficium
1254 1679 1656 1744 nihilominus
1687 1679 2019 1744 simoniace
2051 1679 2128 1742 ab
2155 1678 2277 1742 alio
2303 1698 2412 1760 pro
2445 1698 2509 1742 se
2543 1679 2805 1744 obtineri

340 1799 421 1844 ac
469 1781 719 1864 proinde
764 1779 874 1862 qui
918 1799 1039 1845 non
1085 1780 1355 1864 ignorat,
1405 1799 1476 1845 eo
1514 1781 1649 1864 ipso
1700 1799 1822 1846 non
1862 1780 2208 1856 excusatur,
2247 1780 2408 1862 quod
2444 1781 2658 1859 sciens,
2707 1782 2806 1847 be-

345 1882 640 1947 neficium
671 1883 1005 1948 simoniace
1043 1882 1323 1960 conferri,
1360 1883 1514 1947 illud
1555 1885 1764 1947 tamen
1797 1883 2103 1966 acceptat3
2138 1901 2280 1945 cum
2311 1882 2400 1947 sic
2432 1883 2800 1966 acceptando

340 1983 554 2066 reipsa
581 1984 915 2067 approbare
940 1984 1269 2049 simoniam
1294 1985 1358 2049 et
1379 1985 1445 2049 in
1467 1984 1625 2049 hanc
1647 1984 1993 2049 consentire
2022 1984 2325 2061 videatur,
2360 2004 2482 2050 non
2515 1986 2799 2050 obstante

333 2087 831 2152 contradictione
863 2106 935 2152 ac
969 2087 1418 2170 protestatione
1449 2107 1582 2163 sua,
1617 2088 1715 2150 cui
1750 2088 1914 2152 facta
1949 2087 2258 2152 contraria
2301 2089 2618 2171 apparent.

428 2189 516 2253 Et
561 2191 698 2272 pari
740 2190 926 2255 modo
972 2190 1413 2273 protestationi
1458 2209 1604 2254 suae
1657 2190 2074 2255 contradicere
2130 2192 2192 2253 et
2239 2191 2316 2254 ab
2364 2191 2480 2254 hac
2525 2191 2799 2255 recedere

330 2293 627 2357 censetur
647 2291 721 2368 ia,
756 2291 867 2374 qui
898 2292 1092 2357 sciens
1120 2293 1442 2375 pecuniam
1467 2293 1799 2357 simoniace
1832 2293 1909 2356 ab
1943 2292 2064 2356 alio
2098 2293 2371 2356 solutam
2396 2310 2506 2374 pro
2533 2311 2614 2367 se,
2641 2293 2799 2356 hanc

329 2396 545 2479 ipsam
567 2395 913 2477 pecuniam,
941 2396 1084 2460 ante
1112 2394 1437 2459 obtentum
1460 2394 1841 2469 beneficium,
1875 2394 2147 2458 refundit
2177 2395 2272 2458 illi
2295 2394 2402 2476 qui
2427 2413 2563 2458 eam
2588 2395 2796 2473 solvit,

328 2517 476 2582 cap.
515 2498 710 2563 Sicut.
750 2499 858 2562 33.
897 2498 959 2562 h.
993 2499 1094 2562 tit.

428 2600 607 2681 Quod
642 2602 693 2666 si
728 2601 1050 2685 pecuniam
1084 2601 1373 2666 refundat
1408 2604 1551 2684 post
1587 2603 1910 2668 obtentum
1942 2602 2303 2668 beneficium
2334 2603 2687 2685 (pecuniam
2710 2605 2799 2667 in-

326 2704 573 2789 tellige,
599 2723 664 2770 se
681 2705 895 2783 inscio,
924 2706 1066 2769 ante
1089 2704 1416 2769 obtentum
1446 2704 1827 2782 beneficium,
1862 2706 2162 2787 solutam)
2195 2706 2524 2769 simoniam
2548 2705 2796 2787 quidem

323 2810 392 2872 et
427 2807 564 2890 ipse
589 2806 933 2871 committit
955 2806 1105 2889 (nisi
1127 2806 1192 2870 id
1214 2806 1406 2871 faciat
1436 2807 1705 2888 praecise
1728 2826 1802 2871 ex
1825 2807 2099 2870 amicitia
2132 2809 2195 2870 et
2217 2826 2291 2870 ne
2315 2807 2475 2871 alter
2497 2807 2794 2872 damnum

324 2928 455 2975 sua
489 2927 680 2974 causa
712 2909 1011 2993 patiatur,
1037 2910 1111 2972 ut
1149 2909 1354 2991 plures
1393 2908 1617 2991 aiunt),
1658 2927 1782 2972 non
1813 2909 2021 2973 tamen
2053 2909 2357 2972 incurrere
2382 2908 2628 2972 videtur
2658 2929 2796 2992 poe-

324 3031 488 3076 nam
522 3010 894 3077 irritationis
929 3012 1065 3091 ipso
1094 3009 1258 3090 facto
1290 3030 1361 3074 ac
1398 3010 1650 3093 proinde
1683 3011 2044 3075 beneficium
2075 3029 2270 3092 usque
2308 3010 2383 3075 ad
2422 3013 2792 3076 sententiam

317 3114 707 3198 privationis
737 3113 969 3196 poterit
995 3114 1277 3177 retinere.

420 3216 621 3281 Ratio
660 3216 772 3293 est,
814 3215 961 3297 quia
992 3215 1269 3292 effatum,
1308 3214 1473 3296 quod
1513 3242 1593 3271 =
1641 3214 2007 3280 ratihabitio
2042 3215 2490 3279 retrotrahitur
2527 3219 2588 3278 et
2621 3236 2793 3279 man-

318 3319 482 3383 dato
512 3318 700 3399 acqui
816 3321 965 3380 atur
996 3344 1077 3373 =
1104 3316 1575 3401 intelligendum
1609 3321 1704 3382 est
1728 3319 1801 3382 de
1831 3319 1928 3393 iis,
1953 3337 2112 3401 quae
2127 3317 2392 3400 pendent
2424 3337 2458 3381 a
2491 3337 2790 3383 consensu

314 3420 725 3498 ratificantis,
779 3440 901 3485 non
959 3422 1169 3485 autem
1215 3419 1289 3483 de
1334 3420 1433 3497 iis,
1482 3439 1639 3501 quae
1686 3423 1829 3485 ante
1875 3421 2038 3485 hunc
2092 3440 2455 3485 consensum
2502 3422 2681 3503 plane
2728 3422 2790 3485 et

317 3525 622 3590 absolute
656 3523 782 3587 iam
820 3524 1069 3607 peracta
1100 3523 1266 3586 sunt.
1292 3522 1669 3606 Schmalzgr.
1704 3543 1764 3585 n.
1808 3524 1955 3587 266.

413 3622 607 3696 488.
642 3624 933 3690 Beneficii
963 3624 1297 3707 privationi
1330 3622 1565 3688 accedit
1596 3624 1897 3708 obligatio
1930 3624 2168 3688 fructus
2201 3642 2271 3687 ex
2296 3641 2367 3686 eo
2399 3625 2790 3705 comparatos

314 3728 722 3796 restituendi.
762 3727 876 3791 Est
912 3726 1193 3791 doctrina
1230 3726 1575 3792 communis
1608 3729 1671 3790 et
1707 3728 1876 3790 certa
1908 3746 1978 3790 ex
2010 3726 2159 3789 iure.

412 3830 493 3895 Id
527 3830 737 3893 autem
769 3828 957 3905 valet,
991 3829 1128 3892 tum
1175 3829 1227 3892 si
1282 3829 1545 3893 simonia
1578 3830 1906 3893 commissa
1955 3830 2038 3892 sit
2087 3829 2164 3892 ab
2203 3829 2335 3912 ipso
2383 3828 2789 3910 beneficiariO,

317 3940 472 4002 tum
519 3935 575 3999 si
631 3934 708 3999 ab
765 3934 909 4012 ali0,
959 3933 1092 4016 ipso
1156 3933 1543 3999 beneficiario
1592 3918 1820 3999 sciente
1876 3938 1937 4000 et
1984 3955 2106 4000 non
2169 3936 2645 4014 contradicente,
2694 3936 2793 3999 vel

315 4037 796 4105 contradicente
842 4035 1109 4118 quidem,
1158 4037 1263 4101 sed
1310 4037 1517 4101 tamen
1565 4040 1920 4121 acceptante
1967 4038 2330 4104 beneficium
2377 4059 2518 4104 cum
2565 4039 2790 4102 notitia

316 4142 460 4206 iam
511 4139 730 4204 habita
784 4136 1103 4214 simoniae,
1149 4156 1270 4204 non
1320 4139 1604 4205 obstante
1653 4160 1766 4206 sua
1822 4142 2287 4223 protestatione,
2335 4138 2787 4204 intercedentis.

315 4244 522 4308 Ratio
570 4243 684 4319 est,
719 4241 868 4324 quia
900 4260 1042 4304 cum
1080 4260 1188 4305 nec
1220 4242 1447 4306 bonam
1485 4242 1667 4308 fidem
1716 4264 1824 4308 nec
1861 4245 2122 4308 titulum
2155 4244 2401 4315 habeat,
2441 4243 2502 4304 in
2535 4260 2659 4323 quo
2691 4241 2789 4305 ius

317 4343 705 4429 percipiendi
750 4342 992 4406 fructus
1038 4342 1386 4419 radicatum
1437 4365 1557 4409 non
1604 4344 1758 4410 facit
1786 4346 2025 4410 fructus
2073 4364 2218 4410 suos
2267 4348 2453 4424 atque
2502 4343 2651 4408 adeo
2685 4363 2788 4409 eos

320 4449 658 4513 restituere
691 4447 958 4510 tenetur.

419 4550 602 4630 Quod
634 4542 888 4632 quidem
925 4548 1397 4632 intelligendum
1434 4553 1527 4612 est
1572 4569 1694 4614 non
1735 4550 1916 4614 modo
1950 4551 2151 4631 quoad
2184 4550 2424 4613 fructus
2457 4550 2786 4625 exstanteS,
