3497 5147
256 306 436 382 [1104]
607 322 760 370 Qum
799 322 1201 371 nmmum-ua
1237 325 1323 365 AD
1361 326 1653 368 ramnum
1691 324 2208 369 monueram-mun
2246 328 2376 369 mc.
2614 316 2721 370 821

258 417 436 473 missus
465 419 529 471 ob
561 418 865 473 debilitatem
891 427 1094 474 naturae
1120 427 1171 473 et
1208 435 1303 474 non
1332 429 1534 488 propter
1560 436 1791 476 nauseam
1820 425 1896 476 vel
1924 424 2151 476 damnum
2179 429 2381 477 tantum.
2411 423 2539 478 Vide
2581 427 2720 477 LeSS.

258 502 368 557 Fill.
393 508 525 557 Azor
551 510 645 556 etc.
676 504 821 557 Ratio
847 512 938 569 est,
967 504 1080 571 quia
1106 507 1168 559 de
1194 505 1405 559 essentia
1433 505 1601 560 ieiunii
1627 513 1702 559 est
1727 506 2018 560 abstinentia
2045 522 2072 561 a
2100 506 2346 561 carnibus,

475 591 534 641 30
555 587 788 642 Conditio
810 597 886 643 est
910 597 1043 643 certa
1067 592 1182 643 hora
1209 589 1502 654 relectioniS‚
1524 606 1647 656 quae
1673 597 1748 644 est
1772 590 1902 644 circa
1923 590 2193 657 meridiem,
2213 590 2306 645 nisi
2335 592 2465 644 aliud
2492 592 2588 646 loci
2609 606 2720 645 con-

257 674 470 726 suetudo
491 676 631 726 ferat.
659 674 806 738 quue
831 688 929 727 non
956 674 1297 728 mathematice
1315 676 1712 741 computandum,
1734 677 1820 728 sed
1848 676 2117 729 moraliter.
2142 674 2332 729 Dictum
2359 682 2521 729 autem
2550 679 2720 730 horam

260 757 543 811 notabiliter
578 756 684 811 sine
720 756 849 812 iusta
887 773 1033 813 causa
1072 759 1380 827 praevenire,
1408 763 1613 813 mortale
1653 767 1791 825 putat
1829 761 2006 813 Navar.
2031 768 2080 814 et
2118 759 2315 825 quidam
2356 759 2457 827 alii,
2485 761 2571 812 sed
2612 774 2727 826 pro·

257 845 467 901 habilius
504 849 682 901 docent
717 862 829 902 esse
865 848 1057 903 veniale
1099 852 1261 903 Tolet.
1304 858 1353 904 et
1390 849 1600 915 Filliuc.;
1638 864 1697 903 eo
1735 850 1866 915 quod
1905 863 2001 903 non
2054 849 2266 903 violetur
2304 849 2593 913 substantia,
2635 853 2722 904 sed

259 938 443 985 tantum
467 931 846 986 circumstantia.
872 935 982 987 Tol.
1008 936 1146 987 Less,
1170 936 1219 988 d.
1249 938 1299 988 2.
1326 950 1373 989 n.
1405 936 1488 987 ⁴3.
1516 934 1632 987 Vid.
1661 937 1831 999 Laym.
1856 949 1900 988 c.
1929 937 1978 988 3.
2007 950 2057 989 n.
2081 938 2166 988 lo.
2193 941 2241 989 et
2265 950 2368 1001 seq,

353 1015 468 1069 Dixi
487 1014 808 1072 notabiliter
824 1024 873 1071 et
891 1016 1014 1072 sine
1025 1031 1199 1073 causa
1207 1038 1228 1083 ,·
1240 1018 1353 1085 quia
1383 1018 1674 1085 praevenire
1686 1033 1747 1073 ex
1775 1019 1901 1072 iusta
1919 1033 2082 1083 causa,
2099 1033 2143 1071 v.
2158 1034 2234 1083 gr.
2248 1019 2291 1072 si
2304 1019 2399 1072 iter
2421 1019 2710 1088 laciendum,

237 1098 298 1153 ''si
335 1100 555 1167 hospites
592 1100 864 1154 dimittendi
903 1109 996 1155 etc.
1024 1110 1073 1156 et
1097 1105 1282 1169 absque
1320 1119 1393 1169 ea,
1425 1118 1512 1170 per
1550 1102 1757 1157 mediam
1794 1107 1962 1156 horam
2004 1110 2205 1166 tantum,
2234 1106 2418 1157 nullum
2461 1113 2713 1170 peccatum

259 1185 454 1240 videtur
480 1201 602 1239 csse.
631 1186 810 1240 Dilatio
836 1186 884 1239 in
913 1202 1169 1254 vesperam
1197 1196 1245 1242 et
1272 1187 1400 1242 licita
1429 1195 1503 1242 est
1530 1196 1577 1241 et
1604 1188 1881 1255 laudabiliS,
1910 1188 1952 1241 si
1979 1187 2098 1242 nihil
2126 1196 2236 1241 ante
2257 1204 2437 1242 sumas,

349 1298 539 1372 11⁰4.
574 1302 1035 1369 Advertendum
1065 1304 1130 1369 in
1159 1306 1396 1388 primis,
1437 1306 1653 1370 contra
1690 1306 1807 1370 hoc
1844 1307 2241 1391 praeceptum
2274 1308 2510 1389 peccari
2542 1327 2721 1391 posse

259 1405 630 1480 mortaliter,
679 1406 870 1470 etiam
915 1407 1072 1471 citra
1119 1410 1546 1492 contemptum
1595 1409 1745 1472 eius.
1782 1406 2047 1473 Constat
2093 1429 2163 1472 ex
2195 1429 2367 1492 prop.
2405 1411 2509 1473 23.
2558 1409 2722 1473 inter

256 1507 583 1573 damnatas
622 1508 700 1572 ab
736 1509 1083 1574 Alexandro
1122 1510 1265 1574 VII.
1313 1536 1348 1569 «
1380 1510 1696 1595 Frangens
1729 1511 2028 1575 ieiunium
2069 1512 2393 1588 Ecclesiae,
2429 1511 2508 1575 ad
2554 1511 2720 1594 quod

258 1612 522 1690 tenetur,
562 1631 686 1677 non
723 1613 938 1697 peccat
972 1613 1325 1677 mortaliter
1369 1614 1490 1677 nisi
1538 1633 1609 1676 ex
1646 1613 2008 1696 contemptu
2046 1615 2109 1677 et
2141 1613 2555 1677 inobedientia
2603 1615 2718 1679 hoc

256 1712 465 1792 faciat,
500 1715 653 1798 puta
701 1716 847 1797 quia
879 1734 1001 1779 non
1032 1716 1173 1779 vult
1218 1736 1281 1780 se
1314 1716 1612 1780 subiicere
1642 1718 1968 1799 praecepto
2001 1740 2062 1779 ».
2101 1716 2274 1780 Unde
2307 1717 2483 1801 patet
2526 1736 2718 1801 grave

255 1835 385 1881 esse
417 1837 524 1901 per
555 1837 617 1882 se
655 1819 771 1882 hoc
801 1820 1217 1903 praeceptum.

344 1919 478 1983 Iam
511 1939 654 1985 vero
702 1921 882 1985 unica
915 1922 1211 1986 comestio
1245 1921 1622 2005 intelligitur
1639 1920 1843 2002 plena
1871 1925 1933 1985 ct
1965 1922 2287 2003 sufficiens
2319 1922 2382 1986 et
2413 1921 2716 1986 eiusmodi

254 2024 351 2085 est
382 2023 524 2102 alia,
560 2043 718 2106 quae
750 2026 995 2108 praeter
1027 2025 1274 2089 unicam
1305 2024 1481 2088 illam
1519 2024 1882 2108 prohibetur
1913 2025 2027 2108 (a).

340 2124 686 2207 Postquam
719 2127 907 2191 semel
938 2128 1077 2210 quis
1123 2127 1400 2212 graviter
1445 2127 1745 2192 ieiunium
1783 2128 1973 2211 fregit
2005 2147 2110 2210 per
2140 2125 2470 2191 secundam
2519 2145 2715 2191 come-

253 2228 539 2306 stionem,
574 2230 627 2293 si
658 2229 887 2294 iterum
923 2231 1226 2307 comedat,
1261 2231 1531 2308 fuerunt,
1580 2231 1689 2312 qui
1719 2248 1935 2294 rursus
1966 2229 2246 2311 yraviter
2277 2248 2419 2293 eum
2466 2248 2713 2312 peccare

257 2328 530 2394 dicerent
560 2333 623 2396 et
653 2332 899 2413 quidem
931 2333 1119 2398 toties
1151 2335 1414 2415 quoties.

341 2432 411 2496 Id
432 2436 622 2520 negat
645 2435 989 2499 communis
1021 2437 1348 2513 sententia,
1374 2456 1562 2519 quam
1595 2436 2071 2519 probabiliorem
2104 2434 2326 2498 dicits,
2353 2432 2711 2517 Alphonsus

254 2533 359 2598 lib.
396 2536 456 2600 3.
491 2556 549 2601 n.
605 2538 795 2602 1030.
831 2538 1041 2617 Ratio,
1076 2539 1222 2621 quia
1255 2539 1520 2603 essentia
1552 2538 1784 2617 ieiunii,
1825 2557 1984 2622 quae
2020 2537 2270 2602 unicam
2301 2535 2583 2601 admittit
2613 2554 2711 2600 co·

257 2638 645 2719 mestionem‚
695 2623 925 2716 cess'at3
974 2644 1174 2706 cessat
1221 2660 1367 2725 ergo
1416 2642 1831 2724 praeceptum,
1881 2640 2046 2722 quod
2091 2658 2214 2704 non
2262 2658 2469 2703 servas
2517 2639 2708 2702 etiam

250 2739 634 2805 abstinendo.
683 2742 765 2806 Et
811 2743 916 2820 sie,
948 2743 1153 2825 inquit
1199 2763 1248 2807 s.
1281 2742 1489 2825 Alph.,
1523 2743 1935 2806 communiter
1982 2743 2116 2805 DD.
2153 2741 2268 2806 hoc
2312 2744 2707 2825 praeceptum

252 2843 762 2928 interpretantur.

340 2947 399 3012 S.
427 2948 784 3033 Alphonsus
816 2950 858 3012 1.
895 2970 945 3013 c.
979 2948 1360 3033 probabilius
1398 2949 1605 3026 habet,
1641 2946 1806 3029 quod
1838 2946 2082 3030 saepius
2113 2946 2502 3025 comedend0‚
2543 2948 2711 3030 post-

250 3071 439 3134 quam
473 3051 738 3117 secunda
762 3053 1025 3117 notabili
1047 3052 1422 3118 comestione
1452 3050 1755 3115 ieiunium
1786 3051 2052 3114 fractum
2086 3050 2199 3126 est,
2233 3050 2457 3113 saltem
2488 3049 2709 3114 leviter

256 3157 557 3236 peccetur.
593 3155 694 3219 Ita
726 3155 790 3220 et
812 3153 994 3221 Croix
1026 3156 1132 3219 lib.
1161 3156 1222 3218 3.
1257 3176 1313 3239 p.
1352 3157 1411 3218 2.
1453 3176 1512 3218 n.
1550 3154 1741 3218 1265.
1768 3154 1972 3217 dicens
2006 3150 2307 3216 eiusmodi
2337 3151 2708 3215 sententiam

244 3259 830 3336 communissimavm
859 3257 1023 3340 quod
1046 3258 1227 3340 plane
1251 3258 1480 3321 falsum
1498 3258 1592 3321 est
1617 3257 1680 3320 et
1702 3253 2104 3319 Reiffenstuel
2129 3253 2311 3315 tract.
2344 3253 2445 3314 10.
2473 3252 2616 3315 dist.
2648 3255 2705 3318 1.

251 3377 312 3440 q.
349 3359 408 3421 2.
438 3380 494 3423 n.
524 3362 629 3437 20,
665 3360 1016 3443 oppositam
1047 3359 1535 3422 communiorem
1566 3360 1628 3421 et
1659 3357 2137 3441 probabiliorem
2167 3354 2370 3418 vocat.
2405 3352 2708 3418 Videatur

249 3457 316 3520 et
345 3458 686 3544 Roncaglia
712 3462 894 3524 tract.
930 3462 991 3524 9.
1026 3478 1084 3540 q.
1122 3460 1180 3521 2.
1216 3478 1349 3541 cap.
1389 3461 1446 3522 1.
1482 3480 1539 3541 q.
1583 3460 1665 3537 2.,
1700 3459 1808 3540 qui
1839 3459 2001 3521 inter
2033 3455 2188 3521 alios
2222 3453 2458 3538 allegat
2479 3452 2705 3519 Suarez

250 3560 315 3623 et
351 3561 573 3625 merito
611 3562 859 3645 quidem
890 3562 963 3626 de
1010 3559 1221 3644 Reliq.
1257 3561 1408 3625 tom.
1452 3563 1512 3624 2.
1546 3560 1653 3624 111).
1694 3561 1756 3623 4.
1793 3580 1925 3642 cap.
1963 3559 2020 3624 7.
2056 3579 2115 3623 11.
2153 3558 2255 3621 11.

340 3662 527 3727 Ratio
560 3664 776 3742 Lessfi,
805 3665 997 3730 allata
1026 3685 1061 3728 a
1094 3685 1141 3729 s.
1177 3663 1494 3747 Alphonso
1535 3663 1648 3741 est,
1684 3663 1831 3746 quia
1880 3662 1968 3726 sic
2013 3660 2361 3725 contraitur
2391 3659 2498 3723 fini
2528 3659 2704 3744 legis

245 3769 357 3851 qui
404 3769 500 3831 est
544 3767 943 3833 mortificatio
989 3767 1211 3833 carnis.
1259 3768 1457 3850 Atqui
1502 3769 1715 3831 ratum
1762 3767 1856 3830 est
1903 3763 2066 3849 apud
2104 3762 2473 3846 TheologOS,
2522 3761 2708 3826 finem

244 3871 405 3955 legis
436 3871 552 3935 sub
582 3870 783 3954 legem
830 3890 951 3935 non
998 3872 1230 3935 cadere.
1264 3871 1346 3935 Et
1383 3870 1437 3935 si
1470 3869 1735 3934 essentia
1765 3868 1983 3933 ieiunii
2026 3865 2429 3950 impossibilis
2477 3864 2703 3943 evadit,

245 3975 644 4059 praeceptum
677 3974 810 4038 eius
843 3992 965 4038 non
1000 3973 1267 4056 amplius
1306 3974 1539 4038 servari
1571 3973 1797 4057 potest.
1837 3972 2002 4035 Bene
2032 3970 2166 4034 heic
2196 3968 2427 4033 Palaus
2461 3970 2614 4032 tom.
2645 3969 2702 4032 7.

244 4079 431 4142 tract.
476 4079 533 4141 1.
560 4077 715 4160 disp.
751 4078 811 4141 3.
845 4079 1055 4161 punct.
1083 4077 1165 4140 II.
1203 4079 1260 4161 ἓ.
1298 4079 1357 4141 2.
1387 4099 1444 4141 n.
1482 4078 1579 4141 8.:
1628 4101 1662 4135 «
1695 4074 1763 4140 Si
1799 4076 1896 4140 lex
1926 4075 2102 4138 vetat
2133 4073 2289 4137 alias
2319 4071 2701 4148 refectiones

246 4180 511 4245 totidem
550 4181 732 4244 erunt
755 4179 975 4265 gravia
1005 4181 1286 4262 peccata3
1320 4179 1375 4244 si
1413 4198 1533 4243 non
1571 4181 1765 4257 vetat,
1793 4177 2038 4242 nullum
2069 4175 2165 4240 est
2195 4176 2535 4259 peccatum.
2563 4173 2706 4238 Pec-

241 4283 373 4348 cari
408 4283 607 4367 igitur
636 4283 868 4366 poterit
913 4284 1129 4347 contra
1167 4282 1661 4365 temperantiam,
1712 4279 1879 4363 quod
1917 4278 1995 4342 ad
2032 4297 2163 4343 rem
2208 4296 2331 4341 non
2362 4277 2531 4356 facit,
2581 4297 2703 4344 non

242 4406 387 4451 vero
420 4387 637 4452 contra
668 4386 970 4451 ieiunium
1001 4412 1063 4448 ».

325 4629 388 4678 (ὓ)
407 4627 489 4670 An
516 4631 687 4675 minus
706 4629 926 4675 sufficiat
954 4640 1128 4682 neone,
1158 4630 1219 4671 ut
1236 4627 1322 4671 lex
1348 4627 1528 4671 ieiunii
1553 4626 1783 4682 graviter
1803 4625 2041 4680 violetur,
2063 4624 2410 4669 declarabitur
2427 4625 2579 4671 infra.
2610 4626 2669 4669 Ε.
