3497 5147
715 315 824 367 848
1321 331 1536 372 TnAc‘r.
1565 331 1668 373 vn.
1698 329 1860 370 sno-r.
1889 329 1926 368 1.
1956 327 2039 366 nn:
2065 325 2317 367 mxumo.
2346 326 2486 367 nun.
2517 327 2553 366 1.
2994 318 3176 387 [1132]

716 426 1123 489 sementinam
1147 427 1410 492 trahunt
1435 427 1736 512 originem
1761 424 1981 499 6611113,
2016 424 2379 499 ieiunemus,
2415 444 2452 487 a
2483 424 2645 489 lacte
2671 426 2975 504 videlicet,
3002 448 3175 494 caseo

712 529 775 591 et
816 528 947 592 ovis
979 553 1040 591 ».
1076 529 1199 593 Ubi
1245 529 1525 613 gravitas
1572 530 1821 612 quidem
1871 526 2272 611 obligationis
2319 525 2578 591 disserte
2626 529 2832 610 quoad
2869 530 3019 596 11666
3054 550 3173 598 non

711 629 993 708 edicitur,
1042 632 1147 695 sed
1193 652 1335 697 cum
1382 634 1454 697 de
1502 652 1566 696 re
1614 630 1987 716 gravissima
2027 633 2274 712 agatur,
2309 630 2657 694 cuiusmodi
2697 636 2793 696 est
2825 632 3170 699 observatio

709 731 923 796 ieiunii
970 734 1547 818 quadragesimalis,
1582 735 1847 798 iniurius
1895 733 2209 796 videretur
2255 732 2319 795 in
2365 752 2415 797 s.
2450 732 2847 818 Gregorium,
2888 738 3000 818 qui
3038 758 3171 821 sup-

706 837 961 917 poneret
1006 836 1211 919 ipsum
1259 856 1401 913 una,
1446 838 1678 919 absque
1726 836 2142 910 distinctione,
2195 835 2641 917 permiscuisse,
2693 857 2851 919 quae
2898 840 3171 923 graviter

704 940 768 1002 et
814 938 1034 1003 leviter
1081 939 1381 1024 obligant.
1416 941 1508 1004 De
1554 940 1670 1003 hac
1709 938 2086 1003 abstinentia
2135 938 2213 1001 ab
2261 938 2393 1002 ovis
2440 940 2504 1002 et
2551 939 2883 1005 lacticiniis
2929 942 2993 1006 in
3024 962 3171 1025 qua-

702 1039 1053 1124 dragesima
1084 1041 1367 1123 loquitur
1398 1062 1447 1106 s.
1482 1043 1755 1107 Thomas
1792 1043 1851 1104 2.
1882 1043 1941 1103 2.
1969 1060 2028 1122 q.
2061 1041 2207 1104 147.
2237 1060 2292 1104 6.
2322 1042 2381 1104 3.
2413 1041 2715 1123 tanquam
2746 1044 2821 1107 de
2854 1063 2946 1121 ea,
2980 1065 3166 1127 quam

701 1141 974 1206 Ecclesia
1020 1144 1348 1226 praecepit.
1390 1168 1425 1201 «
1458 1144 1539 1207 Et
1585 1143 1720 1207 ideo
1756 1144 1833 1206 ab
1866 1143 1963 1206 his
1995 1142 2147 1206 cibis
2179 1142 2407 1223 (carne,
2442 1144 2770 1219 lacticiniS,
2807 1147 2971 1230 ovis)
3001 1166 3169 1229 prae-

701 1245 878 1326 cipue
923 1244 1344 1310 ieiunantibus
1376 1247 1648 1311 Ecclesia
1680 1246 1911 1310 statuit
1942 1264 2074 1309 esse
2101 1245 2553 1310 abstinendum.
2590 1272 2624 1305 »
2663 1248 2748 1312 Et
2783 1248 2861 1312 ad
2899 1250 2993 1316 3.:
3026 1276 3062 1307 α
3094 1252 3163 1315 In

698 1346 928 1411 ieiunio
976 1347 1497 1432 quadragesimali
1545 1347 2002 1412 interdicuntur
2047 1348 2482 1412 universaliter
2512 1349 2705 1413 etiam
2744 1369 2861 1415 ova
2893 1354 2958 1416 et
2995 1352 3165 1417 lacti-

699 1450 860 1514 cinia
893 1475 955 1513 ».
989 1450 1168 1531 Quod
1216 1452 1269 1516 si
1300 1453 1414 1516 sub
1446 1452 1569 1515 levi
1600 1452 1752 1515 haec
1789 1450 2119 1514 interdicta
2168 1452 2452 1533 putasset
2489 1471 2538 1515 3.
2574 1452 2868 1528 Τ11611163,
2907 1454 2970 1518 id
3003 1458 3163 1521 certe

696 1554 1047 1631 inchoasset,
1081 1575 1223 1620 cum
1269 1556 1458 1620 simul
1505 1556 1696 1620 etiam
1739 1556 2039 1637 loquatur
2085 1555 2158 1619 de
2205 1555 2636 1621 interdictione
2669 1559 2969 1637 carnium,
3003 1580 3160 1642 quae

696 1660 859 1722 certe
891 1660 986 1723 est
1022 1659 1253 1743 gravis,
1288 1660 1385 1723 vel
1434 1658 1643 1742 potius
1675 1658 1750 1723 de
1787 1676 1859 1722 ea
1906 1657 2283 1722 mentionem
2331 1658 2496 1723 haud
2544 1658 2808 1725 fecisset.
2843 1661 3161 1728 Habemus

694 1780 842 1846 ergo
890 1763 1113 1826 testem
1148 1781 1195 1826 s.
1231 1762 1538 1827 Thomam
1585 1761 1751 1843 quod
1784 1762 1990 1825 aetate
2021 1780 2136 1824 3116
2174 1761 2324 1825 11666
2369 1763 2750 1828 consuetudo
2785 1764 3160 1849 obligatoria

693 1866 829 1931 erat
875 1865 938 1927 et
983 1864 1099 1927 sub
1144 1864 1323 1949 gravi
1372 1866 1559 1946 atque
1607 1864 1925 1946 praeterea
1972 1865 2107 1926 erat
2154 1862 2540 1928 universalis.
2588 1864 2688 1928 An
2743 1866 3019 1949 exceptio
3067 1871 3161 1933 est

692 1967 996 2051 quaedam
1030 1986 1139 2049 pro
1174 1966 1549 2031 Germania?
1580 1967 1900 2051 Laymann
1929 1966 2005 2029 ab
2029 1966 2104 2029 A.
2132 1966 2384 2045 citatuS,
2420 1986 2542 2032 non
2575 1967 2745 2047 dicit,
2774 1970 2941 2051 quod
2966 1972 3157 2037 videri

689 2072 899 2155 posset
944 2068 1182 2145 lectori,
1215 2070 1417 2152 legem
1464 2069 1651 2133 huius
1699 2069 2112 2133 abstinentiae
2158 2069 2222 2132 in
2270 2069 2748 2155 quadragesima
2794 2072 2874 2136 ab
2923 2074 3057 2137 ovis
3095 2077 3157 2139 et

688 2172 1018 2239 lacticiniis
1050 2171 1453 2255 probabiliter
1485 2173 1761 2257 obligare
1785 2173 1991 2237 solum
2022 2172 2138 2236 sub
2161 2172 2409 2250 veniali,
2436 2172 2661 2237 saltem
2685 2173 2749 2236 in
2782 2172 3153 2253 Germania;

688 2276 793 2341 sed
825 2275 976 2340 dicit
1022 2293 1197 2338 esum
1244 2292 1506 2339 ovorum
1554 2277 1617 2339 et
1663 2275 2122 2339 lacticiniorum
2161 2293 2270 2357 pro
2320 2277 2596 2357 tempore
2642 2276 3152 2361 quadragesimae

686 2377 965 2464 permitti
1000 2378 1064 2442 in
1100 2377 1473 2460 quibusdam
1520 2378 1872 2460 provinciis,
1907 2378 2070 2442 sicut
2100 2376 2163 2439 in
2197 2376 2528 2459 provinciis
2560 2375 2950 2455 Germaniae,
2982 2381 3147 2462 quod

683 2500 937 2566 prorsus
984 2482 1080 2545 est
1111 2479 1320 2556 aliud;
1369 2500 1515 2544 116111
1562 2480 1806 2543 indulta
1852 2479 2211 2544 huiusmodi
2257 2478 2356 2543 vel
2401 2478 2886 2562 dispensationes
2919 2501 3144 2565 suppo-

679 2589 839 2650 nunt
884 2586 1121 2669 legem:
1172 2602 1367 2665 neque
1415 2582 1735 2667 Laymann
1784 2583 2067 2664 loquitur
2113 2582 2186 2646 de
2232 2583 2491 2646 levitate
2545 2584 2785 2666 culpae.
2832 2585 3141 2649 Fruantur

681 2707 830 2772 ergo
878 2685 1175 2752 Germani
1222 2685 1450 2767 aliique
1496 2685 2008 2768 septentrionales
2055 2684 2185 2748 suis
2231 2684 2572 2769 privilegiis
2630 2686 2798 2751 iusta
2844 2706 2915 2751 ex
2960 2707 3147 2753 661136

680 2789 1017 2864 6611663313;
1053 2788 1157 2854 sed
1190 2807 1311 2852 non
1337 2789 1599 2872 negetur
1632 2787 2071 2852 universalitas
2102 2787 2259 2871 legis
2291 2786 2585 2869 illiusque
2614 2789 2847 2872 gravis,
2880 2790 2982 2854 cui
3012 2792 3146 2856 sola

682 2891 1059 2955 auctoritate
1098 2890 1405 2954 Ecclesiae
1453 2910 1561 2954 seu
1608 2893 1859 2955 sanctae
1909 2888 2080 2954 Sedis
2128 2888 2541 2972 dispensantis
2588 2890 2873 2976 derogari
2921 2894 3145 2975 potest,

678 2993 809 3058 sive
855 2993 1294 3057 consuetudine
1341 2994 1419 3057 ab
1466 2994 1599 3076 ipsa
1646 2994 1910 3075 probata
1958 2992 2261 3075 legitima,
2295 2992 2369 3056 de
2415 3012 2539 3074 qua
2577 2995 3022 3060 consuetudine
3057 2998 3146 3062 lo-

678 3098 895 3179 quitur
924 3095 1172 3160 Lessius
1196 3097 1239 3159 1.
1267 3096 1328 3159 4.
1356 3117 1407 3160 6.
1437 3098 1496 3159 2.
1524 3116 1583 3159 11.
1612 3097 1672 3158 8.
1699 3096 2002 3176 1116111663,
2036 3094 2407 3175 quibusdam
2445 3095 2598 3174 locis
2635 3098 3144 3164 consuetudinem

676 3201 1033 3284 permittere
1065 3198 1397 3273 lacticinia,
1427 3198 1619 3262 etiam
1644 3198 1706 3260 in
1732 3197 2229 3280 quadragesima,
2263 3198 2529 3279 exceptis
2554 3199 2766 3281 paucis
2798 3198 3035 3278 (11611113,
3069 3205 3143 3267 ut

671 3304 737 3367 in
774 3303 1013 3386 Belgio.

765 3402 955 3475 1132.
990 3405 1248 3486 Quaerit
1294 3425 1341 3470 s.
1383 3405 1567 3486 Alph.
1593 3423 1652 3466 n.
1694 3404 1884 3466 1010.
1927 3421 2003 3466 an
2037 3402 2136 3466 cui
2181 3402 2426 3466 licitum
2458 3404 2553 3467 est
2597 3403 2772 3468 edere
2802 3405 3138 3485 lacticinia,

670 3510 858 3574 liceat
904 3508 1095 3573 etiam
1143 3509 1317 3573 edere
1361 3507 1631 3570 laridum
1678 3506 1742 3568 et
1774 3505 2072 3588 sagimen.
2111 3504 2326 3568 Allata
2365 3505 2574 3568 autem
2622 3507 2928 3571 sententia
2976 3509 3142 3574 affir-

669 3613 980 3678 mantium
1028 3610 1451 3693 quorundam3
1487 3610 1633 3690 quia
1682 3609 1834 3673 11666
1880 3627 2002 3672 11611
2049 3608 2196 3671 sunt
2241 3626 2382 3671 vere
2428 3626 2592 3682 caro,
2632 3608 2737 3672 sed
2783 3610 2994 3692 potius
3043 3631 3140 3677 ex-

669 3715 1050 3783 crementum
1099 3714 1320 3792 carnis‚
1357 3713 1519 3777 sicut
1566 3713 1663 3775 est
1709 3711 1826 3786 166,
1864 3712 1927 3774 et
1959 3710 2265 3774 sententia
2312 3710 2677 3774 Tamburini
2721 3709 2942 3776 Decal.
2993 3714 3035 3777 l.
3071 3717 3133 3780 4.

668 3838 719 3882 6.
763 3819 821 3881 5.
857 3837 916 3880 11.
964 3817 1064 3878 14.
1114 3815 1281 3897 quod
1327 3814 1596 3879 laridum
1644 3814 1921 3877 nondum
1981 3813 2123 3896 igne
2183 3812 2586 3893 liquefactum
2634 3813 2721 3877 sit
2763 3816 3134 3881 censendum

667 3940 830 3997 caro,
865 3918 1270 4001 liquefactum
1320 3939 1462 3984 vero
1497 3921 1560 3982 et
1591 3919 1654 3981 in
1704 3918 1981 4001 sagimen
2015 3916 2358 3991 reductum,
2399 3916 2805 3998 probabiliter
2833 3919 2996 3982 inter
3042 3922 3136 3986 la-

665 4024 914 4089 cticinia
937 4023 1374 4087 recensendum
1400 4047 1414 4098 ς
1449 4024 1577 4106 ipse
1604 4040 1651 4084 s.
1678 4021 1914 4084 Doctor
1945 4018 2188 4083 subdit:
2230 4043 2264 4077 «
2290 4019 2386 4082 1113
2421 4019 2706 4083 omnibus
2736 4038 2858 4086 non
2886 4022 3134 4088 obstan·

665 4126 852 4203 tibus,
890 4126 1138 4191 omnino
1186 4125 1431 4189 videtur
1461 4143 1582 4188 non
1613 4121 2014 4188 recedendum
2063 4139 2099 4184 a
2146 4121 2451 4186 sententia
2497 4122 2811 4186 communi
2860 4149 2922 4200 »,
2971 4145 3131 4207 quae

664 4229 841 4294 docet
866 4229 1134 4294 laridum
1161 4230 1224 4293 et
1254 4229 1529 4312 sagimen
1556 4245 1732 4291 veras
1772 4244 1900 4289 esse
1931 4244 2144 4289 carnes
2175 4225 2289 4307 (a),
2325 4243 2467 4288 cum
2499 4243 2638 4289 vere
2669 4225 2743 4290 de
2775 4227 3130 4294 substantia

663 4333 863 4397 carnis
897 4331 1286 4415 participent.
1322 4331 1527 4410 Atque
1559 4329 1680 4391 huc
1704 4327 1858 4391 facit
1892 4328 2109 4412 regula
2143 4328 2425 4410 superius
2458 4326 2690 4391 tradita
2722 4347 2781 4392 n.
2818 4329 2878 4393 6.
2905 4330 3132 4395 haben-

768 4577 831 4626 (a)
864 4573 1028 4627 Adeps
1058 4577 1132 4616 est
1152 4574 1356 4627 quidem
1388 4573 1449 4615 de
1478 4570 1766 4613 substantia
1797 4571 2051 4624 animalis,
2085 4573 2166 4615 sed
2202 4585 2304 4614 osse
2336 4585 2536 4615 carnem
2570 4572 2745 4626 plures
2765 4573 3039 4627 negabunt.
3066 4576 3124 4620 E.
