3497 5147
647 334 757 390 780
1094 345 1307 386 runo-r.
1327 347 1407 387 vr.
1434 345 1597 387 sno-r.
1619 345 1724 386 vn.
1744 344 1832 384 mr
1855 342 2092 386 oon-Avo
2116 344 2333 386 Panno.
2354 343 2661 386 nmAmm
2919 330 3107 404 [1052]

647 443 1074 508 manifestatio
1117 443 1247 507 sive
1281 442 1633 508 enunciatio
1680 443 1778 507 est
1807 441 2070 506 rationis
2107 444 2285 506 actus
2329 441 2699 506 conferentis
2744 442 2996 527 signum
3028 443 3108 508 ad

649 547 989 630 signatum.
1037 544 1252 610 Omnis
1283 545 1448 610 enim
1478 544 1962 628 repraesentatio
2010 544 2299 609 consistit
2325 544 2391 608 in
2437 544 2707 626 quadam
2753 545 3108 629 collatione,

652 666 812 729 quae
866 648 1111 730 proprie
1157 647 1426 730 pertinet
1479 647 1556 712 ad
1608 647 1981 712 rationem...
2037 646 2109 709 In
2163 647 2471 727 quantum
2501 648 2713 710 tamen
2750 647 3109 714 huiusmodi

650 749 1075 814 manifestatio
1114 750 1243 814 sive
1274 749 1622 814 enuntiatio
1654 751 1750 813 est
1787 750 1964 813 actus
1994 747 2269 825 moralis,
2305 750 2553 831 oportet
2582 748 2748 831 quod
2778 749 2864 813 sit
2894 750 3109 815 volun·

645 853 844 917 tarius
875 855 939 916 et
962 872 1035 917 ex
1064 852 1407 917 intentione
1429 850 1778 917 voluntatis
1808 849 2170 933 dependens.
2196 849 2523 915 Obiectum
2545 853 2758 916 autem
2788 853 3110 934 proprium

648 955 1172 1020 manifestationis
1207 955 1338 1019 sive
1375 953 1822 1019 enuntiationis
1853 954 1949 1017 est
1984 971 2200 1017 verum
2232 952 2332 1017 vel
2361 952 2591 1017 falsum
2622 953 2751 1035 (vel
2786 954 2950 1018 enim
2981 973 3111 1019 ma-

648 1057 1014 1122 nifestamus
1048 1057 1214 1140 quod
1243 1076 1458 1139 reapse
1489 1058 1603 1134 est,
1638 1056 1737 1120 vel
1768 1055 1934 1137 quod
1971 1073 2093 1120 non
2119 1056 2260 1138 est).
2288 1055 2560 1120 Intentio
2587 1074 2730 1121 vero
2762 1056 3106 1121 voluntatis

648 1159 1037 1224 inordinatae
1070 1161 1278 1243 potest
1316 1158 1393 1223 ad
1424 1158 1549 1222 duo
1580 1158 1745 1236 ferri,
1780 1177 2047 1239 quorum
2085 1177 2279 1222 unum
2310 1158 2424 1235 est,
2463 1159 2541 1222 ut
2575 1157 2804 1222 falsum
2835 1158 3110 1224 enuntie-

651 1265 776 1346 tur,
828 1261 998 1325 aliud
1030 1264 1125 1326 est
1172 1261 1423 1325 effectus
1456 1259 1740 1343 proprius
1771 1258 1966 1324 falsae
1997 1259 2463 1337 enuntiationiS,
2495 1262 2570 1325 ut
2600 1260 2836 1325 seilicet
2881 1261 3107 1342 aliquis

649 1361 928 1426 fallatur.
964 1361 1030 1427 Si
1077 1381 1223 1447 ergo
1271 1363 1395 1427 ista
1442 1362 1564 1426 tria
1613 1363 1958 1439 occurrant,
2015 1361 2251 1427 scilicet
2309 1361 2472 1443 quod
2535 1360 2764 1426 falsum
2812 1363 2898 1427 sit
2943 1362 3109 1445 quod

646 1465 1011 1530 enuntiatur
1034 1468 1098 1531 et
1135 1464 1300 1547 quod
1333 1465 1499 1529 adsit
1522 1464 1813 1528 voluntas
1845 1464 2075 1528 falsum
2097 1463 2462 1528 enuntiandi
2491 1466 2554 1528 et
2584 1463 2813 1529 iterum
2844 1464 3106 1530 intentio

645 1566 918 1645 fallendi,
952 1569 1103 1632 tunc
1135 1568 1233 1632 est
1264 1567 1512 1632 falsitas
1534 1566 1967 1644 materialiter,
1989 1567 2139 1648 quia
2167 1566 2399 1631 falsum
2421 1566 2649 1631 dicitur
2672 1569 2735 1631 et
2757 1566 3110 1647 formaliter

645 1671 898 1752 propter
936 1670 1327 1736 voluntatem
1388 1670 1620 1733 falsum
1667 1668 1909 1733 dicendi
1952 1671 2016 1733 et
2072 1667 2368 1747 effectiva,
2416 1670 2668 1751 propter
2713 1670 3109 1736 vuluntatem

649 1771 992 1836 falsitatem
1017 1771 1411 1855 imprimendi
1442 1797 1503 1835 ».

745 1897 780 1931 ‹
814 1871 925 1936 Sed
976 1876 1186 1938 tamen
1233 1874 1513 1956 (notetur
1557 1874 1702 1957 hoc)
1748 1874 1911 1938 ratio
1958 1873 2260 1938 mendacii
2305 1874 2577 1938 sumitur
2623 1894 2660 1938 a
2702 1874 2954 1939 formali
2997 1873 3114 1939 fal-

650 1976 858 2052 sitate,
908 1976 1245 2041 secundum
1291 1977 1408 2042 hoc
1440 1977 1693 2051 scilicet,
1730 1975 1895 2058 quod
1928 1975 2152 2058 aliquis
2184 1976 2413 2042 habeat
2444 1977 2835 2042 voluntatem
2880 1977 3113 2042 falsum

650 2077 1033 2143 enuntiandi.
1067 2078 1245 2143 Unde
1292 2081 1358 2143 et
1404 2079 1794 2143 mendacium
1841 2078 2201 2143 nominatur
2247 2098 2318 2142 ex
2363 2097 2456 2155 eo,
2488 2079 2654 2161 quod
2700 2081 2916 2144 contra
2947 2099 3115 2146 men-

652 2183 780 2244 tem
828 2179 1151 2257 dicitur...;
1201 2181 1367 2263 quod
1415 2184 1625 2246 autem
1673 2181 1900 2263 aliquis
1967 2181 2250 2245 intendat
2316 2180 2660 2247 falsitatem
2704 2181 2768 2246 in
2825 2183 3111 2265 opinione

655 2282 913 2347 alterius
951 2283 1349 2360 constituere,
1384 2282 1652 2347 fallendo
1674 2285 1902 2367 ipsum,
1936 2300 2058 2346 non
2089 2283 2357 2365 pertinet
2390 2282 2468 2346 ad
2498 2284 2762 2367 speciem
2784 2285 3107 2362 mendacii,

648 2383 753 2448 sed
801 2383 879 2447 ad
929 2384 1243 2466 quandam
1290 2384 1726 2466 perfectionem
1789 2385 2004 2466 ipsius,
2061 2385 2224 2449 sicut
2270 2387 2335 2450 et
2379 2385 2444 2449 in
2490 2385 2674 2449 rebus
2719 2385 3112 2451 naturalibus

650 2486 887 2569 aliquid
935 2487 1199 2570 speciem
1248 2487 1530 2562 sortitur,
1582 2487 1635 2549 si
1681 2486 1948 2550 formam
1995 2486 2202 2563 habet,
2251 2487 2499 2552 etiamsi
2543 2487 2705 2553 desit
2748 2489 2985 2554 formae
3030 2488 3109 2553 ef·

648 2589 846 2654 fectus
894 2616 955 2652 ».
990 2588 1167 2668 Quod
1216 2591 1278 2651 et
1322 2589 1548 2670 repetit
1579 2588 1643 2651 in
1674 2607 1833 2671 resp.
1874 2588 1953 2652 ad
1984 2590 2074 2652 3¹²¹
2115 2614 2150 2648 «
2187 2587 2513 2674 Cupiditas
2559 2591 3110 2676 fallendi·pertinet

651 2694 731 2757 ad
768 2693 1206 2776 perfectionem
1252 2692 1576 2769 mendacii,
1632 2711 1755 2758 non
1803 2696 2013 2758 autem
2061 2694 2138 2758 ad
2185 2696 2448 2777 speciem
2494 2696 2583 2777 (h.
2640 2716 2694 2762 e.
2750 2698 3111 2781 essentiam)

650 2795 865 2876 ipsius,
906 2795 1070 2858 sicut
1106 2813 1215 2857 nec
1247 2793 1473 2875 aliquis
1505 2794 1756 2860 effectus
1794 2796 2062 2878 pertinet
2107 2796 2185 2860 ad
2230 2798 2494 2879 speciem
2520 2816 2670 2862 suae
2700 2816 2923 2863 causae
2955 2825 3017 2863 ».

740 2893 949 2966 1052.
978 2897 1154 2976 Quod
1186 2900 1259 2961 ut
1295 2897 1523 2962 clarius
1537 2899 1949 2983 intelligatur,
1977 2900 2412 2984 distinguenda
2435 2902 2531 2965 est
2559 2901 2784 2984 duplex
2815 2903 3108 2968 voluntas

646 2998 919 3063 fallendi.
952 2998 1151 3077 Prior,
1185 3020 1345 3082 quae
1375 3001 1498 3065 sita
1529 3003 1625 3065 est
1669 3002 1733 3064 in
1778 3002 1916 3083 ipsa
1962 3001 2287 3066 voluntate
2317 3003 2546 3067 falsum
2576 3004 2959 3084 enuntiandi,
2992 3007 3110 3072 hoc

647 3103 782 3185 ipso
822 3102 985 3166 enim
1011 3102 1176 3167 fallis
1213 3122 1325 3168 seu
1354 3103 1581 3187 decipis
1615 3102 1982 3179 auditorem,
2022 3104 2131 3184 qui
2163 3105 2225 3167 te
2255 3106 2441 3186 putat
2486 3106 2713 3171 sentire
2735 3106 2908 3188 quod·
2924 3108 3103 3175 dicis:

651 3205 849 3268 altera
896 3207 991 3269 est
1038 3205 1329 3271 voluntas
1367 3224 1636 3270 errorem
1661 3206 1822 3269 circa
1847 3204 2084 3286 aliquid
2113 3205 2408 3289 gignendi
2437 3207 2502 3271 in
2537 3210 2745 3272 mente
2782 3208 3104 3290 auditoris,

647 3309 722 3371 ut
752 3307 806 3371 si
854 3309 948 3371 vir
995 3307 1236 3385 doctus,
1264 3308 1689 3391 interrogatus
1736 3307 1886 3387 quid
1933 3306 2005 3371 de
2037 3308 2248 3389 aliqua
2286 3328 2350 3373 re
2383 3310 2630 3388 sentiat,
2664 3309 2895 3377 falsum
2927 3333 3108 3378 enun-

646 3410 780 3488 tiet,
817 3413 1032 3474 contra
1080 3413 1351 3473 mentem
1399 3427 1579 3472 suam
1611 3409 1888 3490 loquenS‚
1924 3410 1996 3474 ut
2025 3410 2090 3473 in
2121 3428 2390 3475 errorem
2439 3412 2635 3476 alium
2664 3411 2938 3478 inducat.
2972 3416 3106 3481 Iam

647 3534 791 3580 vero
839 3536 887 3579 s.
930 3516 1222 3591 ThomaS‚
1276 3534 1508 3599 negans
1570 3514 1961 3579 voluntatem
2007 3515 2260 3580 fallendi
2329 3521 2603 3600 spectare
2651 3519 2729 3583 ad
2776 3523 3107 3588 essentiam

644 3617 966 3694 mendacii,
999 3617 1072 3681 de
1112 3618 1230 3682 hac
1263 3618 1459 3682 altera
1484 3618 1798 3700 loquitur3
1833 3619 2099 3701 priorem
2135 3638 2277 3684 vero
2316 3620 2697 3705 intelligunt,
2732 3623 2838 3704 qui
2861 3625 3108 3690 menda-

642 3723 809 3786 cium
856 3721 1193 3786 definiunt:
1244 3720 1616 3786 locutionem
1644 3725 1866 3785 contra
1893 3727 2154 3785 mentem
2183 3741 2320 3785 cum
2365 3721 2682 3788 voluntate
2711 3724 2999 3805 fallendi,
3034 3732 3105 3794 ut

645 3844 698 3887 e.
732 3845 791 3907 g.
829 3822 1003 3907 Gury
1042 3828 1088 3888 t.
1128 3825 1186 3886 l.
1226 3825 1284 3907 ἓ.
1328 3825 1481 3888 438.
1518 3844 1590 3889 ex
1634 3824 1991 3908 Augustino
2039 3829 2258 3888 contra
2302 3824 2708 3890 Mendacium
2739 3847 2790 3893 c.
2833 3830 2893 3893 3.

734 3923 892 3989 Cum
951 3943 1097 4008 ergo
1137 3927 1431 3991 voluntas
1473 3925 1699 3990 falsum
1731 3926 1969 3991 dicendi
2006 3928 2090 3991 sit
2127 3926 2200 3991 de
2236 3928 2503 3993 essentia
2548 3929 2870 4009 mendacii,
2920 3935 3107 4015 prout

643 4027 825 4111 culpa
875 4031 969 4091 est
1014 4027 1259 4093 falsitas
1307 4027 1609 4092 mendacii
1655 4029 1779 4093 sita
1818 4029 1993 4094 sitin
2026 4028 2419 4093 deformitate
2449 4030 2614 4114 signi
2660 4050 2689 4095 a
2742 4051 2808 4096 re
2853 4034 3104 4118 signata

643 4131 703 4193 h.
738 4150 789 4194 e.
830 4131 1159 4195 verborum
1192 4150 1227 4194 a
1273 4131 1516 4195 iudiciis
1547 4132 1795 4204 mentis,
1820 4150 1942 4195 non
1979 4132 2368 4196 mentiuntur
2398 4132 2507 4214 qui
2543 4137 2826 4199 asserunt
2873 4136 3104 4204 falsum

640 4233 807 4314 quod
854 4236 1080 4315 putant
1126 4253 1339 4298 verum
1387 4233 1491 4298 sed
1539 4234 1742 4297 solum
1790 4235 2030 4309 errant;
2080 4235 2408 4300 enuntiant
2455 4236 2618 4300 enim
2663 4238 2826 4319 quod
2874 4240 3106 4307 habent

642 4336 707 4398 in
762 4338 965 4398 mente
1014 4335 1270 4417 ideoque
1339 4336 1728 4399 voluntatem
1791 4335 2020 4399 habent
2083 4356 2296 4401 verum
2358 4337 2614 4404 dicendi.
2680 4339 2729 4403 E
2789 4343 3102 4409 contrario

644 4437 1050 4512 mentiuntur,
1091 4439 1199 4520 qui
1232 4457 1446 4502 verum
1479 4437 1712 4514 dicunt,
1746 4438 1912 4519 quod
1950 4439 2178 4503 falsum
2211 4442 2463 4522 putant:
2492 4441 2638 4522 quia
2669 4443 2766 4506 est
2810 4444 3104 4510 voluntas

647 4536 876 4600 falsum
925 4537 1180 4602 dicendi.
