3497 5147
316 343 497 417 [1149]
953 360 1037 398 nm
1073 359 1287 401 causis
1324 357 1781 400 nxcusmrmns
1817 357 1858 397 A
1898 356 2138 398 mmmo
2664 344 2769 398 861

313 457 641 520 honestam
665 475 919 519 causam
942 456 1131 520 simul
1168 476 1307 520 cum
1354 455 1759 520 delectatione
1783 454 2093 537 coniungi.
2136 453 2205 517 2⁰
2235 453 2500 517 Etiamsi
2532 452 2606 516 de
2636 454 2771 517 sola

314 557 722 622 delectatione
769 560 1078 641 ageretur,
1125 558 1541 639 quaerendum
1587 559 1768 632 esset,
1825 575 1905 619 an
1958 556 2159 637 reipsa
2205 555 2479 619 Ecclesia
2533 554 2767 638 exigat,

314 661 388 724 ut
434 661 512 723 ab
566 660 972 724 delectatione
1018 680 1075 723 v.
1109 680 1203 745 gr.
1238 660 1478 723 itineris
1533 660 1645 723 aut
1698 658 2045 723 venationis
2092 658 2182 721 ita
2228 656 2367 738 quis
2413 675 2519 739 per
2566 656 2770 720 totam

313 763 853 847 quadragesimam
903 763 1229 838 abstineat,
1265 764 1340 826 ut
1383 782 1459 827 ne
1489 762 1677 826 semel
1723 761 1971 842 quidem
2004 760 2067 824 id
2111 761 2315 825 liceat.
2355 760 2527 823 Haec
2558 760 2768 823 autem

312 865 577 947 pendent
625 885 660 929 a
707 866 924 929 multis
971 865 1297 942 adiunctis
1325 884 1435 929 nec
1478 864 1824 948 generatim
1854 864 2069 945 negari
2104 881 2281 946 posse
2314 862 2579 926 videtur.
2619 860 2769 925 San-

313 967 454 1030 chez
487 967 528 1030 1.
565 988 614 1031 c.
644 987 701 1030 n.
749 968 880 1030 18.:
917 992 951 1025 >›
997 966 1059 1031 Si
1107 968 1168 1031 id
1216 967 1451 1031 faciant
1493 967 1682 1031 semel
1728 966 2056 1030 etiterum
2101 967 2164 1029 et
2211 983 2330 1029 non
2377 963 2441 1027 in
2487 963 2768 1027 fraudem

311 1069 547 1142 ieiunii,
580 1090 701 1134 non
733 1072 986 1153 peccant
1011 1071 1378 1134 assumendo
1412 1070 1602 1134 talem
1632 1070 1930 1145 laborem,
1964 1068 2110 1131 licet
2141 1066 2559 1150 praevideant,
2592 1064 2757 1146 quod

313 1190 433 1235 non
468 1172 705 1254 possint
749 1171 1041 1235 ieiunare.
1093 1172 1155 1237 Si
1206 1174 1415 1236 autem
1454 1172 1803 1253 frequenter
1830 1171 1893 1234 id
1931 1170 2218 1247 facerent,
2252 1187 2375 1234 non
2408 1186 2762 1232 excusaren-

316 1274 438 1350 tur,
472 1273 577 1337 sed
608 1275 927 1356 peccarent
957 1277 1173 1339 contra
1209 1275 1411 1358 legem
1456 1274 1688 1338 ieiunii.
1724 1273 1914 1336 Ratio
1961 1273 2075 1350 est,
2109 1272 2256 1354 quia
2290 1270 2440 1334 haec
2471 1264 2766 1351 interpre-

312 1375 473 1439 tatio
521 1376 586 1439 et
630 1377 910 1458 aequitas
941 1377 1187 1441 videtur
1222 1377 1439 1442 deduci
1471 1396 1541 1440 ex
1586 1378 1721 1441 iure
1754 1375 2029 1439 naturali
2060 1377 2124 1439 et
2170 1394 2240 1438 ex
2286 1373 2627 1438 intentione
2658 1372 2770 1436 Le-

311 1476 661 1561 gislatoris3
710 1479 846 1562 ipsa,
906 1479 1068 1542 enim
1130 1480 1413 1561 aequitas
1459 1479 1767 1543 naturalis
1813 1478 2047 1543 dictare
2094 1477 2358 1551 videtur,
2423 1476 2589 1557 quod
2633 1494 2757 1540 non

310 1578 433 1643 fuit
486 1580 748 1644 intentio
808 1581 1184 1663 legislatoris
1230 1582 1552 1665 prohibere
1597 1582 1747 1645 haec
1796 1581 2084 1644 exercitia
2151 1580 2412 1643 honesta
2458 1581 2522 1643 31
2582 1578 2757 1641 licita
2827 1625 2832 1631 .

308 1683 559 1764 propter
606 1683 905 1747 ieiunium
953 1686 1016 1747 et
1062 1684 1272 1748 eadem
1321 1685 1536 1760 dictat,
1586 1703 1705 1748 non
1754 1684 1943 1748 fuisse
1990 1682 2398 1746 intentionem
2444 1699 2753 1756 excusare,

309 1785 362 1848 si
410 1784 760 1866 frequenter
804 1786 977 1850 fiant.
1026 1788 1127 1851 Ita
1186 1787 1533 1868 Henriquez
1582 1790 1643 1852 et
1690 1786 1858 1851 docti
1904 1786 2173 1850 iuniores
2222 1804 2293 1849 ac
2338 1784 2576 1849 Metina
2623 1782 2761 1864 (qui

309 1886 573 1951 ulterius
605 1887 998 1971 progreditur
1035 1889 1112 1952 ad
1144 1891 1555 1954 excusandum
1605 1910 1641 1954 a
1686 1890 1868 1973 gravi
1899 1889 1954 1954 si
1998 1888 2112 1953 fiat
2157 1887 2287 1952 sine
2333 1887 2465 1951 ulla
2511 1884 2766 1950 necessi-

310 1990 459 2065 tate,
499 1989 604 2053 sed
638 2009 708 2054 ex
742 1991 964 2055 affectu
1003 1991 1238 2056 otiosae
1270 1993 1713 2075 recreationis).

399 2087 585 2160 1149.
618 2091 909 2156 Notanda
943 2093 1065 2157 alia
1103 2094 1401 2170 doctrina,
1452 2114 1640 2175 quam
1678 2095 1767 2157 sic
1803 2095 2094 2176 proponit
2124 2112 2172 2157 3.
2208 2093 2392 2175 Alph.
2433 2113 2491 2156 n.
2532 2095 2760 2156 1045.:

314 2218 349 2250 ‹<
381 2192 520 2257 Non
546 2197 639 2288 est
663 2195 1091 2272 dubitandum,
1118 2195 1282 2278 quod
1308 2200 1636 2279 postquam
1664 2198 1803 2279 quis
1829 2197 2209 2281 defatigatus
2240 2198 2353 2269 est,
2380 2197 2569 2260 etiam
2595 2194 2762 2259 malo

307 2294 425 2360 fine
473 2298 536 2360 et
581 2297 827 2361 etiamsi
872 2299 1261 2381 praeviderit,
1304 2318 1440 2362 eam
1477 2300 1988 2384 defatigationem
2035 2298 2163 2364 fore
2195 2298 2756 2382 incompossibilem

304 2418 447 2463 cum
470 2399 720 2476 ieiuni0,
750 2401 826 2465 ad
849 2402 1006 2466 illud
1027 2422 1150 2467 non
1175 2405 1438 2479 tenetur,
1467 2405 1540 2467 ut
1562 2403 2063 2468 communissime
2094 2403 2313 2467 docent
2343 2402 2519 2466 AA...
2549 2402 2758 2479 Ratio,

304 2504 451 2588 quia
484 2504 610 2567 iam
646 2504 752 2568 ille
784 2505 986 2569 factus
1018 2507 1113 2569 est
1142 2506 1463 2570 moraliter
1493 2506 1800 2588 impotens
1841 2506 1916 2570 ad
1946 2505 2346 2570 ieiunandum
2378 2530 2440 2569 ».

367 2606 481 2669 Ἀ1
510 2609 796 2689 peccatne
826 2607 950 2685 ille,
985 2610 1090 2690 qui
1123 2609 1256 2673 ideo
1291 2611 1556 2673 assumit
1584 2609 1879 2686 laborem,
1907 2612 1980 2673 ut
2017 2613 2219 2692 'ponat
2253 2609 2760 2693 impedimentum

306 2709 369 2772 et
400 2708 487 2771 sic
525 2709 831 2773 eximatur
863 2730 897 2775 a
930 2711 1207 2775 ieiunio?
1239 2709 1299 2775 S.
1334 2712 1688 2793 Alplionsus
1734 2734 1796 2776 n.
1842 2714 2030 2776 1045.
2067 2715 2288 2779 merito
2322 2714 2601 2795 sequitur
2647 2713 2757 2776 do-

305 2814 569 2878 ctrinam
618 2834 849 2893 eorum,
898 2815 1008 2896 qui
1054 2814 1267 2878 dicunt
1314 2815 1373 2877 id
1422 2815 1733 2892 illicitum,
1781 2839 1816 2873 «
1853 2816 2072 2898 utpote
2120 2815 2445 2880 adversum
2481 2813 2755 2899 generali

304 2916 429 3001 legi
454 2916 618 2998 quod
655 2917 857 2980 omnis
888 2916 992 2980 lex
1021 2916 1275 2997 obligat.
1302 2937 1379 2979 ne
1417 2917 1572 2996 quid
1598 2917 1717 2996 fiat
1744 2917 1899 2980 data
1926 2937 2130 2996 opera,
2154 2924 2229 2982 ut
2255 2918 2358 2981 lex
2380 2917 2673 2982 eludatur
2694 2942 2756 2979 ».

395 3017 908 3084 Salmanticenses
956 3022 1164 3084 tamen
1211 3005 1286 3081 iic
1318 3019 1470 3100 Ley.
1519 3039 1649 3102 cap.
1687 3021 1747 3083 2.
1798 3039 1858 3083 n.
1899 3021 2042 3084 163.
2089 3021 2233 3084 164.
2270 3021 2347 3084 ad
2385 3040 2595 3084 casum
2637 3045 2670 3076 «
2705 3020 2758 3082 si

304 3121 443 3202 quis
469 3121 586 3185 iter
612 3123 762 3207 agat
787 3123 900 3186 aut
929 3122 1250 3208 fatigetur,
1275 3125 1350 3187 ut
1381 3143 1500 3189 nou
1532 3123 1783 3200 ieiunet,
1813 3123 1926 3187 aut
1955 3123 2384 3187 infirmitatem
2408 3123 2758 3187 voluntarie

304 3227 530 3305 sumat,
573 3229 645 3290 ut
684 3228 761 3291 ab
791 3228 908 3292 1133
939 3231 1052 3291 3111
1085 3227 1224 3290 aliis
1272 3228 1610 3310 praeceptis
1648 3227 1957 3290 eximatur
1987 3251 2050 3303 »‚
2097 3225 2494 3307 respondent:
2537 3253 2572 3282 «
2609 3226 2759 3291 Pro-

304 3324 526 3390 babilis
558 3330 621 3392 et
659 3329 736 3390 ab
772 3329 1101 3392 intrinseco
1150 3329 1308 3392 forte
1356 3329 1735 3411 probabilior
1782 3331 1877 3393 est
1912 3328 2217 3392 sententia
2256 3345 2487 3410 negans
2533 3328 2596 3390 in
2643 3329 2761 3392 tali

305 3443 452 3489 casu
500 3448 781 3509 peccare3
831 3429 978 3510 quia
1025 3448 1089 3492 se
1136 3430 1406 3493 extrahit
1454 3432 1531 3494 ab
1580 3430 1981 3512 obligatione,
2031 3449 2139 3494 nec
2183 3429 2280 3493 lex
2313 3428 2580 3510 amplius
2614 3448 2756 3494 eum

308 3527 564 3610 obligat,
597 3533 671 3594 ut
695 3531 748 3593 si
779 3531 918 3612 quis
950 3533 1126 3595 exeat
1159 3550 1195 3593 a
1229 3532 1563 3608 territorio,
1597 3551 1672 3595 ne
1704 3533 1938 3596 ieiunet
1969 3558 2029 3596 ».
2058 3533 2140 3597 Et
2170 3532 2352 3596 tract.
2396 3532 2500 3594 23.
2536 3550 2666 3613 cap.
2697 3534 2756 3595 2.

306 3649 363 3694 n.
409 3631 592 3694 153.:
639 3657 675 3691 ‹<
706 3633 829 3697 Ubi
859 3654 1048 3699 causa
1081 3634 1414 3718 impediens
1448 3635 1709 3699 alicuius
1742 3635 1899 3719 legis
1933 3635 2453 3716 adimpletionem,
2489 3635 2761 3698 extrahit

307 3733 697 3797 omittentem
729 3735 807 3798 ab
847 3737 979 3818 ipsa
1016 3739 1173 3822 lege,
1205 3738 1335 3802 sive
1366 3739 1513 3802 talis
1551 3757 1737 3802 causa
1771 3739 1855 3802 sit
1887 3738 2328 3820 peccaminosa,
2369 3738 2497 3802 sive
2543 3756 2666 3801 non
2698 3739 2763 3801 et

303 3837 433 3902 sive
481 3838 597 3901 hac
642 3839 769 3902 sive
806 3839 916 3903 illa
963 3841 1303 3906 intentione
1349 3843 1636 3923 ponatur,
1686 3845 2010 3922 sequentes
2049 3841 2429 3916 omissioneS,
2471 3840 2589 3904 etsi
2636 3840 2763 3906 sint

303 3944 612 4025 praecisae
673 3945 736 4008 31
797 3944 1090 4023 intentae,
1156 3966 1276 4011 non
1337 3945 1818 4028 imputabuntur
1878 3948 1952 4010 ut
1996 3949 2248 4029 peccata
2298 3966 2410 4010 nec
2453 3945 2518 4010 in
2567 3964 2757 4009 causa

303 4068 413 4113 nec
443 4067 508 4112 ln
546 4066 610 4112 Se
649 4073 709 4112 ».

396 4151 626 4216 Verum
659 4149 930 4215 Sanchez
956 4153 1019 4216 et
1048 4151 1255 4234 plures
1287 4152 1396 4216 alii
1427 4152 1706 4216 sentiunt
1728 4152 1978 4234 quidem
2002 4172 2144 4216 cum
2168 4151 2759 4217 Salmanticensibus

302 4255 463 4319 circa
502 4255 596 4318 ius
627 4274 690 4318 se
739 4254 1093 4319 extrahendi
1141 4254 1219 4317 ab
1251 4255 1633 4339 obligatione
1663 4255 1821 4339 legis
1854 4257 1919 4319 et
1953 4258 2158 4319 tamen
2191 4255 2265 4319 de
2297 4257 2414 4320 hac
2444 4275 2509 4319 re
2541 4255 2628 4318 sic
2659 4254 2757 4318 de-

301 4358 561 4422 cernunt
594 4355 776 4421 Cone.
803 4357 910 4421 lib.
940 4358 999 4420 5.
1026 4376 1076 4420 c.
1116 4357 1172 4419 1.
1208 4355 1266 4419 d.
1306 4357 1364 4420 7.
1404 4378 1463 4420 n.
1504 4359 1591 4422 1.:
1632 4382 1670 4417 ‹<
1693 4356 1760 4422 Si
1790 4357 1966 4423 labor
1990 4358 2347 4422 assumatur
2378 4358 2441 4422 in
2473 4357 2754 4422 fraudem

301 4460 533 4538 ieiunii,
584 4462 658 4524 ut
704 4459 842 4542 quis
880 4459 989 4522 illa
1034 4458 1131 4523 die
1169 4461 1491 4524 excusetur
1538 4480 1573 4524 a
1619 4461 1870 4538 ieiunio,
1918 4460 2063 4525 licet
2107 4460 2283 4524 labor
2314 4460 2608 4525 honestus
2657 4460 2759 4537 sit,

302 4565 513 4644 peccat
549 4563 899 4628 mortaliter
944 4562 1123 4627 illum
1162 4581 1500 4638 3333313113,
1534 4564 1681 4645 quia
1711 4563 1885 4628 fraus
1916 4565 1980 4627 et
2013 4563 2191 4627 dolus
2230 4563 2384 4627 nulli
2416 4563 2759 4645 patrocina-
