3497 5147
698 362 807 415 240
938 374 1149 415 macr.
1178 375 1258 415 vx.
1287 374 1448 415 snc‘r.
1476 375 1516 414 1.
1547 375 1629 413 nn
1654 374 1848 414 mimo
1873 373 2088 413 PnAnc.
2117 372 2449 414 1111οΑ1001.
2476 372 2608 413 οΑ1».
2636 375 2676 414 1.
2704 372 2853 414 nnn.
2878 374 2918 412 1.
3016 356 3171 432 [327]
3199 354 3208 355 ’

701 473 1161 557 superstitionis
1207 491 1421 553 yenus,
1466 472 1632 554 quod
1676 472 1740 535 in
1787 471 2021 535 multas
2068 472 2297 553 species
2345 470 2647 535 dividitur
2692 470 3033 534 secundum
3079 469 3169 534 di-

700 595 910 641 101303
955 576 1106 639 fines
1152 575 1346 638 divini
1392 576 1619 638 cultus.
1661 573 2001 637 Ordinatur
2045 574 2208 638 enim
2261 575 2325 636 1⁰
2357 573 2604 638 divinus
2642 573 2851 637 cultus
2891 571 2968 637 ad
3000 593 3167 638 reve-

699 680 966 743 rentiam
996 678 1127 742 1)οο
1161 676 1563 741 exhibendam
1600 678 1664 739 et
1694 676 2032 740 secundum
2062 676 2179 740 hoc
2211 676 2411 759 prima
2443 675 2671 759 species
2702 675 2891 739 huius
2924 676 3165 759 generis

699 784 795 847 est
830 779 1215 853 idololatria,
1247 799 1406 861 quae
1444 778 1718 842 divinam
1756 778 2164 842 reverentiam
2210 778 2481 842 indebite
2530 777 2779 842 exhibet
2826 780 3168 842 creaturae.

703 886 773 947 2⁰
804 883 1142 947 Ordinatur
1189 881 1264 945 ad
1302 882 1418 945 hoc
1465 881 1630 962 quod
1677 882 1863 945 homo
1909 881 2261 945 instruatur
2309 900 2345 944 a
2377 883 2528 957 Deo,
2563 899 2747 961 quem
2796 881 2950 945 colit
2996 883 3058 944 et
3092 880 3169 944 ad

700 987 831 1050 hoc
845 985 1114 1068 pertinet
1143 984 1506 1063 superstitio
1543 983 1909 1059 divinativa‚
1950 1002 2109 1065 quae
2140 983 2467 1048 daemones
2499 983 2770 1047 consulit
2815 1003 2923 1066 per
2955 983 3168 1065 aliqua

700 1091 884 1172 pacta
930 1108 1072 1151 cum
1119 1088 1205 1152 eis
1251 1087 1409 1150 inita
1457 1087 1651 1151 tacita
1696 1086 1796 1150 vel
1843 1104 2144 1168 expressa.
2180 1086 2250 1148 3⁰
2282 1084 2620 1149 Ordinatur
2663 1085 2909 1150 divinus
2957 1086 3166 1151 cultus

703 1191 781 1255 ad
826 1190 1139 1273 quandam
1176 1189 1574 1253 directionem
1606 1190 2024 1252 humanorum
2056 1189 2311 1251 actuum
2343 1188 2680 1252 secundum
2717 1188 3014 1252 instituta
3050 1188 3165 1252 Dei

700 1293 808 1376 qui
831 1293 1059 1357 colitur
1082 1293 1145 1355 et
1170 1291 1246 1354 ad
1269 1292 1385 1354 hoc
1409 1290 1678 1372 pertinet
1700 1290 2071 1372 superstitio
2086 1291 2477 1371 quarundam
2503 1288 3034 1353 observationum»
3071 1339 3086 1353 .

789 1392 969 1467 327.
1001 1396 1239 1459 Auctor
1282 1394 1541 1475 loquens
1589 1393 1661 1457 de
1692 1392 1969 1457 indebito
2001 1393 2176 1456 modo
2224 1393 2464 1457 colendi
2495 1393 2718 1468 Deum,
2753 1393 2910 1457 duas
2958 1393 3167 1457 innuit

697 1500 884 1564 huius
916 1496 1375 1580 superstitionis
1409 1496 1657 1578 species,
1693 1514 1960 1577 quarum
1991 1495 2258 1577 primam
2296 1514 2345 1558 3.
2381 1495 2653 1559 Thomas
2684 1494 2929 1559 cultum
2951 1496 3166 1574 perni-

698 1605 931 1667 ciosum
976 1601 1146 1677 dicit,
1183 1600 1378 1663 alium
1425 1598 1830 1678 superfluum.

781 1707 864 1770 Et
893 1706 1097 1788 quoad
1118 1705 1564 1785 perniciosum,
1599 1705 1686 1769 sic
1717 1723 1848 1768 rem
1882 1704 2150 1786 explicat
2185 1705 2246 1766 2.
2284 1705 2343 1767 2.
2379 1724 2439 1785 (1.
2468 1704 2571 1767 93.
2603 1705 2720 1768 art.
2753 1705 2844 1767 1.:
2888 1730 2925 1760 «
2951 1704 3169 1768 Dicen-

694 1809 862 1883 dum,
912 1809 1075 1889 quod
1123 1809 1287 1873 sicut
1334 1808 1729 1892 Augustinus
1775 1806 1944 1883 dicit,
1993 1805 2385 1869 mendacium
2430 1806 2697 1869 maxime
2744 1806 3163 1888 perniciosum

691 1913 805 1986 est,
847 1910 1011 1990 quod
1057 1909 1130 1973 fit
1174 1909 1238 1972 in
1286 1910 1403 1983 his,
1453 1928 1611 1990 quae
1658 1909 1735 1972 ad
1782 1906 2204 1972 Christianam
2253 1908 2618 1992 religionem
2666 1908 3001 1990 pertinent.
3055 1910 3166 1974 Est

692 2014 905 2076 autem
936 2012 1344 2090 mendacium,
1386 2032 1528 2075 cum
1561 2010 2089 2094 aliquisssexterius
2123 2009 2434 2094 significat
2465 2011 2849 2075 contrarium
2884 2012 3159 2076 veritati.

693 2114 869 2179 Sicut
917 2118 1128 2179 autem
1174 2114 1562 2198 significatur
1610 2114 1847 2195 aliquid
1881 2115 2087 2189 verbo,
2123 2114 2215 2177 ita
2263 2112 2453 2177 etiam
2500 2114 2889 2198 significatur
2924 2115 3159 2196 aliquid

690 2217 857 2282 facto
896 2219 960 2281 et
990 2218 1052 2280 in
1086 2218 1201 2280 tali
1234 2216 1684 2300 significatione
1716 2215 1864 2280 facti
1897 2216 2186 2280 consistit
2234 2216 2499 2280 exterior
2530 2215 2849 2299 religionis
2882 2218 3161 2281 cultus...

693 2319 776 2382 Et
797 2318 934 2383 ideo
968 2320 1021 2383 si
1053 2339 1160 2403 per
1190 2320 1430 2384 cultum
1463 2319 1825 2383 exteriorem
1859 2318 2094 2399 aliquid
2115 2319 2347 2384 falsum
2371 2316 2777 2401 significatur,
2805 2318 2929 2381 erit
2949 2319 3162 2383 cultus

693 2423 1074 2507 perniciosus
1109 2448 1172 2487 ».

789 2550 825 2585 ‹
855 2526 993 2592 Hoc
1040 2528 1251 2591 autem
1298 2525 1608 2609 contingit
1652 2522 2000 2607 dupliciter.
2050 2522 2187 2588 Uno
2237 2522 2487 2605 quidem
2533 2521 2716 2587 modo
2758 2542 2831 2587 ex
2862 2526 3045 2605 parte
3077 2524 3163 2589 rei

690 2630 1097 2715 significatae,
1133 2647 1170 2692 a
1217 2648 1342 2710 qua
1372 2627 1685 2691 discordat
1730 2625 2104 2710 significatio
2139 2627 2367 2690 cultus.
2402 2625 2484 2690 Et
2514 2625 2631 2689 hoc
2660 2625 2845 2688 modo
2881 2627 3164 2708 tempore

689 2751 886 2797 novae
930 2730 1089 2814 legis
1136 2729 1401 2812 peractis
1448 2729 1576 2792 iam
1623 2725 1858 2793 Christi
1903 2728 2236 2812 mysteriiS,
2291 2725 2703 2809 perniciosum
2742 2729 2839 2791 est
2870 2727 2971 2790 uti
3011 2748 3167 2793 cere-

687 2835 914 2899 moniis
962 2835 1187 2899 veteris
1232 2835 1410 2919 legis,
1459 2834 1686 2916 quibus
1720 2831 1952 2897 Christi
2000 2831 2299 2916 mysteria
2355 2831 2870 2916 significabantur
2907 2831 3163 2909 futura3

686 2938 851 3002 sicut
882 2938 1073 3002 etiam
1105 2938 1516 3020 perniciosum
1541 2937 1720 3013 esset,
1757 2936 1810 3000 si
1839 2935 1978 3018 quis
2003 2934 2188 2998 verbo
2222 2934 2638 3011 confiteretur,
2667 2931 2992 2999 Christum
3032 2956 3162 3000 esse

692 3060 1023 3124 passurum
1056 3066 1117 3104 ».

785 3169 821 3202 «
852 3144 995 3208 Alio
1027 3143 1210 3207 modo
1258 3145 1466 3226 potest
1511 3142 1866 3224 contingere
1912 3138 2156 3202 falsitas
2205 3139 2269 3201 in
2316 3138 2604 3203 exteriori
2650 3138 2829 3203 cultu
2860 3158 2935 3203 ex
2984 3142 3158 3223 parte

690 3246 969 3311 colentis.
1011 3246 1092 3310 Et
1123 3247 1239 3311 hoc
1274 3247 1611 3326 praecipuo
1642 3244 1712 3305 in
1743 3240 1916 3304 sidtu
1961 3241 2290 3313 communi,
2340 3242 2450 3322 qui
2483 3261 2604 3320 per
2639 3241 2969 3305 ministros
3002 3243 3164 3307 exhi—

687 3349 873 3413 betur
901 3349 964 3412 in
996 3368 1257 3430 persona
1290 3348 1487 3411 1011113
1520 3344 1846 3408 Ecclesiae.
1883 3342 2058 3408 Sicut
2088 3343 2253 3407 enim
2275 3343 2568 3407 falsarius
2600 3345 2780 3422 esset,
2807 3345 2916 3425 qui
2945 3346 3158 3427 aliqua

688 3453 1055 3535 proponeret
1102 3471 1172 3514 ex
1219 3452 1395 3533 parte
1444 3448 1725 3526 alicuiuS,
1777 3465 1935 3529 quae
1982 3466 2104 3511 non
2153 3447 2358 3509 essent
2405 3445 2459 3509 01
2515 3445 2882 3510 commissa:
2934 3447 3028 3511 ita
3080 3448 3162 3511 vi·

685 3555 848 3620 tium
895 3553 1192 3618 falsitatis
1239 3550 1519 3627 incurrit,
1569 3550 1677 3632 qui
1723 3569 1800 3613 ex
1835 3552 2023 3628 parte
2071 3547 2390 3611 Ecclesiae
2440 3548 2682 3612 cultum
2730 3547 2981 3613 exhibet
3031 3551 3158 3615 Deo

686 3660 903 3723 contra
938 3656 1194 3721 modum
1222 3655 1432 3719 divina
1465 3653 1841 3717 auctoritate
1875 3652 1952 3714 ab
1984 3650 2258 3714 Ecclesia
2291 3649 2657 3714 institutum
2688 3651 2753 3714 et
2783 3650 2848 3713 in
2883 3650 3162 3715 Ecclesia

689 3765 1056 3828 consuetum
1088 3787 1149 3825 ».

774 3860 954 3934 328.
990 3863 1202 3943 Quoad
1254 3864 1495 3928 cultum
1531 3860 1918 3942 superfluam
1949 3881 1996 3924 s.
2033 3860 2304 3924 Thomas
2348 3862 2406 3922 2.
2445 3860 2505 3922 2.
2541 3879 2599 3941 q.
2635 3860 2741 3923 93.
2779 3861 2897 3923 art.
2929 3863 2992 3924 2.
3030 3860 3156 3924 ait:

691 3993 727 4027 α
751 3965 1005 4048 Aliquid
1030 3966 1257 4030 dicitur
1281 3966 1662 4048 superfluum
1686 3963 2032 4046 dupliciter.
2061 3962 2198 4026 Uno
2225 3962 2407 4027 modo
2432 3962 2770 4026 secundum
2797 3963 3159 4027 absolutam

680 4071 1101 4154 quantitatem
1148 4071 1211 4133 et
1258 4067 1594 4132 secundum
1640 4067 1756 4128 hoc
1803 4083 1924 4128 non
1973 4065 2180 4145 potest
2228 4083 2358 4128 esse
2401 4064 2636 4146 aliquid
2668 4064 3062 4147 superfluum
3097 4066 3159 4128 in

680 4176 849 4239 011110
899 4174 1137 4248 (111111ος
1188 4172 1335 4253 quia
1382 4168 1537 4232 nihil
1586 4169 1791 4249 potest
1839 4167 2024 4229 homo
2072 4165 2288 4241 facere,
2330 4166 2495 4247 quod
2528 4185 2650 4230 non
2683 4165 2768 4230 sit
2800 4166 3011 4231 minus
3064 4187 3158 4242 00,

684 4277 850 4358 (111οᾶ
882 4278 1013 4340 Deo
1053 4275 1234 4339 debet
1267 4299 1327 4335 ».

780 4403 815 4434 «
847 4377 988 4440 Alio
1037 4376 1219 4441 modo
1268 4375 1475 4456 potest
1509 4391 1638 4435 0330
1671 4371 1906 4452 aliquid
1939 4372 2320 4455 superfluum
2356 4370 2692 4436 secundum
2726 4373 3162 4453 quantitatem

684 4479 1121 4564 proportionis,
1162 4478 1308 4560 quia
1357 4475 1591 4540 scilicet
1637 4494 1760 4538 non
1810 4476 1904 4538 est
1950 4474 2058 4538 fini
2104 4475 2666 4558 proportionatum.
2718 4472 2892 4538 Finis
2943 4477 3168 4539 autem

685 4582 876 4647 divini
917 4582 1125 4646 cultus
1165 4582 1277 4658 est,
1312 4582 1387 4644 ut
1433 4579 1618 4644 homo
1657 4579 1788 4642 Deo
1835 4576 1940 4641 det
1970 4577 2237 4662 gloriam
2285 4581 2347 4642 et
2394 4577 2447 4642 ei
2495 4595 2560 4642 se
2606 4575 2903 4642 subiiciat
2949 4578 3172 4642 mente
