3497 5147
670 318 781 376 258
876 333 1087 375 macr.
1115 334 1193 374 vr.
1223 333 1383 373 sacr.
1407 332 1445 371 1.
1472 332 1557 371 Du
1581 331 1772 372 Panto
1800 329 2016 371 Panno.
2045 329 2372 372 nmcanom.
2402 330 2534 371 car».
2567 331 2630 371 11.
2661 330 2802 371 nun.
2829 330 2911 371 1v.
2998 316 3144 391 [854]

1754 582 1916 645 DUB.
1966 581 2076 645 IV.

1508 719 1609 785 De
1664 740 1830 784 vana
1877 719 2314 784 observatione.

788 895 995 948 xxvn.
1027 896 1173 961 Resp.
1209 896 1254 948 l.
1281 896 1348 948 Ea
1377 902 1450 947 est
1482 893 1783 960 superstitio,
1810 908 1902 958 qua
1936 892 2095 947 medio
2123 892 2285 959 aliquo
2324 893 2763 961 improportionato
2790 902 2838 948 et
2866 910 2892 948 a
2919 897 3026 949 Deo
3052 911 3147 951 non

679 980 906 1035 instituto
934 986 1225 1046 procuratur
1250 979 1426 1046 aliquis
1452 982 1668 1041 effectus,
1694 993 1743 1032 v.
1769 995 1815 1043 g.
1845 977 2042 1044 sanitas,
2076 978 2279 1032 scientia
2318 987 2411 1032 etc.
2439 994 2479 1033 s,
2508 981 2599 1032 Th.
2631 982 2679 1033 2.
2709 983 2758 1033 2.
2780 996 2826 1046 q.
2855 983 2944 1035 96.
2975 989 3072 1036 art.
3101 985 3149 1034 t.

681 1068 862 1119 Bonae.
888 1073 937 1118 et
974 1065 1074 1118 alii.
1105 1064 1275 1118 Differt
1312 1072 1471 1119 autem
1510 1080 1537 1117 a
1571 1063 1887 1127 divinatione,
1914 1065 2044 1129 quod
2073 1067 2192 1115 llaec
2231 1070 2412 1116 tanturn
2452 1063 2707 1116 ordinetur
2746 1067 2805 1116 ad
2846 1067 3149 1119 occultorum

681 1149 1038 1216 cognitionem
1064 1149 1144 1203 illa
1175 1164 1294 1202 vero
1324 1152 1382 1202 ad
1412 1152 1635 1203 effectum
1663 1156 1939 1202 externum.
1967 1146 2210 1201 Convenit
2233 1162 2342 1200 cum
2373 1147 2559 1207 eadem,
2581 1149 2710 1212 quod
2741 1155 2946 1213 utraque
2969 1148 3152 1203 nitatur

680 1242 823 1301 pacto
851 1234 1102 1288 daemonis
1126 1234 1266 1299 eique
1292 1234 1475 1287 tribuat
1503 1233 1849 1300 perlectionem
1877 1231 2117 1299 propriam
2152 1228 2258 1285 Dei.
2287 1233 2426 1285 Unde
2453 1245 2579 1296 quae
2604 1232 2665 1284 de
2692 1231 2990 1287 divinatione
3016 1233 3148 1288 dicta

681 1326 809 1382 sunt,
841 1318 1276 1385 proportionaliter
1301 1318 1414 1371 huic
1440 1316 1752 1371 accomodari
1784 1318 1980 1369 debent.
2744 1303 2752 1313 ’

772 1449 949 1524 354.
985 1451 1046 1517 S.
1095 1453 1368 1517 Thomas
1401 1451 1487 1516 In
1516 1451 1699 1516 Rom.
1748 1451 1920 1515 XVI.
1971 1451 2140 1516 Lect.
2191 1453 2250 1514 2.
2301 1450 2470 1515 init.:
2526 1474 2564 1509 «ι
2601 1449 2946 1516 Observare
2994 1452 3152 1517 nihil

682 1556 852 1620 aliud
878 1558 991 1631 est,
1019 1574 1208 1637 quam
1234 1555 1561 1640 diligenter
1585 1555 2004 1619 considerare:
2033 1553 2199 1636 quod
2222 1553 2460 1618 dictum
2491 1554 2862 1635 quandoque
2893 1554 2958 1618 in
2991 1555 3152 1620 bono

679 1658 970 1734 sumitur,
1006 1657 1374 1740 quandoque
1411 1656 1476 1721 in
1508 1657 1695 1721 malo.
1738 1657 1808 1720 In
1841 1657 2009 1721 malo
2043 1655 2292 1738 quidem
2324 1656 2615 1733 sumitur,
2647 1657 2896 1739 quando
2924 1657 3151 1740 aliquis

680 1756 1009 1843 diligenter
1040 1760 1389 1825 considerat
1414 1759 1831 1825 conditionem
1864 1760 1926 1823 et
1958 1778 2310 1842 processum
2343 1758 2605 1824 alicuius
2633 1758 2710 1824 ad
2735 1760 3148 1825 nocendum...

680 1862 755 1926 In
788 1862 946 1926 bono
980 1864 1194 1926 autem
1227 1863 1527 1945 accipitur
1575 1882 1699 1927 uno
1731 1861 1936 1938 mod0,
1975 1860 2220 1943 quando
2253 1860 2393 1942 quis
2440 1861 2790 1926 considerat
2821 1865 3154 1947 praecepta

682 1965 800 2028 Dei
832 1964 905 2026 ad
939 1963 1352 2029 faciendum...
1386 1966 1529 2030 Alio
1578 1963 1784 2038 modo,
1821 1963 2068 2045 quando
2101 1962 2430 2048 diligenter
2459 1964 2810 2028 considerat
2839 1965 3038 2030 bonos
3076 1967 3154 2031 ad

681 2065 1122 2130 imitandum...
1158 2066 1367 2131 Tertio
1402 2067 1871 2132 considerantur
1903 2065 2057 2129 mali
2094 2065 2172 2129 ad
2201 2065 2544 2129 cavendum
2576 2091 2637 2129 ».

771 2167 1137 2251 Exemplum
1177 2170 1407 2247 autem,
1443 2169 1606 2251 quod
1646 2169 1708 2232 in
1746 2188 1878 2232 rem
1910 2168 2294 2252 praesentem
2332 2166 2542 2244 faciat,
2577 2167 2766 2232 habet
2798 2188 2845 2232 3.
2875 2168 3154 2236 Thomas

680 2270 747 2333 in
780 2268 920 2334 Gal.
958 2270 1089 2347 IV„
1124 2271 1293 2335 Lect.
1330 2273 1390 2334 4.
1427 2271 1504 2335 ad
1536 2289 1607 2335 ea
1639 2269 1822 2334 Pauli
1861 2270 2046 2334 verba
2090 2294 2126 2328 ‹<
2158 2268 2320 2333 Dies
2349 2270 2691 2334 observatis
2722 2275 2782 2333 et
2814 2290 3060 2337 menses
3096 2277 3161 2337 et

684 2377 959 2452 tempora
1005 2378 1068 2436 et
1108 2393 1311 2437 annos
1342 2398 1404 2435 ».
1456 2371 1626 2453 Quae
1671 2372 1858 2435 verba
1910 2371 2058 2435 licet
2104 2391 2176 2436 ex
2237 2374 2442 2437 mente
2489 2392 2537 2437 s.
2588 2373 2865 2439 Thomae
2925 2374 3155 2441 melius

682 2474 1064 2557 explicentur
1109 2475 1182 2539 de
1228 2474 1707 2549 iudaizantibUS‚
1759 2473 1867 2555 qui
1915 2475 2246 2539 servabant
2297 2474 2580 2551 sabbata,
2629 2476 2988 2541 neomenias
3035 2481 3152 2543 etc.

683 2578 776 2661 (et
808 2599 952 2643 sane
983 2581 1075 2644 ita
1106 2598 1319 2661 reapse
1360 2579 1508 2642 sunt
1539 2577 1953 2660 accipienda);
1996 2580 2203 2642 tamen
2236 2581 2308 2643 ut
2338 2579 2469 2662 ipse
2517 2578 2627 2658 ait,
2663 2581 2925 2663 possunt
2959 2582 3156 2648 etiam

682 2681 973 2763 explicari
1020 2680 1092 2743 de
1139 2679 1531 2744 idololatriae
1577 2679 1803 2744 ritibus
1836 2682 1899 2744 et
1931 2681 2106 2745 iuxta
2143 2682 2306 2745 hunc
2352 2701 2600 2747 sensum
2633 2702 2681 2746 s.
2717 2683 2994 2748 Thomas
3033 2685 3153 2750 hoc

682 2781 855 2845 addit
902 2782 1452 2846 commentarium:
1509 2807 1544 2840 «
1576 2782 1933 2847 observatis
1980 2783 2129 2860 dies,
2170 2782 2301 2847 scil.
2340 2782 2582 2849 faustos
2630 2787 2692 2848 et
2737 2784 3051 2852 infaustos
3090 2790 3157 2852 et

680 2903 919 2948 menses
953 2885 1014 2949 et
1046 2885 1329 2968 tempora
1363 2887 1425 2949 et
1458 2904 1668 2962 3111103,
1704 2885 1862 2949 idest
1910 2885 2411 2950 constellationes
2443 2887 2506 2949 et
2537 2903 2788 2950 cursum
2820 2906 3156 2971 corporum

680 2987 1079 3052 caelestium:
1144 3005 1301 3069 quae
1351 2989 1561 3052 omnia
1610 2991 1818 3052 ortum
1880 2988 2108 3052 habent
2155 3006 2226 3051 ex
2287 2987 2666 3066 idololatria,
2717 2991 2933 3054 contra
2985 2993 3153 3076 quod

678 3089 829 3153 dicit
862 3088 1154 3154 Ieremias
1180 3088 1256 3152 X.
1287 3091 1383 3154 2.:
1412 3089 1475 3153 A
1510 3090 1713 3170 signis
1738 3088 1893 3152 coeli
1921 3089 2113 3153 nolite
2137 3093 2424 3168 metuere,
2459 3111 2617 3172 quae
2651 3090 2885 3156 Gentes
2911 3095 3149 3159 timent.

682 3191 767 3255 Et
795 3192 960 3273 quod
1008 3190 1461 3256 observationes
1507 3191 1866 3255 huiusmodi
1911 3192 2112 3255 malae
2160 3193 2287 3256 sint
2332 3194 2395 3257 et
2441 3196 2657 3258 contra
2698 3194 2942 3260 cultum
2990 3198 3155 3262 chri-

682 3294 923 3358 stianae
955 3293 1293 3379 religionis,
1330 3294 1538 3377 patet3
1573 3293 1717 3376 quia
1752 3293 2068 3358 distinctio
2102 3293 2360 3371 dierum,
2390 3297 2713 3373 mensium,
2750 3317 3058 3365 annorum
3090 3303 3156 3366 et

681 3398 1036 3478 temporum
1084 3394 1430 3489 attenditur
1476 3395 1811 3459 secundum
1859 3415 2107 3461 cursum
2155 3398 2305 3462 solis
2344 3400 2406 3462 et
2451 3399 2656 3464 lunae.
2696 3400 2779 3464 Et
2814 3401 2953 3467 ideo
2993 3404 3154 3468 tales

683 3499 1035 3581 temporum
1082 3497 1508 3562 distinctiones
1558 3498 1973 3578 observantes,
2023 3501 2396 3564 venerantur
2440 3520 2698 3584 corpora
2752 3505 3048 3570 caelestia
3094 3511 3157 3570 et

679 3597 1025 3681 disponunt
1066 3603 1243 3663 actus
1291 3615 1455 3676 suoS,
1488 3600 1828 3664 secundam
1875 3599 2179 3665 indicium
2223 3605 2556 3680 astrorum,
2590 3624 2748 3687 quae
2787 3607 3030 3672 nullam
3063 3609 3150 3672 di-

679 3705 915 3767 rectam
962 3702 1431 3785 impressionem
1476 3703 1706 3767 habent
1739 3703 1803 3766 in
1841 3704 2166 3769 voluntate
2215 3705 2480 3770 hominis
2519 3709 2582 3772 et
2628 3708 2693 3771 in
2732 3709 2829 3774 his
2861 3729 3024 3793 quae
3057 3712 3154 3776 de-

680 3805 946 3890 pendent
995 3826 1030 3869 a
1074 3806 1268 3870 libero
1304 3807 1581 3872 arbitrio.
1623 3807 1705 3870 Et
1752 3827 1822 3870 ex
1860 3807 1977 3872 hoc
2024 3807 2307 3872 imminet
2342 3827 2532 3894 grave
2579 3813 2953 3894 periculum3
2991 3815 3152 3881 unde

680 3907 865 3971 dicit:
905 3908 1082 3971 tinwo
1113 3928 1191 3971 ne
1220 3906 1381 3987 forte
1428 3909 1565 3972 sine
1597 3927 1806 3985 causa,
1841 3908 2002 3973 idest
2047 3909 2375 3990 inutiliter,
2408 3910 2824 3981 laboraverim
2853 3919 2924 3982 in
2956 3918 3148 3986 vobis.

674 4010 758 4075 Et
803 4011 939 4075 ideo
988 4009 1333 4075 cavendum
1365 4010 1459 4072 est
1491 4009 1775 4074 fidelibus
1822 4010 1976 4074 talia
2025 4011 2375 4092 observare3
2426 4016 2529 4080 sed
2568 4019 2741 4082 nulla
2789 4019 2974 4086 debet
3020 4041 3152 4087 esse

677 4114 765 4179 eis
805 4112 1073 4196 suspicio
1122 4111 1345 4174 harum
1392 4128 1632 4188 rerum3
1676 4111 1822 4191 quia
1870 4130 2155 4196 prospere
2201 4118 2408 4198 potest
2445 4118 2653 4185 cedere
2692 4122 2998 4205 quidquid
3037 4127 3151 4191 sub

678 4218 793 4282 Dei
831 4216 1158 4281 devotione
1198 4212 1562 4295 simpliciter
1600 4214 1813 4298 agitur
1846 4239 1906 4279 ».

769 4319 851 4382 Et
884 4338 954 4382 ex
994 4317 1091 4381 his
1138 4315 1483 4392 deducitur,
1519 4317 1634 4382 hoc
1681 4337 1812 4383 esse
1860 4319 2363 4387 observationum
2410 4324 2633 4390 harum
2679 4328 3027 4411 proprium,
3075 4332 3151 4396 ut

678 4419 1002 4502 quidpiam
1034 4417 1419 4483 considerent
1451 4419 1778 4505 diligenter
1803 4424 1864 4486 et
1890 4422 2064 4488 iuxta
2095 4423 2250 4488 illud
2282 4425 2579 4492 indicium
2602 4426 2948 4508 disponant
2973 4436 3152 4497 acuas

680 4542 845 4587 suos.
872 4521 955 4587 Et
977 4523 1128 4587 haec
1160 4525 1513 4607 congruunt
1536 4543 1677 4589 cum
1710 4525 2115 4608 explicatione
2147 4527 2420 4592 eiusdem
2445 4548 2495 4594 s.
2524 4531 2833 4612 Doctoris,
2860 4535 2973 4600 ubi
2995 4536 3152 4602 dixit
