3497 5147
327 350 457 418 [333]
1370 364 1691 405 mvmxrro
2675 354 2782 409 243

416 461 790 542 Plerumque
836 463 1044 525 tamen
1089 480 1212 525 non
1259 463 1407 525 sunt
1452 462 1948 543 peccaminosae3
1997 462 2145 543 quia
2192 462 2400 545 potius
2449 482 2522 527 ex
2579 483 2782 530 errore

335 563 554 641 iudicii,
601 583 793 646 quam
839 582 911 628 ex
956 563 1302 628 voluntatis
1349 564 1593 628 malitia
1636 566 2026 647 proveniunt.

404 666 886 749 Superstitiosae
934 668 1083 730 sunt
1130 667 1434 747 quaedam
1482 668 1793 732 orationes
1842 669 1956 732 aut
2001 688 2050 733 s.
2085 669 2398 753 Birgittae
2447 672 2558 733 aut
2605 669 2785 747 aliae,

320 760 545 853 ¹quibus
583 769 995 852 promittitur,
1030 770 1106 833 ut
1150 768 1258 850 qui
1304 789 1410 852 per
1442 789 1674 834 annum
1720 789 1825 835 eas
1871 771 2109 845 recitet,
2142 791 2264 836 non
2310 772 2653 836 moriturus
2700 772 2786 836 sit

330 874 521 937 morte
558 871 919 955 improvisa,
954 872 1067 936 aut
1113 873 1257 935 ante
1302 874 1568 936 mortem
1615 872 1699 935 sit
1748 874 1995 937 visurus
2027 873 2099 936 B.
2135 873 2478 958 Virginem,
2514 877 2626 937 aut
2661 892 2784 937 non

330 975 408 1040 sit
435 974 823 1039 damnandus
851 974 1106 1039 infernis
1153 976 1268 1038 etc.
1302 972 1783 1057 Superstitiosas
1820 975 1976 1052 dico,
2016 976 2071 1039 si
2106 995 2249 1040 cum
2286 976 2455 1040 certa
2493 995 2565 1039 ac
2602 975 2782 1040 firma

328 1075 589 1159 quadam
636 1095 742 1158 spe
789 1076 1126 1140 recitentur
1171 1079 1234 1141 et
1275 1076 1451 1141 falsis
1498 1077 1741 1159 saepius
1790 1078 2270 1142 revelationibus
2314 1078 2671 1142 innituntur
2716 1079 2781 1144 et

333 1178 403 1241 ad
434 1178 730 1243 audacius
763 1178 1136 1260 peccandum
1168 1159 1527 1261 provocant‘
1539 1181 1603 1243 et
1631 1181 1963 1244 retrahunt
1987 1181 2064 1244 ab
2094 1201 2215 1245 usu
2239 1178 2780 1246 Sacramentorum

320 1300 386 1345 ac
427 1280 682 1362 reliquis
728 1281 905 1346 bonis
939 1281 1242 1364 operibus.

408 1383 686 1466 Idipsum
737 1382 1063 1447 dicendum
1109 1383 1183 1448 de
1228 1384 1529 1467 precibus
1580 1384 1884 1458 crucibus,
1932 1385 2311 1470 imaginibus
2365 1387 2504 1462 etc„
2553 1386 2778 1467 quibus

325 1487 542 1568 putant
589 1485 844 1567 quidam
891 1505 955 1549 se
1000 1485 1133 1550 fieri
1169 1486 1647 1551 invulnerabiles
1693 1488 1806 1551 aut
1852 1487 2190 1552 invisibiles
2238 1489 2377 1564 etc.‚
2413 1488 2525 1551 aut
2570 1486 2643 1550 de
2674 1485 2770 1563 iis,

322 1588 421 1670 qui
465 1588 731 1652 recitant
793 1590 1000 1653 textus
1046 1608 1094 1652 s.
1145 1587 1498 1672 Scripturae
1543 1589 1764 1672 pollice
1812 1590 2042 1654 inserto
2088 1591 2304 1654 manui
2365 1590 2648 1654 dexterae
2695 1588 2773 1652 ad

314 1690 644 1755 reddendos
690 1709 872 1755 canes
917 1692 1148 1756 mutos.
1182 1691 1335 1755 Voit
1365 1712 1424 1755 n.
1453 1692 1602 1754 424.

399 1790 576 1863 332.
603 1793 812 1858 Rudes
844 1793 1196 1858 instruendi
1228 1796 1394 1871 sunt,
1429 1794 1739 1875 quomodo
1773 1812 1870 1858 res
1916 1813 2125 1858 sacrae
2164 1794 2560 1858 adhibendae.
2594 1796 2658 1858 1⁰
2680 1796 2773 1862 Ne

319 1896 534 1960 mediis
566 1896 636 1960 de
671 1916 736 1961 se
784 1896 979 1975 boniS,
1018 1897 1210 1961 sacris
1244 1915 1316 1962 ac
1344 1896 1534 1960 licitis
1564 1897 1629 1960 in
1658 1897 1951 1973 Ecclesia,
1986 1897 2365 1961 admisceant
2395 1899 2771 1964 ceremonias

324 2016 512 2062 vanas
544 2017 617 2062 ac
644 1998 900 2063 inutiles
947 1998 1023 2062 ad
1070 1998 1356 2063 effectum
1392 1999 1834 2081 exspectatum.
1861 2001 1930 2062 2⁰
1951 1999 2041 2064 Ut
2075 2018 2172 2063 res
2219 1999 2282 2063 in
2328 1999 2603 2065 Ecclesia
2650 2001 2773 2065 usi-

323 2101 489 2165 tatas
522 2121 583 2165 v.
617 2122 711 2186 gr.
752 2121 976 2178 ceram,
1013 2120 1259 2183 aquam,
1294 2101 1486 2165 salem
1533 2100 1942 2180 benedictum,
1991 2102 2294 2187 imagines
2340 2104 2632 2168 contactu
2670 2102 2777 2168 Sa-

327 2222 572 2267 crarum
619 2204 1027 2285 reliquiarum
1057 2204 1334 2268 sacratas
1379 2204 1689 2286 applicent
1732 2223 1874 2268 cum
1911 2204 2173 2287 supplici
2206 2206 2268 2269 et
2313 2204 2537 2268 humili
2569 2205 2776 2287 depre-

311 2306 552 2371 catione
602 2309 666 2370 et
710 2306 936 2372 fiducia
982 2307 1046 2370 in
1094 2307 1203 2370 Dei
1254 2307 1552 2381 bonitate,
1600 2326 1723 2371 non
1770 2326 1914 2370 vero
1961 2308 2312 2389 exspectent
2358 2327 2500 2371 cum
2544 2307 2771 2372 fiducia

313 2410 477 2473 certa
526 2408 820 2473 effectum
868 2408 946 2472 ab
990 2407 1141 2491 ipsis
1187 2409 1388 2485 rebuS‚
1424 2409 1603 2490 quasi
1650 2428 1720 2473 ex
1771 2428 1950 2491 opere
1990 2410 2263 2491 operato.
2288 2409 2442 2475 Voit
2463 2429 2521 2473 n.
2549 2410 2699 2473 425.

388 2511 717 2577 Hactenus
751 2510 824 2576 de
857 2511 1296 2595 superstitione
1342 2530 1434 2588 ea,
1467 2530 1625 2593 quae
1656 2513 1752 2576 est
1782 2511 1990 2576 cultus
2037 2512 2167 2576 Deo
2213 2511 2609 2596 incongruus
2643 2530 2766 2594 quo

307 2615 471 2680 Deus
517 2634 747 2698 nempe
792 2613 978 2679 modo
1025 2613 1298 2679 indebito
1335 2614 1580 2678 colitur.

1395 2807 1558 2870 Dua.
1595 2807 1679 2871 II.

880 2949 988 3015 De
1034 2949 1465 3015 Divinatione.
1525 2950 1693 3030 Quid
1733 2955 1797 3014 et
1837 2950 2192 3033 quotuplex.

401 3134 482 3185 Vl.
514 3134 672 3198 Resp.
706 3134 755 3184 l.
783 3128 1033 3184 Divinatio
1059 3136 1149 3194 est,
1180 3145 1290 3184 cum
1321 3128 1429 3195 quis
1466 3145 1609 3196 opem
1648 3130 1902 3184 daemonis
1927 3130 2072 3184 tacite
2109 3133 2186 3185 vel
2212 3146 2446 3198 expresse
2471 3131 2684 3196 invocat,
2713 3139 2766 3185 ut

300 3225 466 3271 noscat
498 3233 584 3271 res
613 3214 955 3280 contingentes
981 3222 1030 3268 et
1056 3215 1208 3268 libere
1241 3219 1424 3268 futuras
1463 3214 1666 3269 aliterve
1705 3219 1926 3269 occultas
1963 3223 2011 3269 et
2036 3216 2319 3283 naturaliter
2342 3215 2765 3281 incognoscibiles

298 3304 436 3371 Quae
472 3302 515 3356 si
557 3302 665 3354 sint
704 3304 844 3365 taleS‚
869 3314 990 3365 quas
1016 3304 1151 3353 solus
1187 3302 1322 3353 Deus
1348 3298 1472 3353 scire
1501 3306 1677 3366 potest,
1706 3300 1977 3354 involvitur
2003 3301 2148 3354 tacita
2176 3301 2472 3365 idololatria,
2497 3304 2628 3368 quod
2658 3303 2769 3355 dac·

294 3386 423 3439 moni
462 3386 726 3440 tribuatur
753 3385 914 3437 cultus
952 3383 1182 3437 divinus:
1209 3383 1252 3436 si
1289 3397 1405 3436 vero
1443 3383 1541 3437 sint
1578 3387 1717 3446 talea,
1743 3399 1865 3449 quas
1901 3387 2106 3437 daemon
2134 3385 2419 3438 naturaliter
2453 3385 2580 3438 scire
2605 3392 2768 3452 potest

290 3474 418 3538 (nam
446 3487 510 3527 ex
550 3469 716 3535 signis
754 3468 958 3535 aliisque
1004 3468 1163 3522 modis
1200 3468 1525 3521 occultissima
1564 3482 1785 3534 quaeque
1822 3483 2117 3532 cognoscere
2155 3476 2332 3535 potest,
2357 3468 2502 3522 etiam
2530 3469 2768 3534 plurimas

299 3557 553 3612 hominum
596 3553 927 3619 cogitationes
954 3561 1002 3607 et
1040 3568 1122 3606 res
1148 3557 1352 3618 tutum,
1380 3567 1427 3605 v.
1456 3554 1586 3606 Delr.
1613 3555 1645 3607 l.
1678 3553 1724 3605 t.
1754 3569 1797 3606 c.
1826 3556 1875 3607 2.
1901 3569 1948 3618 q.
1977 3556 2027 3606 2.
2051 3555 2227 3606 Sancti.
2256 3556 2305 3606 2.
2331 3554 2475 3608 Mor.
2495 3567 2600 3619 cap.
2629 3555 2737 3615 28.)
2748 3567 2767 3619 ;

301 3643 627 3697 nibilominus
670 3639 839 3694 illicita
877 3647 967 3706 est,
994 3655 1054 3693 eo
1084 3640 1213 3704 quod
1247 3638 1590 3692 commercium
1618 3641 1856 3691 habeatur
1887 3653 1994 3690 cum
2022 3637 2112 3690 Dei
2138 3637 2298 3690 iurato
2323 3640 2486 3690 hoste:
2515 3631 2769 3702 quod‘im·

299 3736 460 3793 portat
489 3729 747 3794 quandam
774 3725 1097 3792 proditionem
1138 3731 1185 3777 et
1223 3723 1515 3790 apostasiam
1543 3737 1569 3776 a
1602 3724 1706 3776 Deo
1747 3738 1802 3775 ac
1844 3726 1968 3774 {orte
2005 3721 2166 3786 etiam,
2195 3727 2248 3774 ut
2285 3724 2391 3774 vult
2428 3724 2569 3773 Suar.
2597 3728 2765 3775 contra

295 3815 508 3876 Valent..
538 3809 969 3879 superstitionem.
995 3812 1058 3864 V.
1084 3812 1252 3874 Laym.
1281 3824 1323 3862 c.
1352 3810 1400 3863 3.
1428 3810 1546 3862 Bon.
1574 3823 1620 3874 p.
1650 3809 1699 3861 3.
1728 3822 1767 3861 s,
1797 3809 1892 3861 Th.
1921 3808 1969 3859 2.
1997 3810 2045 3859 2.
2073 3821 2119 3872 q.
2148 3806 2232 3859 95.
2263 3821 2307 3858 a.
2339 3807 2385 3858 l.

368 3956 556 4029 333.
603 3983 642 4015 «
671 3954 938 4021 Nomine
971 3954 1392 4031 divinationiS‚
1435 3954 1525 4017 ait
1556 3973 1604 4018 s.
1634 3953 1906 4018 Thomas
1941 3955 2000 4017 2.
2029 3955 2089 4016 2.
2116 3973 2175 4035 q.
2203 3955 2308 4018 95.
2336 3954 2453 4018 art.
2485 3954 2564 4030 1.,
2590 3954 2769 4018 intel-

286 4062 516 4146 ligitur
567 4057 886 4142 quaedam
932 4056 1394 4140 praenuntiatio
1440 4054 1816 4121 futurorum.
1864 4056 2107 4121 Futura
2167 4060 2379 4122 autem
2438 4057 2767 4138 dupliciter

293 4163 624 4246 praenosci
658 4160 956 4245 possunt:
990 4178 1115 4223 uno
1162 4158 1409 4240 quidem
1452 4158 1636 4223 modo
1674 4159 1739 4222 in
1785 4159 1914 4222 suis
1959 4160 2182 4234 causis⁹
2219 4160 2342 4223 alio
2389 4159 2572 4224 modo
2603 4159 2666 4223 in
2700 4177 2763 4224 se

295 4266 444 4350 ipsis
476 4293 544 4329 ».
581 4262 922 4329 Distinctis
954 4280 1136 4345 porro
1168 4262 1370 4325 causis
1399 4261 1462 4324 in
1494 4280 1617 4337 ean,
1643 4280 1803 4343 quae
1833 4281 1911 4324 ea:
1941 4262 2303 4326 necessitate
2335 4279 2480 4326 suos
2513 4262 2763 4327 effectus

282 4369 547 4453 ideoque
586 4386 839 4446 semper
875 4364 1242 4448 producunt,
1281 4364 1345 4426 in
1391 4382 1514 4440 eae,
1553 4382 1710 4444 quae
1759 4381 1905 4427 suos
1952 4363 2200 4428 effeetus
2247 4366 2320 4427 ut
2362 4365 2432 4427 in
2467 4363 2765 4443 pluribus

289 4471 657 4555 producunt
708 4469 770 4533 et
813 4467 880 4532 in
924 4486 1048 4545 eas,
1082 4485 1241 4548 quae
1288 4484 1352 4530 se
1396 4465 1628 4529 habent
1675 4464 1754 4530 ad
1798 4466 2185 4542 utrumlibet,
2221 4466 2495 4530 affirmat
2531 4468 2764 4548 primos

291 4576 548 4639 effectus
599 4589 789 4656 posse
821 4589 962 4634 cum
1008 4568 1376 4634 certitudine
1406 4566 1724 4651 praenosci
1751 4567 1818 4631 in
1864 4566 1994 4631 suis
2031 4567 2254 4645 cauam,
2296 4567 2592 4631 secundos
2625 4568 2764 4648 plus
