3497 5147
358 367 508 445 [446]
1266 379 1516 422 amoma
1557 379 1921 428 Quorupmx
2718 366 2827 420 335

362 481 568 546 factus
599 478 913 562 impudica
943 477 1304 554 intentione,
1338 477 1458 541 dici
1503 478 1711 560 potest
1754 474 2050 539 mentalis
2093 473 2505 555 impudicitia,
2539 476 2826 556 quamvis

365 602 577 647 revera
616 584 935 646 externum
969 584 1179 645 actum
1212 580 1458 644 babeat.

451 681 635 755 446.
675 683 852 748 Unde
898 683 993 760 fit,
1029 685 1103 747 ut
1148 683 1298 746 haec
1346 682 1610 747 simonia
1654 682 1949 747 mentalis
1995 681 2351 765 contingere
2399 682 2596 764 possit
2641 681 2825 746 modo

360 807 437 852 ex
482 806 607 851 una
654 786 904 850 tantum
950 787 1146 867 parte,
1194 785 1380 849 modo
1428 805 1496 848 ex
1545 786 1720 866 parte
1767 785 2122 866 utriusque;
2173 783 2336 865 quod
2393 802 2535 847 cum
2583 783 2825 861 accidit,

362 890 561 954 veluti
614 906 764 952 casu
811 889 874 951 et
920 888 1349 970 contingenter
1396 887 1637 965 accidit,
1687 906 1805 951 non
1858 890 2070 951 autem
2117 905 2188 950 ex
2235 886 2638 950 conventione
2684 905 2828 951 con-

360 991 768 1057 trahentium.
804 988 962 1055 Oum
1010 990 1174 1053 enim
1206 990 1358 1053 haec
1403 990 1668 1054 simonia
1700 1010 1822 1055 non
1871 989 2129 1071 prodeat
2165 990 2229 1053 in
2262 989 2580 1053 externum
2615 991 2826 1053 actum

360 1093 788 1159 conventionis
835 1093 964 1157 sive
1012 1111 1329 1174 expressae
1376 1092 1504 1156 sive
1542 1093 1792 1168 tacitae,
1834 1092 2008 1156 nulla
2057 1091 2231 1156 adest
2277 1090 2553 1155 inductio
2603 1091 2680 1154 ad
2728 1110 2828 1154 ar-

360 1196 672 1282 guendam
717 1214 977 1277 pravam
1022 1194 1430 1259 intentionem
1477 1214 1585 1258 seu
1632 1196 2022 1259 voluntatem
2084 1195 2322 1258 emendi
2370 1195 2483 1258 aut
2528 1194 2823 1257 vendendi

360 1318 492 1362 rem
530 1297 938 1379 spiritualem,
979 1296 1084 1360 sed
1132 1297 1267 1360 sola
1313 1297 1580 1361 exterius
1628 1296 1803 1361 adest
1836 1297 2112 1374 traditio,
2147 1297 2500 1381 gratuitum
2548 1296 2827 1360 animum

358 1420 433 1464 ex
464 1403 729 1482 utraque
761 1399 935 1480 parte
968 1398 1322 1474 ostendens3
1357 1400 1618 1462 intentio
1653 1399 1817 1462 enim
1848 1419 2042 1482 prava
2082 1400 2287 1463 animo
2325 1399 2627 1462 retinetur
2656 1398 2826 1462 ideo-

358 1523 479 1586 que
510 1505 720 1586 potest
750 1521 943 1585 prava
988 1503 1139 1566 haec
1188 1502 1478 1567 voluntas
1525 1521 1653 1565 esse
1699 1502 1764 1565 in
1810 1521 1933 1566 uno
1983 1504 2232 1565 tantum
2275 1502 2387 1565 aut
2424 1501 2569 1578 alic,
2604 1502 2717 1564 aut
2761 1502 2822 1563 in

359 1608 660 1687 utroque3
710 1605 857 1686 quia
904 1605 1212 1690 contingit
1259 1608 1591 1687 utrumque
1623 1624 1753 1669 esse
1792 1624 2073 1687 pravum,
2117 1604 2213 1667 vel
2259 1606 2530 1668 mentem
2569 1604 2825 1667 alterius

357 1709 642 1773 divinare
673 1709 785 1771 aut
817 1707 1116 1790 suspicari
1147 1710 1211 1772 et
1240 1727 1383 1771 cum
1420 1708 1531 1770 illa
1564 1708 1956 1772 conformari.
1997 1706 2222 1771 Suarez
2248 1725 2379 1787 cap.
2406 1707 2513 1769 41.
2539 1727 2600 1769 n.
2628 1707 2688 1769 3.

457 1811 598 1876 Alio
643 1810 825 1875 modo
875 1810 1293 1874 committitur
1338 1810 1603 1874 simonia
1649 1810 1960 1886 mentaliS,
2011 1809 2255 1891 quando
2305 1809 2444 1891 quis
2490 1828 2619 1872 rem
2651 1807 2827 1891 spiri·

364 1916 606 1979 tualem
639 1916 812 1980 alteri
843 1915 1098 1993 confert,
1126 1917 1429 1997 tanquam
1452 1915 2017 1997 compensationem
2049 1934 2122 1978 ex
2145 1915 2388 1979 iustitia
2418 1914 2690 1979 debitam
2715 1934 2824 1996 pro

356 2037 432 2082 re
470 2019 791 2100 temporali
827 2019 1141 2100 accepta...
1176 2037 1284 2082 seu
1331 2019 1462 2081 vice
1508 2037 1685 2081 versa
1732 2018 1978 2099 quando
2027 2018 2165 2099 quis
2214 2017 2396 2081 alteri
2427 2018 2664 2083 confert
2694 2035 2822 2081 rem

352 2120 768 2200 temporalem
799 2121 1101 2202 tanquam
1150 2139 1221 2184 ex
1255 2120 1501 2184 iustitia
1538 2121 1812 2184 debitam
1845 2139 1955 2203 pro
1987 2139 2052 2183 re
2083 2121 2414 2203 spirituali.
2442 2119 2821 2204 Schmalzgr.

354 2222 469 2286 lib.
498 2223 558 2285 5.
586 2222 686 2285 tit.
714 2223 775 2285 3.
801 2221 875 2285 dc
910 2222 1142 2286 Simon.
1172 2243 1230 2286 n.
1260 2223 1364 2285 28.

450 2324 678 2389 Modus
712 2324 872 2388 alius
909 2325 1075 2388 haud
1107 2344 1285 2389 rarus
1325 2326 1437 2388 aut
1468 2324 1651 2390 fictus
1683 2326 2112 2390 committendi
2146 2327 2449 2391 eiusmodi
2493 2325 2822 2391 simoniam

352 2427 627 2493 occurrit
672 2427 737 2490 in
783 2426 913 2502 illo,
964 2427 1071 2508 qui
1123 2447 1263 2490 cum
1311 2430 1495 2491 vacat
1540 2428 1923 2504 beneficium,
1974 2429 2138 2510 quod
2193 2428 2323 2510 ipse
2371 2428 2696 2505 desiderat,
2749 2429 2826 2492 ad

354 2529 722 2594 collatorem
771 2529 873 2593 vel
919 2531 1251 2612 patronum
1298 2530 1535 2595 accedit
1579 2531 1756 2612 eique
1794 2550 1858 2595 se
1889 2531 2282 2597 commendat
2328 2532 2455 2614 (vel
2488 2552 2595 2615 per
2631 2550 2695 2595 se
2727 2533 2824 2597 vel

350 2650 468 2715 per
505 2631 688 2715 alios)
730 2650 841 2715 pro
880 2632 1212 2697 collatione
1242 2632 1341 2696 vel
1378 2635 1872 2714 praesentatione
1898 2635 1974 2698 ad
1999 2635 2361 2699 beneficium
2398 2636 2463 2699 et
2499 2636 2687 2698 simul
2720 2654 2827 2717 per

348 2753 421 2799 se
454 2733 547 2797 vel
589 2753 697 2815 per
732 2733 928 2798 alium
974 2735 1095 2816 ipsi
1142 2735 1322 2799 offert
1352 2738 1587 2799 certam
1626 2737 1902 2817 aliquam
1934 2738 2355 2819 quantitatem
2387 2738 2680 2819 pecuniae
2714 2739 2826 2801 aut

347 2855 468 2899 vas
516 2837 880 2920 argenteum
926 2837 1025 2899 vel
1074 2856 1352 2914 aureum,
1389 2838 1619 2918 absque
1665 2839 1795 2903 ullo
1844 2839 2090 2919 quidem
2138 2842 2320 2922 pacto
2369 2842 2639 2917 externO,
2688 2859 2827 2905 con·

346 2939 590 3003 ditione
638 2940 751 3003 aut
802 2940 1186 3023 obligatione
1232 2943 1476 3005 externe
1527 2942 1813 3023 apposita
1860 2944 1932 3004 ut
1987 2961 2096 3024 pro
2160 2944 2275 3006 tali
2329 2962 2581 3007 munere
2628 2944 2826 3008 eidem

348 3041 634 3105 conferat
684 3040 1064 3117 beneficium,
1100 3042 1216 3105 hac
1260 3044 1470 3107 tamen
1515 3042 2172 3128 internalintentioue,
2213 3046 2332 3110 fine
2380 3048 2444 3109 et
2491 3046 2718 3122 animo,
2754 3049 2827 3110 ut

346 3143 525 3208 illius
574 3144 813 3207 intuitu
865 3144 1230 3207 collatorem
1278 3145 1513 3229 obliget
1548 3147 1644 3209 vel
1693 3149 2024 3229 patronum
2061 3151 2311 3212 moveat
2356 3150 2422 3212 et
2468 3149 2704 3232 obliget
2749 3148 2826 3211 ad

346 3245 793 3310 conferendum
840 3246 960 3309 sibi
1008 3265 1153 3328 prae
1202 3247 1341 3311 aliis
1388 3247 1770 3311 beneficium.
1807 3248 2185 3333 Schmalzgr.
2221 3251 2367 3314 ibid.
2404 3272 2462 3314 u.
2500 3253 2605 3315 29.

443 3348 529 3411 Et
566 3348 689 3412 huc
738 3349 988 3413 omnino
1036 3349 1189 3412 facit
1235 3368 1407 3432 prop.
1449 3351 1556 3413 45.
1609 3349 1906 3415 damnata
1956 3352 2032 3415 ab
2072 3352 2428 3417 Innocentio
2461 3354 2609 3417 XL:
2662 3356 2825 3418 Dare

350 3451 705 3533 temporale
749 3469 860 3532 pro
910 3450 1223 3532 spirituali
1284 3470 1404 3515 uon
1453 3453 1548 3515 est
1610 3453 1894 3531 simonia,
1946 3455 1994 3517 si
2062 3454 2400 3535 temporale
2461 3475 2584 3519 non
2642 3457 2827 3520 datur

348 3556 665 3635 tanquam
698 3554 967 3635 pretium
1014 3554 1119 3618 sed
1166 3556 1469 3635 tanquam
1515 3556 1826 3619 motivum
1858 3557 2206 3621 conferendi
2238 3558 2337 3620 vel
2376 3558 2676 3621 efficiendi
2710 3561 2831 3641 spi-

347 3657 610 3722 rituale.
643 3657 728 3719 Et
759 3659 960 3739 patet:
995 3658 1291 3738 quoniam
1324 3659 1432 3739 qui
1461 3658 1553 3722 ita
1586 3658 1847 3722 inservit
1879 3661 2162 3743 episcopo
2196 3660 2347 3740 (vid.
2383 3679 2518 3742 sup.
2551 3681 2611 3724 n.
2649 3662 2829 3745 248.)

348 3761 453 3825 vel
488 3778 623 3823 rem
673 3760 1075 3841 temporalem
1127 3760 1238 3824 dat
1286 3762 1573 3826 collatori
1621 3764 1734 3825 aut
1772 3765 2054 3844 patrono,
2097 3765 2377 3827 censetur
2415 3764 2530 3827 hac
2568 3784 2631 3827 re
2677 3767 2831 3829 tem-

348 3861 561 3946 porali
610 3860 708 3925 vel
756 3861 1011 3926 servitio
1060 3863 1521 3945 aequivalenter
1557 3883 1758 3927 emere
1791 3865 2060 3929 voluisse
2091 3865 2488 3931 collationem
2525 3867 2623 3932 vel
2654 3886 2831 3951 prae—

348 3965 778 4031 sentationem
819 3965 896 4028 ad
929 3965 1318 4037 beneficium:
1353 3986 1546 4049 neque
1580 3968 1744 4031 enim
1776 3969 2036 4033 inservit
2061 3973 2172 4032 aut
2192 3971 2299 4034 dat
2334 3972 2581 4035 omnino
2607 3973 2826 4056 gratis.

355 4067 544 4148 Quod
575 4067 718 4131 inde
752 4067 1100 4151 colligitur3
1150 4068 1315 4150 quod
1361 4070 1415 4132 si
1459 4089 1567 4153 per
1615 4070 1918 4136 eiusmodi
1965 4073 2220 4136 servitia
2260 4076 2323 4137 et
2368 4093 2623 4137 mimera
2670 4073 2830 4137 tales

352 4194 482 4239 non
512 4174 839 4239 obtineant
863 4174 1027 4255 quod
1057 4174 1423 4252 desiderant,
1460 4177 1677 4241 statim
1709 4181 2122 4263 prorumpunt
2151 4180 2216 4243 in
2239 4199 2561 4245 murmura
2593 4183 2657 4245 et
2687 4200 2831 4245 con-

359 4278 733 4360 queruntur,
777 4294 841 4339 se
874 4276 1029 4339 nihil
1061 4296 1168 4359 per
1201 4297 1270 4342 ea
1320 4278 1586 4343 effecisse
1634 4283 1821 4361 atque
1867 4282 2097 4345 iniuste
2129 4301 2335 4346 secum
2369 4286 2577 4347 actum
2609 4284 2826 4361 fuisse3

359 4400 527 4462 quae
562 4379 818 4461 quidem
864 4398 1185 4444 murmura
1231 4381 1475 4445 nullum
1522 4382 1728 4446 locum
1774 4384 2089 4461 haberent,
2132 4385 2186 4448 si
2232 4384 2325 4447 illi
2375 4385 2668 4466 obsequia
2716 4405 2829 4449 sua

363 4503 437 4547 ac
485 4501 745 4546 munera
796 4482 1167 4547 obtulissent
1214 4484 1462 4548 omnino
1510 4485 1729 4567 gratis.
1763 4484 2066 4549 Schmalz.
2093 4486 2241 4549 ibid.
2277 4508 2336 4549 11.
2364 4488 2468 4550 30.
