3497 5147
986 162 1014 191 0

682 314 792 372 678
907 328 1116 368 rnAcr.
1140 327 1220 369 vr.
1241 325 1403 366 suc-r.
1426 325 1480 366 v.
1502 325 1587 364 mr.
1602 323 1831 371 Quium
1848 322 2068 365 ram
2089 321 2417 363 nmamffl.
2437 320 2572 362 cu.
2602 322 2640 363 1.
2664 321 2806 364 nun.
2826 323 2907 364 ιν.
2994 306 3140 384 [9131

659 445 827 512 gere
857 424 1082 508 posset,
1109 440 1325 505 nempe
1357 422 1457 486 vel
1489 421 1567 485 ob
1599 420 1798 485 solam
1830 419 2235 502 temporalem
2266 419 2488 482 matris
2526 418 2724 483 vitam
2757 419 3143 498 servandam,

684 528 783 592 vel
816 527 893 592 ob
923 525 1311 609 spiritualem
1343 524 1534 608 prolis
1564 524 1836 588 salutem
1867 542 1974 606 per
2003 522 2386 606 baptismum
2422 521 2783 601 curandam,
2812 525 2923 587 aut
2955 522 3148 587 etiam

686 630 765 695 ob
796 631 1132 710 utrumque
1168 628 1333 692 hunc
1362 626 1552 691 simul
1584 625 1789 690 finem.

773 731 1031 813 Insuper
1054 728 1246 793 etiam
1268 727 1515 810 quando
1539 726 1881 792 remedium
1903 745 2010 810 per
2032 744 2097 790 se
2120 743 2243 791 non
2267 724 2484 789 tendat
2510 723 2588 789 ad
2610 725 2900 790 morbum
2921 726 3146 791 matris

684 831 1045 907 curandum,
1079 830 1183 895 sed
1216 830 1421 895 solum
1452 829 1529 894 ad
1563 831 1816 912 partum
1846 828 2158 893 maturius
2191 826 2613 904 obtinendum,
2641 826 2898 892 abortus
2929 828 3150 893 nihilo-

685 935 893 999 minus
929 934 1053 997 alio
1084 950 1269 997 sensu
1290 931 1519 996 directe
1550 931 1649 996 vel
1677 930 1978 995 indirecte
2009 930 2330 1011 quaesitus
2363 929 2575 994 haberi
2605 929 2834 1012 potest,
2868 932 3148 1013 spectata

685 1036 921 1102 scilicet
965 1054 1089 1101 non
1133 1033 1444 1098 materiali
1488 1034 1729 1097 ratione
1778 1032 2157 1097 accelerandi
2199 1034 2472 1115 partum,
2511 1032 2618 1096 sed
2662 1032 2990 1097 voluntate
3038 1051 3147 1098 seu

685 1137 1027 1203 intentione
1074 1136 1405 1219 operantis.
1441 1135 1619 1215 Quod
1655 1136 1819 1199 enim
1866 1135 2002 1198 DD.
2037 1153 2180 1199 cum
2225 1153 2276 1198 s.
2311 1134 2552 1199 Thoma
2596 1135 3010 1199 communiter
3044 1135 3150 1198 ha·

687 1240 855 1315 bent,
893 1238 1112 1302 iniusti
1148 1238 1531 1321 aggressoris
1560 1239 1828 1301 mortem
1859 1237 1925 1301 in
1955 1237 2123 1301 iusta
2169 1236 2517 1302 defensione
2550 1237 2799 1301 tantum
2847 1236 3149 1301 indirecte

688 1340 883 1422 sequi,
916 1341 1241 1422 propterea
1275 1339 1440 1420 quod
1488 1339 1721 1403 directa
1755 1340 2041 1404 occisoris
2087 1339 2351 1404 intentio
2383 1340 2592 1405 solum
2628 1340 2693 1403 in
2723 1341 3038 1423 propriam
3068 1340 3150 1405 fe-

687 1443 867 1507 ratur
911 1440 1344 1518 defensionem,
1390 1441 1552 1506 alter
1605 1459 1750 1508 vero
1797 1440 2068 1518 effectus,
2118 1460 2288 1506 mors
2350 1460 2567 1524 nempe
2616 1443 3018 1526 aggressoris,
3065 1443 3151 1507 sit

688 1545 933 1628 praeter
962 1543 1370 1607 intentionem
1401 1544 1465 1607 et
1495 1563 1601 1627 per
1633 1543 1944 1620 accidens;
1980 1543 2042 1607 id
2075 1544 2278 1626 ipsum
2325 1543 2534 1608 locum
2582 1543 2805 1608 habere
2844 1545 3051 1627 potest
3086 1546 3150 1609 in

689 1650 908 1731 partus
940 1646 1399 1724 acceleratione,
1432 1646 1678 1729 quando
1711 1646 1948 1712 scilicet
1993 1647 2285 1711 voluntas
2316 1665 2438 1711 non
2475 1647 2539 1711 in
2588 1647 2929 1730 temporale
2960 1647 3151 1730 prolis

690 1749 1008 1826 damnum,
1056 1748 1221 1831 quod
1267 1768 1374 1831 per
1420 1748 1698 1814 accidens
1743 1749 2026 1831 sequitur
2071 1750 2134 1812 et
2180 1748 2424 1831 praeter
2467 1748 2896 1826 intentionem,
2936 1749 3044 1814 sed
3089 1750 3151 1814 in

691 1852 885 1917 alium
918 1852 1102 1916 finem
1133 1850 1363 1915 directe
1395 1851 1614 1917 tendit.

783 1949 938 2024 813.
990 1954 1057 2016 7⁰
1101 1952 1380 2035 Denique
1429 1953 1505 2018 ad
1548 1952 1888 2019 faciliorem
1937 1953 2313 2018 solutionem
2361 1953 2714 2035 propositae
2769 1954 3153 2035 quaestionis

690 2054 1031 2139 plurimum
1078 2054 1354 2137 proderit
1395 2054 1552 2120 illud
1599 2056 1936 2131 advertere,
1985 2055 2149 2137 quod
2197 2055 2481 2138 superius
2527 2056 2864 2133 innuimus,
2912 2057 3156 2122 contro—

692 2156 961 2221 versiam
990 2156 1064 2221 de
1102 2159 1318 2239 partus
1356 2158 1796 2222 acceleratione
1834 2159 2252 2240 (quocumque
2282 2157 2466 2222 modo
2501 2161 2893 2242 procuretur)
2924 2178 3049 2224 non
3079 2178 3149 2224 eo

692 2260 987 2343 spectare,
1022 2278 1102 2323 an
1131 2259 1319 2323 liceat
1348 2259 1584 2342 prolem
1615 2260 1750 2324 vita
1779 2260 2041 2343 privare,
2082 2260 2188 2323 sed
2219 2260 2429 2342 potius
2460 2278 2783 2342 quousque
2828 2262 3031 2325 mater
3067 2264 3154 2326 te»

691 2363 915 2426 neatur
946 2361 1022 2426 ad
1054 2362 1251 2425 vitam
1305 2362 1464 2445 proli
1511 2362 1980 2427 custodiendam
2026 2380 2099 2425 ac
2128 2361 2612 2426 conservandam
2644 2362 2758 2445 (a).
2794 2361 2931 2442 Qua
2976 2364 3041 2427 in
3086 2383 3153 2429 re

691 2463 908 2545 utique
952 2464 1115 2528 ratio
1162 2464 1443 2529 habenda
1488 2467 1585 2530 est
1620 2483 1742 2528 non
1781 2465 1988 2528 solum
2032 2464 2340 2547 generalis
2388 2464 2810 2548 obligationiS,
2844 2482 3030 2546 quam
3068 2466 3150 2528 ab

695 2566 981 2634 omnibus
1012 2567 1241 2632 caritas
1272 2566 1466 2651 exigit
1494 2567 1656 2632 circa
1687 2567 1956 2633 aliorum
1994 2566 2193 2631 vitam
2224 2564 2520 2631 tuendam
2549 2585 2746 2648 neque
2785 2566 2986 2631 solum
3018 2585 3153 2650 spe-

693 2669 868 2735 cialis
894 2669 1295 2755 obligationis
1318 2672 1644 2753 parentum
1669 2689 1818 2755 erga
1841 2670 2023 2744 filios,
2044 2669 2150 2733 sed
2174 2669 2365 2734 etiam
2390 2668 2580 2734 officii
2604 2669 2960 2753 singularia,
2985 2669 3151 2751 quod

693 2773 960 2837 matrem
991 2772 1250 2857 obligat,
1284 2774 1502 2856 utpote
1532 2774 1631 2838 cui
1679 2773 2078 2856 potissimum
2108 2772 2335 2836 natura
2372 2772 2532 2835 hanc
2570 2791 2785 2836 curam
2815 2772 3149 2837 commisit.

695 2872 987 2955 Superest
1005 2874 1408 2940 nihilominus
1431 2875 1886 2958 inquirendum,
1906 2893 2229 2956 quousque
2252 2873 2405 2938 haec
2425 2892 2493 2938 se
2517 2873 2821 2958 obligatio
2848 2875 3146 2959 porrigat,

693 2995 815 3042 non
846 2995 1021 3043 secus
1053 2997 1124 3042 ac
1160 2979 1391 3061 inquiri
1435 2980 1662 3063 potest,
1704 2996 2026 3059 quousque
2064 2976 2276 3060 urgeri
2320 2978 2510 3058 queat
2557 2976 2860 3061 obligatio
2908 2977 3147 3053 matris,

691 3103 768 3149 ne
812 3083 1131 3161 infantem,
1171 3105 1356 3167 quem
1402 3086 1566 3150 ulnis
1612 3085 1794 3169 gerit,
1829 3104 1862 3148 e
1907 3084 2193 3149 manibus
2241 3082 2524 3149 dimittat
2574 3085 2639 3148 in
2686 3084 2884 3149 undas
2931 3085 3045 3149 aut
3087 3084 3152 3148 in

690 3188 1058 3252 barathrum
1096 3189 1347 3271 aliquod
1392 3189 1849 3271 prolapsurum,
1884 3188 1996 3250 aut
2025 3187 2089 3250 in
2137 3187 2366 3269 ignem,
2397 3186 2818 3272 conflagrante
2855 3187 3063 3260 domo,
3110 3205 3148 3250 a

690 3308 813 3371 quo
859 3294 1126 3371 nequeat
1173 3311 1236 3356 se
1273 3292 1475 3354 mater
1520 3289 1770 3372 eripere,
1811 3289 1931 3354 nisi
1961 3308 1993 3353 e
2025 3289 2313 3353 manibus
2360 3289 2615 3354 dimisso
2665 3288 2938 3354 infante:
2988 3289 3151 3371 quod

690 3392 939 3474 quidem
983 3394 1048 3457 in
1078 3394 1243 3458 idem
1271 3392 1509 3469 recidit,
1545 3412 1616 3457 ac
1660 3392 1715 3457 si
1762 3394 2118 3474 quaeratur,
2154 3411 2232 3456 an
2265 3394 2331 3457 et
2366 3410 2671 3473 quaenam
2720 3392 2930 3457 adesse
2960 3394 3150 3474 queat

688 3496 857 3562 iusta
889 3515 1096 3572 causa,
1124 3496 1373 3578 propter
1396 3514 1586 3577 quam
1608 3497 1811 3560 mater
1841 3495 2010 3560 licite
2041 3514 2078 3559 a
2114 3495 2248 3560 vita
2277 3495 2468 3577 prolis
2500 3494 2908 3560 custodienda
2932 3496 3150 3560 cesset.

782 3595 937 3670 814.
972 3598 1069 3663 Ad
1100 3599 1258 3664 hanc
1293 3619 1475 3683 porro
1522 3600 1868 3684 generatim
1904 3597 2262 3664 solvendam
2308 3598 2736 3679 quaestionem
2769 3617 2842 3663 ea
2890 3597 3146 3676 faciunt,

689 3721 846 3784 quae
892 3722 1002 3766 ceu
1049 3702 1361 3784 quoddam
1420 3702 1793 3785 principium
1841 3701 2070 3765 statuit
2117 3699 2297 3765 Card.
2346 3699 2527 3785 Lugo
2576 3702 2651 3765 de
2695 3699 2857 3765 Just.
2908 3706 2970 3765 et
3011 3700 3150 3765 Iur.

687 3803 842 3884 disp.
888 3804 989 3867 10.
1015 3825 1075 3867 11.
1108 3806 1276 3881 133„
1312 3805 1419 3869 ubi
1451 3804 1698 3868 scribit:
1734 3802 1957 3868 Mater
1992 3823 2121 3867 non
2153 3806 2394 3867 tenetur
2423 3824 2563 3868 cum
2595 3806 2769 3868 tanto
2805 3805 2970 3868 vitae
3000 3823 3151 3868 suae

776 4041 841 4095 (a)
869 4039 939 4084 Ut
967 4039 1103 4083 enim
1129 4038 1356 4083 advertit
1382 4052 1580 4095 quoque
1610 4042 1738 4095 Aug.
1762 4039 2051 4084 Lehmkuhl
2077 4040 2247 4084 Theoi.
2267 4040 2472 4083 Mor-alis
2493 4041 2552 4084 V.
2577 4042 2618 4084 Ι.
2639 4054 2686 4096 p.
2706 4040 2802 4087 499.
2832 4041 2909 4085 ed.
2931 4055 3015 4085 an.
3032 4043 3155 4087 loess.

695 4127 715 4148 e
734 4108 945 4160 Quando
973 4110 1137 4151 mater
1155 4107 1209 4150 in
1230 4108 1481 4160 praesenti
1510 4109 1648 4151 vitae
1676 4106 1970 4151 discrimine
1999 4110 2246 4160 versatur,
2272 4107 2405 4162 quod
2434 4106 2588 4151 aliter
2619 4107 2810 4151 auferri
2839 4109 3036 4164 nequit,
3055 4109 3157 4152 niti

690 4174 956 4218 immaturi
982 4173 1150 4217 foetus
1177 4173 1434 4228 amotione,
1465 4175 1686 4230 adeoque
1715 4174 1896 4216 abortu
1923 4176 2044 4215 actu
2073 4173 2374 4226 inducendo,
2404 4185 2506 4228 quo
2533 4172 2607 4227 fit,
2633 4177 2695 4217 ut
2719 4174 2900 4229 foetus,
2918 4175 3157 4229 quamvi-

690 4242 839 4284 vivus
868 4240 922 4283 ln
951 4241 1119 4283 lucem
1147 4239 1330 4295 editus,
1360 4241 1501 4284 brevi
1526 4241 1685 4284 emori
1714 4240 1912 4291 debeat,
1931 4240 2085 4283 multi
2105 4241 2162 4284 id
2184 4240 2468 4295 aequaliter
2486 4241 2731 4284 illicitum
2762 4253 2868 4285 enee
2882 4245 3070 4297 putant
3097 4254 3159 4286 ιο

686 4307 849 4350 foetus
876 4306 1123 4349 directam
1150 4306 1447 4350 occisionem
1470 4319 1481 4347 ε
1505 4306 1619 4349 aliis
1650 4309 1824 4349 autem
1844 4306 1896 4348 id
1918 4318 2018 4349 nou
2040 4307 2246 4350 videtur
2272 4307 2468 4351 dlx-eota
2486 4307 2683 4360 occisio,
2707 4308 2793 4351 sed
2811 4308 2989 4351 modu·
3007 4308 3159 4352 valdo

683 4372 939 4417 diversus:
962 4383 1121 4426 quum
1150 4377 1313 4416 mater
1341 4373 1658 4417 solummodo
1678 4384 1781 4415 uon
1798 4373 2016 4426 amplius
2033 4386 2056 4416 s
2071 4379 2216 4418 ervet.
2235 4374 2505 4429 infantem,
2525 4377 2614 4418 sed
2635 4386 2768 4425 eum,
2790 4375 2981 4418 laxatis
2999 4373 3156 4430 fibris,

685 4451 747 4482 ex
778 4441 920 4480 utero
948 4438 1078 4481 elabi
1107 4439 1243 4483 eluat
1272 4443 1427 4494 atque
1456 4439 1529 4482 ita
1562 4439 1726 4492 perire
1757 4439 2027 4491 permittat
2049 4457 2089 4484 ι.
2111 4439 2180 4484 Et
2205 4442 2363 4495 paulo
2390 4446 2512 4484 ante
2540 4441 2602 4484 de
2633 4441 2806 4484 eadem
2839 4453 2895 4484 re
2921 4441 3156 4486 dix-rate

695 4523 713 4544 ι
733 4509 783 4548 in
799 4505 892 4549 hoo
912 4519 1031 4552 casu
1051 4507 1139 4550 vix
1159 4508 1319 4562 magis
1338 4507 1436 4550 erit
1455 4505 1650 4548 directa
1663 4505 1873 4548 abortus
1896 4507 2190 4560 procuratio
2207 4520 2359 4551 aenou
2380 4507 2662 4562 theologioo
2684 4506 2736 4550 h.
2753 4519 2796 4550 e.
2812 4517 2944 4561 quae
2972 4508 3160 4552 morali

684 4584 835 4617 seusu
845 4573 912 4616 ult
926 4573 1089 4618 foetus
1102 4575 1295 4627 occisio,
1309 4584 1465 4627 quam
1480 4572 1535 4615 in
1546 4572 1812 4627 naufragio
1823 4572 2056 4618 tabulam
2072 4575 2235 4618 amieo
2250 4574 2425 4619 cedere
2440 4578 2519 4618 est·
2532 4573 2728 4617 directa
2746 4574 2826 4616 sui
2839 4572 3022 4616 οοοίιίο
3037 4590 3080 4617 ο.
3094 4574 3159 4618 Ε.
