3497 5147
384 316 531 392 [464]
1295 332 1567 375 3111101113.
1604 334 1981 376 srrpnnmuu
2737 321 2847 376 351

383 449 583 511 neque
617 429 784 494 enim
808 429 909 494 hic
931 428 1108 494 labor
1132 429 1453 512 quidpiam
1483 430 1727 513 proficit
1753 430 1984 513 absque
2007 431 2217 496 fructu
2247 432 2591 517 spiritualis
2625 434 2843 517 operis.

377 530 514 611 Quo
563 532 806 614 spectat
851 531 1009 596 illud
1062 531 1216 596 iuris
1263 529 1557 596 Canonici
1604 552 1737 596 can.
1788 530 1862 596 Si
1908 534 2050 614 quis
2095 534 2401 614 obiecerit,
2454 536 2512 598 7.
2561 555 2729 600 caus,
2784 538 2841 602 1.

373 637 621 717 quaest.
670 635 768 698 3.:
809 658 846 693 ⁴:
869 633 1161 716 Quisquis
1208 634 1430 699 horum
1479 634 1745 699 aliorum
1793 635 2023 713 vendit,
2073 637 2203 700 sine
2249 656 2373 719 quo
2419 657 2529 702 nec
2575 639 2843 705 alterum

373 738 682 820 provenit,
717 739 1012 802 neutrum
1048 737 1434 803 invenditum
1473 737 1846 820 derelinquit
1876 763 1937 801 ».
1972 737 2190 823 Laym.
2230 739 2378 804 ibid.

462 834 645 909 464.
695 838 898 905 Solvit
944 841 1370 923 quaestionem
1415 840 1737 925 Laymann
1784 841 2091 906 redeundo
2139 841 2217 906 ad
2263 862 2354 922 ea,
2389 863 2548 926 quae
2585 847 2844 928 praemi-

371 942 573 1006 simus
604 944 668 1007 et
698 941 787 1006 sic
817 942 1197 1007 conciliando
1236 943 1509 1007 diversas
1541 943 1901 1008 sententias.

462 1044 789 1124 Existimo,
838 1045 1046 1126 inquit
1076 1066 1133 1109 n.
1176 1046 1304 1122 42„
1341 1046 1640 1109 Doctores
1677 1045 1743 1109 in
1774 1065 1840 1110 re
1870 1046 2025 1129 ipsa,
2059 1049 2250 1112 sacris
2283 1046 2638 1115 Canonibus
2685 1052 2840 1118 satis

371 1147 649 1227 definita,
683 1168 807 1214 non
830 1148 1152 1213 dissentire
1187 1167 1257 1212 ac
1286 1148 1466 1212 facile
1514 1149 1829 1214 conciliari
1860 1168 2059 1232 posse,
2092 1151 2146 1216 si
2183 1151 2447 1229 dicatur,
2490 1153 2657 1234 quod
2704 1174 2842 1238 ope-

368 1250 535 1315 ratio
574 1252 639 1315 31
685 1251 863 1315 labor
898 1251 1171 1334 corporis
1201 1251 1264 1314 in
1297 1250 1728 1334 spiritualibus
1768 1251 2127 1317 ministeriis
2164 1253 2243 1317 ad
2273 1254 2532 1319 alterius
2563 1257 2839 1340 gratiam

367 1351 887 1435 voluntatemque
931 1353 1275 1436 susceptus,
1315 1353 1557 1417 duobus
1602 1352 1803 1417 modis
1842 1355 2049 1436 potest
2094 1355 2499 1420 considerari:
2535 1358 2632 1421 vel
2669 1358 2736 1422 1⁰
2771 1359 2838 1422 in

368 1453 583 1519 ordine
616 1455 694 1520 ad
727 1474 883 1539 opus
913 1455 1256 1538 spirituale,
1293 1455 1390 1519 vel
1424 1457 1493 1518 2⁰
1524 1455 1862 1520 secundum
1900 1457 2248 1539 genericam
2294 1458 2603 1523 rationem
2635 1461 2835 1543 operis

365 1557 484 1622 aut
519 1557 761 1623 servitii
790 1558 856 1621 in
889 1558 1146 1622 alterius
1177 1558 1449 1642 gratiam
1482 1558 1789 1641 praestiti.

460 1658 813 1724 Secundum
844 1660 1112 1742 priorem
1134 1659 1707 1737 considerationem,
1742 1679 1885 1723 cum
1917 1680 1964 1724 s.
1992 1661 2233 1725 Thoma
2265 1662 2328 1724 et
2359 1663 2672 1727 communi
2695 1665 2830 1728 DD.

364 1761 677 1827 sententia
723 1761 1057 1827 tenendum
1102 1764 1216 1840 est,
1266 1780 1376 1845 pro
1422 1762 1634 1826 labore
1680 1763 2004 1845 corporali,
2055 1783 2160 1845 per
2207 1782 2270 1827 se
2317 1764 2644 1829 coniuncto
2692 1785 2833 1830 cum

370 1863 686 1946 spirituali
719 1863 1083 1942 ministeriO,
1122 1864 1394 1947 pretium
1430 1883 1551 1928 non
1584 1882 1764 1947 posse
1797 1864 2018 1947 accipi3
2054 1865 2201 1945 quia
2240 1865 2624 1931 aestimanda
2671 1870 2834 1933 esset

363 1968 507 2051 ipsa
539 1967 807 2053 dignitas
839 1970 1027 2050 atque
1057 1969 1302 2033 utilitas
1335 1968 1667 2033 functionis
1705 1968 2069 2051 spiritualis.

457 2069 808 2136 Secundum
832 2072 1045 2136 autem
1077 2072 1339 2135 alteram
1370 2070 1924 2135 considerationem
1955 2070 2280 2135 dicendum
2304 2073 2417 2150 est,
2452 2072 2616 2154 quod
2649 2074 2833 2138 eccle-

359 2174 635 2239 siasticis
667 2173 991 2251 ministriS,
1018 2175 1343 2257 propterea
1374 2173 1539 2255 quod
1561 2174 1625 2238 in
1658 2174 2090 2256 spiritualibus
2125 2175 2410 2256 occupati
2433 2177 2582 2239 sunt
2604 2175 2668 2239 in
2692 2196 2832 2260 gra·

358 2278 521 2342 tiam
554 2276 850 2354 fidelium,
884 2296 957 2342 ex
991 2277 1238 2341 iustitia
1275 2275 1613 2341 debeantur
1644 2276 2034 2360 temporalia,
2066 2294 2190 2340 non
2221 2277 2297 2340 ut
2326 2277 2598 2359 pretium
2629 2279 2830 2361 operis

357 2381 730 2464 spiritualia
771 2381 875 2445 sed
914 2381 991 2445 ad
1024 2380 1543 2445 sustentationem
1574 2380 1760 2444 vitae.
1796 2378 1954 2444 Cum
1994 2379 2158 2443 enim
2206 2379 2491 2444 omnibus
2523 2382 2662 2445 aliis
2695 2402 2831 2466 ope-

358 2484 646 2549 rantibus
679 2483 758 2548 ad
790 2483 1050 2548 alterius
1097 2484 1490 2548 voluntatem
1536 2481 1743 2546 debita
1774 2481 1858 2546 sit
1889 2482 2022 2546 iure
2053 2480 2330 2546 naturali
2359 2484 2701 2548 necessaria
2733 2504 2831 2549 su-

358 2588 680 2665 stentatio,
730 2606 840 2651 cur
885 2606 1007 2652 non
1056 2586 1247 2650 etiam
1283 2586 1429 2663 11113,
1471 2586 1580 2667 qui
1613 2587 1994 2668 occupantur
2029 2585 2094 2649 in
2130 2584 2493 2650 ministeriis
2538 2587 2830 2669 spiritua-

352 2690 524 2757 libus
541 2695 572 2757 P

449 2794 610 2875 Quia
640 2797 853 2860 tamen
890 2795 1266 2859 sustentatio
1296 2794 1423 2858 ista
1453 2812 1574 2857 non
1607 2795 2144 2858 commensuratur
2175 2795 2374 2860 valori
2405 2795 2730 2879 dignitatis
2763 2798 2828 2862 et

356 2898 631 2963 utilitati
664 2899 863 2982 operis
893 2898 1230 2963 secundum
1254 2897 1566 2981 propriam
1592 2896 1938 2978 specificam
1971 2897 2276 2962 rationem
2299 2917 2498 2976 suam,
2533 2899 2669 2963 ideo
2702 2919 2825 2966 non

356 3003 571 3084 potest
616 3000 915 3085 appellari
939 3001 1218 3081 pretium
1248 3001 1377 3064 sive
1408 2998 1762 3064 aestimatio
1807 2999 2004 3082 operis
2036 3000 2155 3064 nisi
2187 3001 2520 3084 improprie
2568 3003 2631 3065 et
2678 3002 2826 3066 abu-

353 3104 522 3179 sive3
559 3104 831 3187 pretium
860 3103 1058 3188 igitur
1089 3103 1420 3186 improprie
1466 3102 1722 3180 dicetur,
1764 3104 1840 3166 ut
1869 3102 2252 3186 significetur
2287 3105 2403 3168 hoc
2450 3103 2614 3168 idem
2659 3105 2824 3186 quod

353 3210 451 3272 331
502 3225 733 3271 merces
771 3226 879 3271 seu
910 3206 1256 3289 praemium
1292 3205 1571 3269 debitum
1618 3205 1901 3288 operanti
1937 3206 2082 3269 licet
2120 3225 2242 3271 non
2291 3206 2628 3271 secundum
2664 3225 2825 3272 com·

352 3310 885 3376 mensurationem
910 3310 1130 3393 operiS,
1157 3328 1278 3374 non
1300 3327 1475 3373 secus
1501 3328 1572 3372 ac
1594 3309 1726 3372 vita
1753 3310 2001 3373 aeterna
2025 3308 2252 3373 dicitur
2283 3328 2512 3373 merces
2547 3328 2820 3392 operum,

351 3412 504 3476 licet
526 3412 641 3476 illa
662 3412 813 3475 haec
834 3411 1079 3475 infinito
1103 3410 1433 3475 intervallo
1459 3411 1728 3486 excedat,
1757 3411 1852 3474 uti
1877 3411 2121 3475 notavit
2145 3411 2336 3474 etiam
2362 3430 2410 3474 3.
2437 3410 2656 3475 Τ110111.
2679 3414 2738 3477 2.
2761 3415 2821 3477 2.

351 3536 415 3597 q.
462 3516 611 3579 100.
645 3515 786 3579 311..
822 3517 883 3579 2.
920 3513 1015 3578 ad.
1051 3516 1113 3578 3.

444 3616 530 3680 Et
562 3617 678 3681 hoc
709 3635 893 3681 sensu
926 3615 1208 3699 (Numer.
1243 3616 1479 3680 XVIII.
1516 3615 1653 3698 31.)
1685 3613 1954 3678 decimae
1992 3615 2284 3681 dicuntur
2330 3613 2683 3699 assignatae
2714 3614 2824 3680 Le-

353 3721 526 3797 vitis,
578 3739 691 3784 ceu
726 3720 1006 3801 pretium
1038 3740 1162 3799 pro
1208 3719 1559 3783 ministerio
1606 3719 1670 3782 et
1717 3717 1881 3801 apud
1929 3718 2075 3784 Luc.
2114 3720 2192 3783 X.
2228 3719 2456 3788 dicitur
2500 3719 2825 3799 operarius

350 3824 592 3905 diynus
634 3822 906 3887 mercede
935 3840 1072 3886 sua.
1106 3821 1324 3907 Laym.
1357 3821 1505 3885 ibid.

444 3924 554 3990 Sin
587 3942 735 3988 vero
767 3923 1061 3989 mercedis
1085 3943 1306 3990 nomen
1333 3924 1545 3989 stricte
1571 3924 1930 4008 accipiatur,
1966 3925 2039 3987 ut
2067 3923 2231 3989 idem
2255 3925 2338 3990 sit
2371 3946 2442 3990 ac
2465 3926 2820 3991 aestimatio

354 4028 560 4112 operis
593 4045 704 4091 scu
750 4026 1041 4109 pretium,
1075 4026 1429 4111 negandum
1466 4028 1579 4105 est,
1619 4046 1730 4111 pro
1763 4025 2108 4092 ministerio
2141 4026 2453 4110 spirituali
2490 4048 2625 4092 eam
2659 4028 2822 4112 exigi

353 4149 556 4214 posse.
605 4128 726 4194 Sed
782 4129 1121 4195 rectissime
1168 4129 1415 4205 dicitur,
1472 4129 1885 4195 ecclesiastico
1931 4128 2217 4193 ministro
2265 4129 2400 4193 dari
2445 4129 2821 4213 stipendium

355 4232 873 4308 sustentationi83
922 4232 1065 4313 quia
1116 4232 1303 4297 datur
1347 4253 1485 4295 cum
1530 4230 1893 4298 habitudine
1938 4230 2026 4295 ad
2053 4251 2397 4310 personam
2447 4236 2820 4312 operantem,

353 4338 665 4418 quatenus
702 4334 892 4419 digna
940 4335 1034 4399 331
1079 4354 1170 4412 33,
1212 4336 1323 4399 3111
1361 4354 1431 4399 33
1478 4335 1734 4419 indiget,
1770 4333 2172 4399 consideratis
2219 4332 2633 4415 qualitatibus
2663 4355 2722 4399 v.
2757 4356 2819 4420 g.

353 4439 595 4523 generis
641 4437 994 4513 nobilitate,
1042 4437 1341 4514 doctrina,
1390 4437 1621 4514 studi0,
1668 4437 1995 4521 dignitate,
2043 4435 2362 4501 laboribus
2400 4435 2665 4501 assiduis
2704 4437 2819 4500 etc.

353 4540 515 4607 Nam
563 4541 751 4606 sicuti
799 4541 857 4605 si
902 4540 1040 4622 quis
1086 4540 1526 4616 constituatur,
1574 4539 1682 4620 qui
1729 4538 1808 4602 ad
1840 4538 2230 4602 voluntatem
2278 4537 2534 4602 alterius
2580 4537 2823 4601 laboret
