3497 5147
732 355 838 410 552
1064 373 1275 414 macr.
1296 372 1373 412 vx.
1395 372 1559 414 sno‘r.
1582 373 1670 412 111.
1691 374 1777 412 Dm
1800 371 2025 412 ‘mn-mo
2051 372 2267 414 PnAnc.
2295 371 2624 413 DDCALOGI.
2648 372 2790 414 nnn.
2819 372 2856 412 1.
3054 357 3200 433 [738]

731 468 1101 552 scapularia,
1138 470 1442 555 imagines
1482 488 1705 546 cereaS‚
1747 469 1928 534 flores
1977 468 2331 533 artificiales
2364 469 2512 543 etc.;
2562 469 2708 550 quia
2754 468 2818 533 in
2866 488 2986 533 usu
3032 488 3200 534 com-

728 572 903 635 muni
950 573 1100 637 haec
1149 574 1480 638 servilibus
1530 575 1945 639 accensentur.
1982 571 2301 647 Attamen,
2355 570 2577 652 inquit,
2612 589 2755 634 cum
2802 570 2911 635 isti
2957 570 3199 636 labores

726 675 789 736 et
838 674 946 738 alii
993 675 1227 740 similes
1260 676 1587 740 leviusculi
1620 675 1747 739 sint
1770 694 1879 739 nec
1913 675 2189 738 animum
2215 673 2394 737 valde
2419 675 2718 755 occupent
2749 692 2945 755 neque
2975 692 3194 757 corpus

725 775 1062 841 admodum
1109 776 1475 862 defatigent,
1510 778 1686 842 iuxta
1735 778 1943 861 plures
1976 777 2257 859 permitti
2289 778 2569 859 possunt,
2589 771 2788 840 'modo
2826 774 3000 839 azera
3035 777 3195 841 duas

724 875 914 940 horas
958 897 1088 941 non
1111 880 1564 958 producantur
1610 904 1670 942 ».
1710 879 1852 943 Non
1900 878 2428 954 contradicemus3
2479 880 2546 941 at
2592 878 2864 942 rationes
2916 878 2983 941 1⁰
3028 879 3193 960 quod

723 997 846 1042 non
911 978 1276 1065 defatigent,
1329 980 1398 1043 2⁰
1444 981 1609 1062 quod
1671 1000 1794 1045 non
1859 981 2158 1064 occupent
2223 981 2520 1056 animum,
2571 979 2718 1061 quid
2765 979 3022 1044 valent?
3069 980 3189 1044 De—

722 1078 865 1143 inde
913 1082 983 1142 30
1020 1082 1074 1146 si
1120 1100 1243 1147 non
1292 1085 1387 1147 est
1432 1084 1671 1160 servile,
1708 1103 1818 1148 cur
1849 1103 1971 1148 non
2003 1084 2149 1147 licet
2176 1082 2343 1147 ultra
2390 1081 2546 1147 duas
2579 1083 2813 1146 horas?
2844 1082 2926 1147 Et
2962 1082 3017 1146 si
3063 1101 3188 1146 ser-

723 1183 847 1246 vile
895 1186 1009 1261 est,
1066 1202 1176 1249 cur
1226 1185 1409 1267 culpa
1464 1187 1652 1262 caret,
1700 1185 1856 1250 duas
1915 1187 2100 1250 horas
2145 1184 2535 1267 impendere?
2589 1184 2754 1269 Ergo
2804 1184 2881 1248 ad
2942 1202 3186 1249 sensum

723 1284 1003 1348 fidelium
1049 1305 1158 1351 seu
1204 1288 1712 1352 consuetudinem
1759 1288 2194 1353 recurrendum
2241 1288 2378 1352 erit.

834 1410 921 1462 xl.
948 1412 1096 1476 Resp.
1124 1413 1172 1465 2.
1201 1411 1530 1465 prohibentur
1570 1418 1822 1478 praeterea
1861 1413 2098 1477 quaedam
2138 1426 2287 1477 opera
2320 1424 2416 1465 non
2454 1411 2671 1474 servilia,
2699 1426 2823 1478 quae
2862 1411 3085 1466 dicuntur
3120 1416 3187 1464 ro·

726 1494 904 1558 rensia,
940 1503 993 1549 ut
1018 1504 1130 1549 sunt
1155 1503 1416 1561 mercatus,
1448 1496 1696 1563 placitum,
1721 1496 1955 1550 iudicium
1994 1499 2055 1550 ad
2096 1504 2302 1550 mortem
2342 1500 2419 1550 vel
2462 1511 2666 1563 poenam
2693 1504 2742 1551 et
2768 1496 3006 1564 strepitus
3030 1497 3188 1551 omnis

724 1578 988 1647 iudicialiS,
1015 1580 1146 1634 idest
1181 1581 1414 1644 actiones,
1440 1596 1565 1648 quae
1593 1584 1653 1635 ad
1679 1581 1975 1635 decisionem
2004 1596 2263 1635 causarum
2292 1589 2389 1635 tam
2417 1581 2651 1644 civilium,
2679 1597 2822 1649 quam
2855 1581 3187 1644 criminalium,

725 1671 822 1717 tam
850 1665 1162 1728 secularium,
1190 1680 1334 1732 quam
1361 1666 1803 1721 ecclesiasticarum
1831 1674 2069 1732 spectant.
2096 1667 2161 1720 lta
2190 1681 2433 1720 commun.
2464 1667 2572 1721 DD.
2600 1682 2658 1720 ex
2688 1681 2794 1734 cap.
2823 1670 2872 1720 2.
2900 1665 2965 1721 de
2992 1665 3186 1721 Feriis.

988 1827 1091 1893 De
1136 1829 1421 1911 quibusd.
1471 1829 1759 1910 operibus
1804 1830 1941 1892 iure
1975 1830 2244 1909 positivo
2289 1828 2550 1909 speciali
2571 1828 2930 1909 prohibitis.

810 1980 987 2053 738.
1039 1985 1334 2051 Actiones
1382 1988 1776 2051 enumeratas
1809 1985 1996 2048 habes
2048 1983 2125 2048 ab
2178 1984 2253 2048 A.
2289 1983 2558 2048 Ecclesia
2608 1985 2672 2047 in
2726 1985 2860 2048 iure
2892 1985 3183 2050 canonico

720 2085 879 2148 istas
929 2087 1202 2151 actiones
1236 2087 1591 2170 prohibuit;
1642 2089 1789 2168 quia
1838 2086 1982 2151 licet
2015 2106 2137 2151 non
2171 2087 2296 2151 sint
2345 2087 2596 2151 serviles
2628 2106 2738 2152 nec
2774 2087 3183 2164 mechanicae,

718 2186 824 2250 sed
882 2187 960 2251 ad
1005 2189 1427 2273 cognitionem
1474 2191 1537 2254 et
1584 2190 1938 2254 convictum
1986 2190 2329 2253 humanum
2391 2189 2732 2265 ordinatae,
2781 2190 3186 2272 prohibentur

719 2290 930 2353 tamen
981 2293 1234 2374 propter
1279 2292 1485 2377 iurgia
1556 2295 1618 2356 et
1678 2291 2119 2356 dissensionem
2167 2293 2229 2356 et
2292 2293 2629 2355 secularem
2693 2291 3181 2369 distractionem,

718 2410 909 2473 quam
956 2412 1165 2458 secum
1214 2395 1505 2470 afferunt3
1555 2394 1715 2459 unde
1764 2395 2034 2476 quietem
2083 2396 2146 2458 et
2192 2395 2582 2459 vacationem
2628 2395 2691 2459 in
2753 2395 2851 2460 die
2885 2395 3042 2461 festo
3091 2397 3183 2461 in-

720 2495 961 2559 tentam
1008 2497 1275 2561 maxime
1322 2497 1711 2581 imffldirent.
1753 2497 1929 2562 Suar.
1969 2495 2071 2561 De
2118 2495 2261 2560 Rel.
2297 2499 2375 2560 tr.
2414 2499 2473 2560 2.
2523 2497 2629 2561 lib.
2682 2499 2741 2561 2.
2777 2517 2827 2562 c.
2870 2500 2974 2563 29.
3026 2519 3086 2563 n.
3126 2501 3181 2564 1.

724 2598 1074 2664 Prohibitio
1123 2600 1347 2664 horum
1394 2601 1660 2664 habetur
1704 2600 1770 2664 in
1818 2620 1949 2682 cap.
2010 2599 2235 2664 Omnes
2282 2601 2331 2664 I.
2380 2601 2454 2664 de
2500 2600 2734 2679 Ferii3‚
2783 2603 2892 2666 ubi
2944 2603 3183 2685 inquit;

725 2725 759 2757 «
792 2700 1017 2765 Omnes
1066 2701 1194 2765 dies
1243 2702 1583 2767 dominicos
1632 2721 1665 2766 a
1715 2721 1967 2786 vespera
2013 2704 2079 2766 in
2127 2720 2446 2785 vesperam
2493 2702 2609 2784 (sic
2656 2722 2807 2768 usus
2838 2704 3076 2770 ferebat
3122 2707 3182 2770 in

716 2800 941 2867 Galliis
991 2805 1098 2868 ubi
1147 2806 1309 2889 apud
1345 2803 1792 2889 Compendium
1824 2807 1920 2870 est
1948 2806 2152 2870 latum
2189 2805 2532 2888 decretum)
2564 2826 2707 2870 cum
2740 2807 2907 2871 omni
2938 2827 3184 2873 venera-

716 2904 885 2968 tione
932 2906 1314 2973 decernimus
1365 2909 1679 2973 observari
1715 2910 1777 2973 et
1824 2909 1903 2972 ab
1950 2909 2118 2973 omni
2155 2909 2375 2974 illicito
2411 2928 2589 2992 opere
2639 2911 2980 2975 abstinere:
3015 2913 3178 2977 utin

713 3005 789 3069 iis
837 3010 1147 3074 mercatus
1186 3011 1440 3075 minime
1488 3012 1617 3087 fiat,
1670 3030 1864 3091 neque
1912 3011 2233 3093 placitum,
2283 3031 2478 3093 neque
2526 3012 2752 3093 aliquis
2790 3012 2868 3076 ad
2915 3017 3179 3080 mortem

712 3110 809 3173 vel
860 3110 936 3173 ad
985 3130 1247 3193 poenam
1294 3113 1622 3189 iudicetur,
1657 3133 1766 3177 nec
1813 3117 2198 3177 sacramenta
2248 3112 2396 3193 (nisi
2443 3132 2553 3196 pro
2601 3133 2749 3198 pace
2782 3116 2894 3179 aut
2926 3117 3180 3182 necessi·

712 3217 873 3298 tate)
905 3220 1313 3300 praestentur.

801 3318 1016 3397 Quoad
1068 3323 1243 3386 actus
1292 3324 1369 3387 ab
1415 3322 1490 3387 A.
1524 3322 1877 3397 recensitOS,
1927 3323 1971 3387 ii
2018 3323 2240 3387 melius
2287 3323 2673 3407 explicantur
2716 3324 2781 3388 in
2828 3324 3178 3390 Resolutio-

711 3421 914 3485 nibus.
948 3421 1213 3489 Nomine
1254 3424 1498 3489 Pla-citi
1543 3425 1954 3489 communiter
1999 3424 2376 3510 intelligitur
2422 3426 2727 3490 sententia
2773 3426 3080 3491 iudicialis
3111 3428 3173 3491 in

712 3524 965 3608 negotio
1012 3526 1187 3589 cic-ili
1230 3526 1436 3610 (Suar.
1484 3528 1527 3591 1.
1571 3547 1621 3591 c.
1658 3547 1790 3611 cap.
1827 3529 1931 3591 29.
1981 3547 2040 3591 n.
2079 3529 2196 3611 9.)·.
2247 3546 2388 3591 cum
2425 3530 2749 3609 sequentes
2796 3549 2976 3594 voces
3020 3528 3174 3593 refe-

711 3630 932 3692 rantur
965 3629 1040 3691 ad
1074 3649 1328 3694 causam
1358 3630 1768 3694 criminalem.
1806 3631 1937 3694 Vid.
1967 3629 2344 3714 Schmalzgr.
2372 3630 2477 3693 lib.
2509 3633 2567 3694 2.
2597 3632 2695 3696 tit.
2725 3635 2784 3696 9.
2812 3653 2871 3696 n.
2902 3634 3007 3698 25.
3035 3633 3172 3699 coll.

708 3747 769 3791 n.
808 3729 910 3792 26.

1700 3859 1877 3925 Unde
1924 3856 2208 3920 resolves,

819 4001 925 4054 ΧΗ.
956 4004 1003 4054 ί.
1032 4003 1176 4054 Festo
1204 4017 1297 4055 non
1339 4003 1450 4057 licet
1488 4003 1658 4066 citare,
1684 4005 1930 4056 adducere
1968 4008 2134 4065 teste5‚
2160 4001 2291 4056 idest
2328 4003 2524 4068 exigere
2563 4005 2889 4059 iuramentum
2927 4007 3173 4070 iudiciale,

712 4090 932 4151 prolerre
958 4094 1041 4140 aut
1070 4086 1273 4152 exsequi
1300 4087 1604 4151 sententiam,
1632 4101 1775 4152 quae,
1803 4086 1843 4138 si
1873 4090 2074 4150 seratur,
2105 4097 2179 4142 est
2205 4086 2356 4142 irrita.
2378 4090 2439 4139 V.
2468 4092 2634 4154 Laym.
2658 4094 2694 4143 Ι.
2715 4092 2764 4143 4.
2788 4098 2821 4144 t.
2841 4092 2893 4145 7.
2913 4106 2958 4146 c.
2982 4095 3030 4146 2.
3053 4108 3100 4146 n.
3126 4092 3175 4145 7.

1510 4229 1611 4294 De
1657 4229 1902 4293 actibus
1944 4231 2365 4297 iudicialibus.

798 4366 971 4441 739.
1010 4372 1179 4434 Inter
1228 4371 1403 4433 actus
1455 4369 1532 4432 ab
1564 4368 1637 4431 A.
1688 4370 2022 4435 recensitos
2071 4371 2251 4435 debet
2289 4372 2594 4435 accenseri
2640 4373 2830 4437 etiam
2879 4373 3170 4439 formatio

708 4490 1048 4554 processus.
1078 4510 1159 4517 —
1187 4470 1404 4551 Quoad
1431 4472 1778 4536 iuramenta
1803 4473 2118 4537 iudicialis
2146 4476 2326 4538 notat
2351 4493 2397 4537 S.
2426 4474 2609 4556 Alph.
2638 4494 2696 4538 n.
2727 4476 2901 4553 284..
2929 4476 3169 4541 licitum

709 4577 919 4640 tamen
967 4594 1097 4641 esse
1144 4577 1563 4642 iuramentum
1618 4580 1934 4662 praestare
1997 4578 2498 4660 Inquisitoribus.
2548 4578 2740 4642 Addit
2788 4578 3169 4664 Schmalzgr.
