3497 5147
339 346 472 415 [379]
1334 363 1635 403 murm-10
1672 365 1781 404 Dm
2678 355 2787 410 279

413 454 591 528 378.
632 456 693 522 S.
728 458 913 541 Alph.
947 459 989 521 1.
1024 480 1075 523 6.
1112 459 1368 541 opponit
1398 458 1621 524 Suarez
1670 462 1851 543 quasi
1896 462 2277 526 contrarium
2313 462 2627 526 doctrinae
2659 462 2789 524 Au-

333 560 510 625 ctoris
556 562 620 623 et
667 560 901 643 allegat
948 559 1022 623 de
1055 559 1264 641 Reliy.
1298 564 1377 623 tr.
1413 563 1473 623 3.
1508 562 1614 624 lib.
1655 565 1710 625 1.
1746 584 1806 626 n.
1848 564 1949 626 16.
1984 584 2117 647 cap.
2154 567 2214 627 2.
2250 562 2366 628 Sed
2403 563 2791 627 animadver-

333 662 577 725 tendum
624 661 764 739 fuit,
801 661 1025 726 Suarez
1073 662 1159 726 ibi
1207 681 1387 746 agere
1435 663 1508 726 de
1555 665 1901 729 tentatione
1949 684 2233 748 expressa
2271 668 2332 729 et
2363 665 2632 741 formali,
2667 684 2789 729 non

336 769 535 829 autem
583 765 657 828 de
703 764 1195 847 interpretativa,
1244 764 1317 828 de
1364 784 1487 845 qua
1534 766 1766 831 tractat
1815 786 1940 848 seq.
1974 767 2175 849 capite
2215 766 2276 828 3.
2313 785 2422 830 nec
2458 766 2560 828 16.
2611 784 2793 847 para-

334 867 545 951 graphi
579 867 641 929 in
674 867 861 931 tertio
887 868 1003 931 hoc
1033 866 1233 949 capite
1266 867 1590 945 habentur,
1626 868 1729 931 sed
1764 868 1966 933 solum
1998 870 2100 932 10.
2128 869 2265 932 Hoc
2305 870 2514 931 autem
2553 868 2791 931 certum

335 972 437 1041 est,
473 968 699 1034 Suarez
748 969 811 1033 in
858 970 993 1033 toto
1040 970 1159 1033 1106
1203 970 1389 1033 tertio
1434 971 1635 1052 capite
1682 990 2000 1053 nunquam
2047 971 2428 1047 contendere,
2479 970 2612 1033 leve
2660 988 2790 1033 esse

336 1090 445 1135 non
493 1090 673 1155 posse
722 1071 801 1135 ob
848 1071 1145 1135 materiae
1190 1072 1595 1153 parvitatem:
1645 1073 1748 1136 sed
1798 1074 2224 1154 quaestionem
2274 1073 2433 1136 hanc
2470 1074 2680 1136 movet
2726 1072 2788 1134 in

331 1174 525 1257 capite
572 1173 955 1257 praecedenti
987 1173 1061 1237 de
1090 1173 1366 1252 formali,
1401 1174 1506 1237 ubi
1538 1195 1650 1257 pro
1683 1194 1747 1239 se
1781 1177 1936 1240 citat
1969 1163 2337 1239 Caietanum
2371 1194 2442 1239 ac
2472 1174 2783 1251 Toletum,

333 1295 478 1357 quos
518 1276 702 1340 modo
750 1295 799 1339 s.
833 1276 1019 1358 Alph.
1053 1276 1249 1339 veluti
1296 1274 1520 1339 Suarez
1568 1279 1912 1342 contrarios
1960 1278 2222 1341 exhibet.

409 1378 553 1442 Dixi
600 1378 698 1442 his
744 1378 953 1441 lumen
1002 1378 1232 1441 affundi
1280 1396 1351 1441 ex
1399 1378 1678 1443 doctrina
1711 1379 1958 1444 Suarez.
1995 1379 2158 1443 Nam
2198 1381 2263 1442 1⁰
2295 1378 2515 1443 modus
2548 1378 2784 1460 peccati

331 1480 386 1543 in
430 1480 777 1544 tentatione
824 1480 1296 1562 interpretativa
1327 1480 1510 1565 longe
1558 1482 1837 1546 diversus
1869 1484 1966 1546 est
2013 1501 2049 1545 a
2093 1482 2345 1546 formali
2392 1483 2455 1544 et
2500 1498 2784 1563 expressa

328 1582 434 1645 Dei
481 1581 859 1655 tentatione;
909 1600 1053 1645 nam
1091 1581 1372 1646 formalis
1405 1584 1670 1647 tentatio
1703 1585 1981 1667 procedit
2018 1604 2089 1647 ex
2135 1583 2524 1647 dubitatione
2561 1582 2635 1645 de
2669 1582 2784 1645 Dei

325 1684 669 1759 attributis3
707 1683 1178 1766 interpretativa
1227 1704 1258 1747 6
1307 1686 1524 1748 contra
1572 1705 1642 1748 ex
1690 1686 1884 1749 nimia
1919 1685 2164 1749 fiducia.
2204 1688 2273 1747 2ο
2305 1686 2424 1747 Illa
2456 1686 2551 1747 est
2583 1684 2787 1765 explo-

323 1786 480 1849 ratio
513 1785 755 1849 divinae
801 1784 1191 1868 perfectionis
1224 1788 1336 1849 aut
1384 1786 1758 1863 voluntatis3
1794 1789 1947 1852 11366
1981 1787 2154 1851 1111110
2202 1787 2387 1851 1110ᾶο
2436 1788 2531 1850 631
2577 1786 2786 1868 explo-

326 1887 507 1962 ratio,
541 1888 644 1951 sed
688 1887 941 1969 (saltem
987 1888 1299 1952 reductive
1349 1892 1414 1951 et
1460 1888 1785 1972 implicite)
1831 1889 2040 1972 potius
2080 1888 2384 1970 quaedam
2429 1887 2784 1968 imploratio

323 1988 682 2069 imprudens
715 1994 776 2053 et
795 1993 1318 2069 praesumptuosa
1345 1991 1549 2053 divini
1576 1991 1829 2055 auxilii.
1857 1991 2157 2070 Quocirca
2189 1991 2502 2057 concludit
2532 1989 2780 2065 Suarez,

319 2092 433 2155 sibi
466 2091 660 2156 videri
692 2092 933 2157 malitia
966 2092 1257 2172 specifica
1294 2092 1414 2156 duo
1448 2094 1599 2156 haec
1631 2093 1952 2176 distingui.

403 2191 581 2264 379.
613 2193 812 2258 Semel
837 2196 1098 2269 statuto,
1134 2195 1297 2276 quod
1323 2196 1643 2277 peccatum
1669 2196 1937 2259 resideat
1961 2196 2023 2260 in
2047 2197 2238 2259 nimia
2264 2197 2532 2278 quadam
2557 2196 2782 2260 fiducia

317 2295 560 2361 divinae
594 2297 1035 2380 providentiae,
1074 2297 1350 2360 addenda
1397 2298 1544 2360 sunt
1590 2317 1681 2373 ea,
1722 2317 1881 2379 quae
1928 2298 2261 2361 traduntur
2307 2318 2428 2363 non
2476 2297 2659 2362 modo
2708 2297 2781 2360 de

313 2399 429 2464 hac
474 2400 973 2483 interpretativa,
1023 2400 1127 2464 sed
1175 2400 1365 2463 etiam
1412 2400 1486 2463 (16
1530 2399 1779 2464 formali
1828 2401 1940 2465 Dei
1989 2402 2352 2465 tentatione.

400 2503 647 2567 Doeent
677 2503 972 2566 nimirum
1005 2503 1302 2566 Doctores
1334 2502 1485 2584 (vid.
1516 2501 1692 2566 Suar.
1720 2502 1763 2565 1.
1789 2523 1840 2566 6.
1869 2522 2002 2587 cap.
2032 2506 2091 2566 2.
2125 2524 2186 2566 11.
2219 2504 2443 2588 7.-13.)
2496 2523 2618 2568 11011
2651 2523 2782 2587 per-

310 2606 501 2670 tinere
540 2606 626 2670 ad
672 2607 791 2670 hoc
835 2608 1176 2689 peccatum,
1211 2605 1374 2687 quod
1425 2607 1580 2687 (11113,
1615 2626 1758 2670 611111
1805 2626 1901 2670 res
1948 2607 2220 2672 nondum
2269 2609 2365 2671 631
2406 2607 2782 2672 sufficienter

306 2710 656 2792 proposita,
691 2709 983 2772 dubitans
1031 2728 1152 2772 non
1200 2708 1382 2772 modo
1431 2708 1504 2770 de
1551 2708 1760 2772 divina
1806 2709 2149 2785 voluntate,
2184 2709 2289 2773 sed
2327 2710 2401 2773 de
2435 2710 2645 2790 aliqua
2676 2729 2780 2773 ve-

302 2812 489 2876 ritate
538 2811 842 2882 revelata,
893 2811 1082 2874 etiam
1129 2811 1203 2873 de
1250 2810 1458 2873 divina
1506 2810 1799 2892 quapiam
1847 2810 2235 2893 perfectione,
2286 2811 2534 2894 signum
2582 2813 2775 2894 petat,

299 2934 421 2997 (1110
470 2916 549 2980 de
603 2934 680 2979 ea
726 2915 1093 2990 instruatur,
1138 2934 1196 2977 v.
1232 2933 1326 2998 gr.
1377 2913 1450 2976 de
1496 2913 1760 2977 veritate
1807 2914 2114 2978 Ecclesiae
2161 2915 2503 2979 catholicae
2550 2917 2662 2978 aut
2706 2915 2780 2978 de

300 3018 611 3101 quopiam
659 3017 977 3100 mysterio,
1011 3035 1121 3080 seu
1152 3015 1479 3078 Trinitatis
1502 3034 1610 3079 seu
1636 3015 2028 3080 Praesentiae
2059 3016 2244 3080 realis
2269 3018 2416 3081 etc.:
2442 3017 2779 3081 dummodo

297 3121 509 3185 adsint
559 3119 813 3184 debitae
860 3118 1362 3184 circumstantiae
1399 3118 1527 3182 sive
1566 3118 1771 3200 quoad
1804 3137 1867 3183 se
1915 3119 2044 3183 sive
2083 3119 2287 3201 quoad
2337 3120 2513 3195 alios,
2548 3119 2656 3201 qui
2695 3119 2781 3182 in-

296 3223 589 3287 struendi
630 3222 758 3285 sint
793 3221 944 3302 (vid.
981 3239 1116 3303 sup.
1152 3241 1210 3284 n.
1251 3220 1450 3303 121.).

383 3322 927 3390 circumstantiae
960 3341 1142 3405 porro
1174 3322 1553 3386 necessariae
1584 3325 1731 3386 sunt
1761 3324 1826 3385 1ο
1851 3324 1924 3385 111
1956 3324 2240 3387 occurrat
2275 3323 2608 3388 necessitas
2640 3324 2778 3385 tum

292 3444 361 3491 ex
393 3428 584 3511 parte
628 3423 788 3498 finis,
823 3424 958 3486 tum
991 3424 1180 3487 etiam
1214 3442 1285 3487 ex
1309 3425 1485 3506 parte
1517 3423 1720 3488 medii.
1751 3423 1841 3487 Ex
1872 3427 2051 3507 parte
2083 3424 2241 3500 finis,
2271 3428 2344 3488 ut
2382 3443 2598 3506 nempe
2631 3424 2776 3488 talis

292 3530 529 3592 veritas
566 3527 662 3591 sit
694 3526 1034 3590 necessaria
1068 3525 1145 3588 ad
1191 3526 1460 3589 salutem
1494 3525 1591 3588 vel
1623 3525 1937 3609 propriam
1986 3527 2083 3589 vel
2116 3526 2400 3604 aliorum,
2434 3526 2533 3589 vel
2568 3525 2643 3588 ad
2679 3545 2780 3590 vo·

290 3631 619 3697 luntatem
654 3629 772 3693 Dei
818 3629 1193 3711 implendam
1241 3628 1340 3692 vel
1386 3628 1609 3693 saltem
1659 3629 1743 3693 sit
1790 3629 1966 3692 valde
2005 3629 2370 3693 conveniens
2410 3629 2485 3692 ad
2527 3628 2777 3710 aliquod

288 3753 634 3799 commune
684 3732 935 3796 bonum.
984 3731 1074 3796 Ex
1121 3731 1296 3814 parte
1343 3749 1487 3794 vero
1527 3730 1730 3806 medii,
1768 3732 1841 3793 ut
1885 3750 2004 3795 non
2055 3732 2429 3796 omittantur
2468 3731 2777 3796 ordinaria

286 3837 491 3902 media
529 3857 570 3900 a
606 3835 745 3898 Deo
784 3834 1158 3917 praestituta
1193 3833 1269 3896 ad
1308 3833 1637 3896 veritatem
1673 3833 2126 3916 agnoscendam
2159 3833 2229 3896 2⁰
2266 3833 2350 3899 Ut
2387 3834 2591 3916 posita
2625 3834 2781 3898 eius-

282 3940 449 4004 modi
504 3936 909 4013 necessitate,
946 3936 1223 3999 divinum
1263 3936 1513 4020 signum
1562 3936 1916 4018 expectetur
1947 3921 2087 4000 cum
2122 3935 2314 3999 animi
2346 3936 2777 4013 submissione,

280 4045 350 4107 111
401 4064 519 4108 1166
573 4039 739 4104 velit
785 4038 1191 4103 determinare
1238 4038 1489 4121 signum
1520 4057 1716 4119 neque
1750 4038 1839 4101 ita
1878 4039 2171 4120 postulet,
2200 4040 2272 4102 111
2302 4039 2422 4104 11131
2455 4039 2609 4103 11111(1
2642 4059 2781 4104 con-

275 4145 571 4220 cedatur,
630 4161 758 4205 non
804 4141 1150 4205 crediturus
1199 4140 1284 4205 sit
1330 4141 1446 4204 616.
1496 4139 1671 4218 Quod
1720 4138 1916 4204 Caiet.
1967 4142 2180 4224 paucis
2228 4142 2528 4224 expressit
2573 4140 2777 4205 dicens

281 4244 458 4311 Sum.
498 4246 584 4308 V.
630 4242 814 4307 Tent.
837 4263 857 4304 .·
897 4267 931 4300 «
962 4241 1234 4306 Licitum
1265 4242 1359 4305 est
1391 4241 1712 4306 humiliter
1752 4243 1956 4324 petere
1996 4242 2244 4326 signum
2275 4261 2386 4324 pro
2428 4245 2776 4325 opportuna

282 4346 723 4413 instructione
757 4370 819 4407 ».

365 4451 453 4515 Et
492 4452 629 4514 huc
680 4446 918 4511 faciunt
965 4447 1152 4510 verba
1190 4465 1238 4510 s.
1273 4446 1549 4510 Thomae
1587 4447 1645 4508 2.
1676 4448 1736 4508 2.
1764 4466 1823 4528 (1.
1854 4445 1959 4509 97.
1989 4447 2106 4508 art.
2139 4445 2230 4507 1.:
2273 4470 2308 4502 «
2341 4443 2598 4524 Quando
2632 4464 2778 4529 ergo

282 4555 543 4637 propter
580 4549 868 4629 aliquam
900 4548 1328 4612 necessitatem
1349 4566 1457 4611 seu
1484 4547 1827 4611 utilitatem
1859 4545 2199 4610 committit
2224 4563 2287 4609 se
2315 4546 2538 4627 aliquis
2563 4546 2771 4608 divino
