3497 5147
680 287 794 344 874
1035 298 1244 341 mor.
1274 298 1378 341 vn.
1401 297 1563 340 sacr.
1586 298 1674 339 111.
1701 297 1788 338 mr
1812 295 2169 338 eamcam-o
2192 295 2495 338 somnum
2521 295 2793 337 nicomas
2959 281 3151 351 [1166]

683 399 874 465 alesia
934 418 1061 462 non
1106 397 1306 477 petit:
1350 415 1473 461 non
1521 395 1804 478 loquitur
1847 395 1920 460 de
1966 395 2282 460 exactione
2328 413 2436 477 per
2489 394 2869 471 collectores,
2919 394 3026 459 sed
3072 394 3151 460 de

683 502 1009 567 voluntate
1054 499 1363 563 Ecclesiae
1410 500 1523 563 aut
1568 516 1689 562 non
1722 497 2152 581 praecipientis
2185 496 2453 562 decimas
2484 496 2639 575 dari,
2674 500 2830 580 puta
2861 498 2925 562 in
2958 499 3156 563 eccle·

684 605 794 669 siis
828 622 1037 668 recens
1084 602 1383 678 fundatiS,
1440 603 1571 677 aut,
1612 620 1754 666 cum
1803 600 2012 665 fideles
2065 618 2188 665 non
2219 599 2488 677 solvant,
2523 599 2788 664 scienter
2819 600 3155 665 tolerantis

685 725 868 771 usum
893 705 1237 770 inductum.

774 806 1067 873 Ceterum
1100 805 1475 871 attendenda
1506 808 1602 870 est
1624 804 1907 871 doctrina
1938 824 1988 869 s,
2022 805 2317 882 Thomae,
2344 823 2503 886 quae
2532 805 2652 870 hac
2680 805 2912 870 recenti
2943 806 3154 870 aetate

683 910 957 975 conferre
1003 911 1194 974 etiam
1241 909 1449 991 potest
1479 908 1930 989 tranquillitati
1965 907 2517 983 conscientiarum3
2550 906 2657 972 sed
2680 906 3044 972 conferenda
3074 907 3161 971 si-

687 1014 820 1078 mul
851 1013 1166 1097 responsio
1213 1031 1356 1077 mox
1390 1011 1584 1076 allata
1617 1029 1666 1075 s.
1702 1011 1943 1076 Poenit.

780 1112 961 1185 1166.
995 1115 1103 1178 Ius
1134 1114 1400 1178 habendi
1445 1113 1714 1177 decimas
1763 1115 1857 1177 est
1901 1112 2001 1177 ius
2039 1112 2384 1195 spirituale.
2423 1136 2459 1171 «
2507 1110 2686 1177 Circa
2722 1113 3013 1189 decimas,
3065 1113 3162 1177 ait

688 1237 737 1281 e.
772 1217 1046 1280 Thomas
1082 1236 1141 1298 q.
1175 1216 1280 1280 eit.
1317 1235 1372 1278 a.
1414 1216 1497 1292 3.,
1525 1214 1647 1280 duo
1696 1216 1845 1279 sunt
1888 1215 2348 1290 consideranda,
2391 1214 2625 1280 scilicet
2654 1214 2861 1297 ipsum
2906 1215 3005 1279 ius
3055 1234 3164 1279 ac-

689 1318 953 1402 cipiendi
998 1318 1265 1382 decimas
1298 1319 1362 1382 et
1391 1318 1561 1400 ipsae
1593 1336 1710 1395 reS,
1750 1336 1910 1400 quae
1943 1317 2188 1382 nomine
2220 1316 2491 1381 decimae
2516 1315 2764 1381 dantur.
2800 1317 2908 1380 Ius
2942 1317 3160 1381 autem

691 1420 1026 1503 accipiendi
1057 1419 1325 1485 decimas
1350 1420 1673 1502 spirituale
1705 1423 1820 1483 est.
1856 1417 2272 1500 Consequitur
2301 1418 2461 1483 enim
2501 1416 2660 1482 illud
2690 1416 2991 1495 debitum,
3031 1437 3160 1500 quo

690 1523 992 1588 ministris
1017 1524 1235 1587 altaris
1272 1524 1572 1587 debentur
1607 1524 1896 1604 sumptus
1928 1522 2001 1587 de
2032 1522 2376 1587 ministerio
2410 1521 2475 1586 et
2503 1539 2627 1604 quo
2651 1521 3166 1587 ministrantibus

693 1627 1047 1709 spiritualia
1086 1626 1385 1691 debentur
1418 1626 1851 1708 temporalia...
1887 1626 2010 1690 Res
2043 1627 2254 1689 autem
2285 1644 2444 1707 quae
2474 1624 2723 1689 nomine
2776 1624 3166 1690 decimarum

693 1730 941 1806 dantur,
975 1730 1324 1812 corporales
1357 1729 1537 1793 sunt:
1573 1727 1734 1792 unde
1766 1729 2028 1810 possunt
2059 1728 2123 1792 in
2155 1747 2340 1792 usum
2386 1728 2808 1809 quorumlibet
2837 1728 3051 1793 cedere
3098 1730 3167 1792 et

694 1832 783 1897 sic
827 1832 1090 1913 possunt
1143 1832 1334 1895 etiam
1381 1829 1461 1894 ad
1507 1830 1700 1894 laicos
1731 1830 2048 1912 pervenire
2078 1855 2140 1894 ».
2180 1827 2597 1912 Consequitur
2643 1848 2792 1913 ergo
2839 1830 2915 1893 ad
2966 1830 3164 1895 laicos

696 1936 971 2015 spectare
1004 1951 1124 1998 non
1156 1951 1335 2014 posse
1380 1932 1478 1996 ius
1527 1931 1926 1997 decimarum.
1954 1930 2047 1996 Cf.
2082 1952 2135 1997 c.
2170 1932 2485 2013 QuamviS,
2527 1930 2603 1996 de
2639 1931 2942 1997 Decimus.

789 2030 971 2104 1167.
1007 2033 1358 2113 Quaeritur,
1411 2053 1488 2097 an
1537 2034 1740 2098 clerici
1772 2034 2117 2099 dominium
2151 2035 2421 2099 habeant
2459 2034 2839 2099 decimarum
2886 2038 3168 2118 accepta-

697 2157 855 2202 rum.
892 2137 1063 2201 Haec
1108 2136 1391 2218 quaestio
1440 2136 1652 2201 eodem
1700 2139 1884 2219 pacto
1917 2137 2210 2202 solvenda
2257 2138 2354 2201 est
2390 2156 2462 2200 ac
2505 2156 2597 2214 ea,
2646 2156 2771 2218 qua
2815 2138 3165 2219 quaeritur,

699 2263 777 2308 an
821 2243 1010 2307 iidem
1059 2241 1293 2306 domini
1340 2241 1468 2305 sint
1512 2241 1829 2307 fructuum
1877 2261 2134 2306 suornm
2180 2240 2644 2318 beneficiorum3
2679 2240 2780 2305 cui
2810 2242 3166 2324 quaestioni

699 2348 761 2411 in
801 2348 881 2410 tr.
920 2345 995 2408 de
1040 2344 1304 2409 Iustitia
1347 2348 1410 2408 et
1452 2343 1607 2407 Iure
1652 2343 2157 2425 respondebimus
2205 2344 2599 2409 affirmative.
2626 2343 2900 2409 Ecclesia
2945 2348 3162 2409 autem

698 2468 1039 2531 pauperum
1087 2447 1559 2511 necessitatibus
1597 2465 1705 2527 pro
1739 2447 1965 2527 quibus
2013 2447 2077 2509 et
2121 2446 2389 2510 decimas
2435 2447 2614 2529 petit,
2648 2447 2954 2512 consuluit
2981 2465 3158 2527 prae-

700 2554 878 2636 cepto
926 2551 1080 2624 lato,
1116 2551 1190 2614 ut
1226 2549 1540 2632 superflua
1586 2549 1960 2632 pauperibus
1999 2550 2351 2634 erogentur.

794 2651 979 2725 1168.
1014 2654 1222 2718 Poena
1250 2655 1469 2717 contra
1514 2672 1636 2717 non
1684 2653 1995 2718 solventes
2040 2653 2310 2718 decimas
2357 2656 2492 2718 erat
2536 2655 2601 2718 in
2646 2655 2783 2720 inre
2819 2672 3166 2719 excommu-

704 2758 933 2822 nicatio
986 2755 1271 2820 ferendae
1339 2755 1681 2820 sententiae
1727 2775 1813 2819 cc.
1864 2755 2174 2820 Pervenit
2217 2758 2281 2820 et
2325 2756 2437 2820 Ex
2471 2762 2677 2835 parte,
2724 2757 2802 2820 de
2861 2755 3165 2820 Dccimis.

703 2859 975 2923 Eandem
1002 2876 1261 2939 poenam
1308 2857 1538 2922 statuit
1585 2857 1754 2921 Trid.
1805 2858 1950 2942 Syn.
1985 2877 2132 2923 sess.
2162 2859 2267 2922 25.
2288 2858 2364 2922 de
2380 2857 2658 2938 Reform.
2682 2878 2734 2923 c.
2773 2861 2876 2923 12.
2917 2882 2956 2917 ‹
2978 2858 3169 2922 Prae-

703 2962 855 3044 cipit
902 2981 950 3024 s.
991 2959 1274 3044 Synodus
1323 2961 1628 3038 omnibus,
1664 2961 2110 3043 cuiuscumque
2141 2962 2373 3046 gradus
2404 2965 2468 3027 et
2498 2962 2871 3027 conditionis
2903 2960 3053 3038 sint,
3089 2959 3168 3024 ad

704 3082 861 3148 quos
909 3061 1288 3127 decimarum
1318 3061 1549 3125 solutio
1597 3065 1856 3143 spectat,
1889 3066 1961 3127 ut
1999 3083 2122 3142 eas,
2161 3065 2241 3128 ad
2272 3083 2427 3146 quos
2459 3065 2533 3129 de
2573 3064 2710 3129 iure
2756 3066 3072 3141 tenentur,
3105 3064 3170 3128 in

705 3167 1023 3251 posterum
1070 3162 1410 3229 cathedrali
1435 3166 1548 3228 aut
1578 3164 2070 3247 quibuscumque
2103 3167 2241 3231 aliis
2273 3166 2544 3232 ecclesiis
2574 3167 2673 3231 vel
2704 3166 3004 3250 personis,
3038 3166 3174 3248 qui-

704 3271 822 3348 bus
846 3268 1125 3352 legitime
1162 3267 1481 3341 debentur,
1513 3266 1755 3350 integre
1785 3268 2160 3349 persolvant.
2194 3268 2313 3349 Qui
2337 3289 2481 3335 vero
2507 3289 2612 3334 eas
2645 3272 2758 3334 aut
2788 3269 3172 3335 subtrahunt

707 3373 820 3436 aut
848 3370 1215 3453 impediunt,
1243 3368 1849 3434 excommunicentur
1873 3389 1984 3433 nec
2006 3371 2085 3434 ab
2115 3372 2234 3435 hoc
2262 3371 2538 3449 crimine,
2554 3371 2677 3436 nisi
2707 3371 2891 3454 plena
2919 3371 3177 3435 restitu-

706 3473 877 3537 tione
908 3473 1141 3547 secuta,
1176 3471 1583 3536 absolvantur
1614 3495 1676 3534 ».

796 3575 1212 3640 Absolvarnus
1245 3573 1448 3637 verbis
1495 3573 1866 3657 (Augustini
1883 3576 1941 3658 P)
1971 3575 2187 3639 relatis
2234 3596 2285 3640 c.
2322 3577 2382 3640 8.
2416 3595 2585 3642 caus.
2622 3577 2726 3640 16.
2759 3596 2819 3658 q.
2858 3576 2916 3640 7.
2973 3599 3009 3634 «
3043 3574 3178 3639 Ma·

708 3678 868 3742 iores
921 3677 1119 3742 nostri
1163 3676 1300 3741 ideo
1350 3676 1541 3757 copiis
1590 3677 1878 3741 omnibus
1927 3678 2346 3756 abundabant,
2386 3681 2535 3762 quia
2587 3680 2713 3744 Deo
2750 3679 3025 3743 decimas
3073 3678 3179 3743 da—

708 3780 863 3842 bant
905 3781 968 3842 et
1014 3778 1266 3843 Caesari
1312 3796 1563 3843 censum
1608 3777 1966 3843 reddebant.
2015 3779 2205 3845 Modo
2254 3783 2487 3858 autem,
2551 3781 2699 3864 quia
2759 3780 3012 3846 devotio
3061 3781 3179 3844 Dei

710 3880 1009 3956 discessit,
1063 3879 1320 3943 accessit
1364 3879 1620 3944 indictio
1671 3880 1824 3946 fisci.
1865 3880 2199 3947 Noluimus
2237 3883 2460 3967 partiri
2505 3904 2647 3950 cum
2687 3885 2816 3949 Deo
2865 3882 3175 3947 decimas:

711 3981 896 4046 modo
959 3982 1171 4046 autem
1231 3982 1439 4046 totum
1495 3981 1764 4046 tollitur.
1815 3983 1952 4048 Hoc
2021 3984 2195 4049 tollit
2250 3985 2456 4063 fiscus,
2528 3984 2693 4068 quod
2761 4003 2887 4050 non
2952 3982 3179 4066 accipit

711 4086 998 4153 Christus
1044 4113 1107 4152 ».
