3497 5147
667 335 775 386 242
920 344 1130 385 TRAcT.
1161 345 1238 385 vr.
1270 343 1431 384 sacr.
1458 343 1495 384 1.
1526 342 1609 382 Dm
1634 341 1827 383 ano
1852 342 2064 383 PRAmc.
2094 342 2420 385 DEOALOGI.
2447 342 2578 382 οΑΡ.
2607 342 2647 380 1.
2675 341 2815 382 DuB.
2843 341 2882 380 1.
2993 327 3141 398 1330]

672 446 884 508 tamen
935 442 1239 506 ieiunaret
1287 460 1477 505 causa
1524 439 2044 516 mortificationis,
2085 460 2159 504 ne
2205 440 2427 505 leviter
2473 438 2722 521 quidem
2769 441 3142 521 peccaret».

676 546 941 612 Subiicit
990 549 1200 610 tamen
1248 564 1319 608 ex
1368 546 1573 609 mente
1606 545 1764 621 DD.‚
1798 544 2020 608 melius
2067 563 2198 609 esse
2245 544 2554 609 abstinere
2587 562 2624 607 a
2670 543 2788 607 tali
2819 543 3050 609 ieiunio
3084 546 3148 609 et

668 650 805 714 ideo
855 649 1140 713 doctores
1201 647 1613 711 communiter
1674 647 1909 718 docere,
1963 647 2029 709 1Ο
2076 665 2255 729 posse
2319 645 2640 710 transferri
2687 646 2766 709 ad
2812 646 3145 711 sabbatum

671 752 979 816 ieiunium
1018 751 1416 834 promissum,
1452 750 1505 812 si
1536 749 1632 813 die
1667 749 1973 813 dominico
2006 750 2365 834 contingat:
2402 749 2470 812 2⁰
2503 768 2622 813 non
2661 749 2856 812 teneri
2889 749 2964 812 ad
2998 750 3145 815 ieiu-

672 853 948 918 nandum
995 852 1091 916 die
1142 851 1450 916 dominico
1512 870 1674 923 eum,
1723 851 1832 932 qui
1882 870 1990 933 per
2051 870 2324 915 mensem
2379 850 2622 916 voverit
2682 850 2976 928 ieiunare,
3027 853 3144 916 nisi

673 973 952 1037 expresse
998 952 1334 1017 intenderit
1380 953 1782 1016 contrarium.

758 1056 937 1136 Quod
983 1056 1213 1120 dicitur
1259 1055 1332 1119 de
1381 1058 1571 1118 cantu
1602 1058 1715 1120 aut
1759 1074 1908 1118 sono
1955 1054 2203 1130 lascivo,
2252 1055 2560 1119 oblatione
2598 1057 2695 1119 rei
2721 1055 2993 1135 furti-vae
3022 1057 3138 1138 etc.

672 1159 1153 1243 intelligendum
1200 1160 1312 1235 est,
1363 1158 1416 1222 si
1467 1157 1604 1239 quis
1652 1177 1758 1240 per
1807 1176 1877 1221 ea
1918 1158 2119 1221 Deum
2165 1157 2363 1222 colere
2408 1157 2784 1235 intenderet3
2819 1177 2942 1223 non
2979 1159 3033 1222 si
3063 1158 3141 1221 ad

678 1262 1025 1325 vanitatem
1061 1260 1219 1325 fiant
1250 1263 1364 1324 etc.

769 1363 921 1428 Voit
968 1383 1026 1426 n.
1078 1364 1229 1426 418.
1278 1362 1415 1427 heic
1460 1364 1767 1426 memorat
1819 1361 2324 1444 superstitionem
2370 1380 2604 1439 eorum,
2654 1362 2762 1443 qui
2817 1361 2895 1425 ad
2941 1363 3144 1443 acqui-

672 1465 931 1530 rendam
967 1467 1292 1549 pecuniam
1325 1465 1595 1529 recitant
1628 1465 1975 1529 orationem
2007 1484 2054 1528 3.
2084 1462 2515 1546 Christophori
2544 1484 2615 1528 ex
2646 1465 2808 1529 falsa
2839 1466 3142 1547 opinione,

673 1569 837 1651 quod
876 1569 959 1632 sit
998 1571 1208 1633 custos
1245 1568 1703 1644 thesaurorum,
1744 1568 1841 1631 vel
1883 1566 2226 1631 orationem
2257 1585 2305 1630 s.
2339 1564 2636 1631 Coronae.
2670 1567 2752 1631 Et
2782 1568 3143 1650 superstitio

672 1673 848 1755 patet
893 1692 964 1735 ex
1006 1691 1075 1736 00
1112 1690 1377 1752 quoque,
1416 1670 1579 1753 quod
1613 1671 1770 1734 istae
1814 1669 2127 1735 orationes
2159 1668 2517 1733 contineant
2545 1670 2764 1754 ignota
2789 1690 2861 1733 ac
2884 1670 3144 1734 barbara

674 1774 1061 1857 Angelorum
1089 1774 1341 1838 nomina
1369 1774 1433 1837 et
1458 1772 1878 1854 praescribant
1903 1772 2107 1835 varios
2141 1771 2402 1836 circulos
2434 1772 2712 1853 aliasque
2748 1773 3147 1837 circumstan-

673 1876 794 1940 tias
834 1895 1045 1952 vanas‚
1078 1877 1189 1939 aut
1220 1877 1421 1938 Deum
1455 1878 1692 1959 rogent,
1730 1875 1805 1937 ut
1843 1893 1950 1956 per
1980 1872 2298 1937 diabolum
2329 1873 2548 1937 mittat
2586 1875 2927 1957 pecuniam.

765 1978 908 2041 Huc
939 1978 1180 2060 spectat
1217 1978 1382 2058 quod
1433 1977 1728 2040 recitetur
1779 1976 2068 2039 Psalmus
2105 1976 2272 2052 108„
2309 1975 2385 2039 ad
2421 1976 2762 2040 nocendum
2796 1977 2997 2054 alteri,
3034 1980 3146 2042 aut

676 2080 842 2161 quod
873 2081 1012 2161 quis
1044 2099 1114 2143 ex
1152 2080 1403 2143 Psalmo
1442 2078 1546 2143 96.
1585 2079 1707 2158 Qui
1736 2076 2072 2140 habitatin
2094 2077 2407 2142 adiutorio
2432 2082 2547 2144 etc.
2577 2078 3004 2159 infallibiliter
3025 2081 3143 2145 sibi

677 2182 1045 2265 polliceatur
1093 2181 1508 2245 defensionem
1556 2181 1634 2244 ab
1682 2179 2051 2245 omnimodis
2097 2181 2404 2263 periculis.

770 2284 911 2347 Huc
956 2285 1208 2348 revocat
1246 2283 1398 2348 Voit
1434 2303 1493 2346 n.
1531 2284 1681 2347 420.
1720 2301 1956 2346 morem
1993 2282 2255 2347 faciendi
2301 2285 2468 2359 vota,
2502 2287 2577 2348 ut
2618 2286 2859 2349 malum
2905 2286 3146 2350 facinus

678 2387 829 2450 bene
878 2386 1183 2462 succedat,
1238 2387 1417 2468 quasi
1464 2387 1631 2449 Deus
1696 2385 1990 2449 adiuvare
2055 2385 2252 2467 possit
2300 2405 2371 2450 ac
2417 2387 2568 2451 velit
2631 2388 2706 2451 ad
2767 2387 3144 2471 patrandum

677 2491 1018 2573 peccatum.
1061 2488 1247 2553 Secus
1300 2508 1463 2565 vero,
1500 2489 1553 2552 si
1584 2491 1803 2552 votum
1850 2488 2054 2552 solum
2103 2488 2414 2565 offeratur,
2448 2508 2522 2553 ne
2569 2490 2708 2571 quis
2740 2493 2884 2573 post
2914 2492 3146 2556 crimen

676 2594 917 2658 incidat
952 2595 1016 2657 in
1055 2612 1322 2676 poenam
1356 2611 1427 2656 ac
1462 2592 1872 2656 calamitates.

769 2691 950 2765 330.
988 2695 1166 2759 Idem
1199 2694 1351 2759 Voit
1382 2696 1545 2758 recte
1591 2695 1775 2758 notat
1808 2695 1876 2757 1⁰
1906 2714 2028 2759 non
2075 2713 2204 2758 esse
2251 2695 2774 2777 superstitiosum,
2808 2713 2986 2760 sacra
3035 2699 3147 2762 aut

678 2797 991 2861 orationes
1024 2798 1193 2860 certo
1225 2816 1483 2861 numero
1519 2796 1760 2870 offerre3
1797 2797 1942 2877 quia
1993 2797 2056 2861 id
2089 2797 2222 2862 fieri
2254 2798 2412 2862 solet
2442 2798 2504 2861 in
2538 2797 2831 2863 honorem
2881 2799 3146 2865 alicuius

676 2898 959 2983 mysterii
996 2918 1053 2961 v.
1089 2918 1182 2982 gr.
1223 2898 1494 2980 quinque
1530 2899 1860 2962 vulnerum
1892 2899 2006 2963 etc.
2044 2902 2107 2963 et
2152 2900 2253 2963 vix
2286 2901 2381 2963 est
2414 2920 2729 2977 munerus‚
2762 2901 2871 2983 qui
2902 2921 3030 2967 non
3060 2921 3146 2966 re-

677 2999 980 3083 spondeat
1026 3000 1163 3083 piae
1213 3001 1401 3065 alicui
1433 3001 1912 3065 considerationi
1944 3001 2206 3065 alicuius
2236 3003 2516 3085 mysterii
2564 3022 2635 3067 ac
2679 3005 3000 3086 praeterea
3031 3005 3146 3069 hoc

677 3105 771 3167 est
831 3103 1173 3166 secundum
1231 3103 1541 3167 Ecclesiae
1601 3122 1991 3167 communem
2050 3104 2575 3168 consuetudinem.
2625 3104 3145 3188 Superstitiosum

676 3207 888 3268 tamen
936 3207 1115 3282 esset,
1162 3205 1434 3287 praecise
1466 3204 1611 3268 huic
1648 3224 1903 3269 numero
1942 3206 2109 3269 certo
2144 3225 2213 3270 ac
2244 3207 2655 3272 determinato
2689 3208 3037 3274 adscribere
3068 3210 3147 3274 ef-

678 3305 931 3370 fectum.
974 3306 1126 3370 Voit
1158 3328 1216 3370 n.
1254 3309 1403 3370 421.

860 3407 928 3471 2⁰
959 3410 1178 3473 Bibere
1228 3409 1712 3474 benedictionem
1751 3427 1800 3472 3.
1835 3409 2083 3473 Ioannis
2130 3430 2250 3474 non
2298 3414 2393 3475 est
2439 3413 2965 3495 superstitiosum,
3003 3415 3148 3497 quia

677 3513 793 3576 aut
840 3512 1230 3596 significatur
1277 3512 1534 3576 affectus
1579 3513 1839 3576 mutuae
1885 3512 2167 3578 caritatis
2216 3514 2293 3577 ab
2338 3514 2642 3596 Apostolo
2703 3516 2932 3580 Ioanne
2980 3537 3150 3582 com-

676 3614 1023 3688 mendatae,
1057 3617 1170 3679 aut
1218 3616 1433 3679 votum
1467 3633 1542 3678 ne
1588 3616 1775 3697 potus
1808 3616 1892 3678 sit
1938 3615 2176 3688 noxius,
2203 3617 2277 3680 ut
2323 3636 2370 3682 s.
2399 3617 2658 3682 Ioannes
2704 3619 2958 3700 impune
2990 3621 3150 3685 bibit

678 3733 1004 3779 venenum.
1032 3715 1238 3795 SecuS‚
1267 3718 1319 3780 si
1367 3718 1504 3798 quis
1554 3719 1708 3798 potu
1760 3717 2042 3782 intendat
2073 3719 2270 3782 colere
2302 3738 2350 3782 s.
2377 3719 2692 3785 Ioannem.
2721 3720 2874 3785 Voit
2904 3742 2965 3785 n.
2993 3724 3145 3786 422.

677 3814 817 3879 Non
868 3819 1075 3880 tamen
1125 3819 1631 3901 superstitiosum
1694 3823 1791 3884 est
1837 3820 2209 3885 manducare
2256 3841 2441 3904 panes
2497 3823 2847 3888 benedictos
2893 3824 2960 3888 in
3009 3826 3146 3907 qui-

675 3917 941 3980 busdam
990 3918 1182 3994 festia,
1219 3940 1266 3985 3.
1308 3921 1553 3986 Nicolai
1600 3943 1657 3985 v.
1697 3943 1789 4005 gr.
1833 3926 1946 3987 aut
1992 3924 2249 3987 alterius
2296 3922 2594 4003 Sancti...‚
2629 3926 2792 3991 sicut
2838 3928 2900 3991 et
2949 3946 3143 4009 aquas

676 4020 1029 4084 benedictas
1056 4025 1231 4087 tactu
1270 4024 1673 4106 reliquiarum
1699 4024 1776 4087 ad
1811 4043 1987 4106 opem
2012 4025 2464 4107 implorandam
2489 4029 2725 4092 meritis
2750 4028 3139 4095 Sanctorum.

765 4119 924 4192 331.
964 4122 1443 4206 Superstitiosae
1493 4126 1824 4189 derisiones
1874 4128 2020 4189 sunt
2063 4128 2335 4192 ieiunare
2383 4128 2479 4193 die
2512 4130 2811 4206 Paschae;
2853 4132 3003 4212 quia
3051 4133 3143 4196 est

675 4229 891 4289 contra
939 4228 1447 4292 consuetudinem
1496 4228 1836 4291 Ecclesiae:
1879 4247 1997 4293 non
2046 4231 2358 4295 comedere
2390 4232 2462 4295 de
2495 4233 2696 4315 capite
2743 4234 3033 4298 animalis
3080 4235 3139 4298 in

675 4326 772 4391 die
821 4328 1247 4395 decollationis
1282 4350 1330 4394 3.
1368 4330 1616 4394 Ioannis
1668 4330 1780 4393 aut
1829 4335 2178 4397 assaturam
2223 4335 2287 4397 in
2318 4335 2476 4400 festo
2525 4355 2573 4400 s.
2609 4336 2959 4412 Laurentii;
2996 4337 3140 4420 quia

673 4430 832 4495 istae
896 4432 1301 4496 heteroclitae
1350 4431 1705 4497 devotiones
1767 4435 1915 4497 sunt
1961 4438 2176 4500 contra
2225 4437 2463 4518 praxim
2509 4438 2815 4502 Ecclesiae
2878 4443 2943 4504 et
2987 4440 3142 4505 nihil

675 4533 1001 4597 conferunt
1049 4534 1123 4597 ad
1177 4535 1293 4598 Dei
1342 4534 1634 4598 honorem
1686 4539 1798 4601 aut
1836 4534 2222 4603 Sanctorum.
2259 4539 2410 4604 Voit
2445 4560 2504 4605 n.
2541 4541 2690 4603 423.
