3497 5147
329 366 480 441 [705]
574 381 725 429 Qum
763 382 856 424 srr
892 382 1291 427 msrnmsa‘rxo
1328 387 1406 427 m
1442 385 1582 433 oms
1620 385 1826 428 Possu-
1862 385 2244 427 msrmssann
2280 387 2344 426 111
2383 386 2557 427 vorrs
2687 371 2796 426 533

419 476 538 543 Sed
585 479 639 542 si
684 481 904 544 votum
941 480 1362 564 principaliter
1386 502 1457 546 66
1487 484 1784 565 primario
1831 482 1946 546 fiat
1973 482 2038 546 in
2076 482 2370 546 honorem
2418 482 2552 556 Dei,
2586 500 2795 546 secun-

330 580 503 644 dario
552 600 695 645 vero
723 600 794 646 ac
818 583 1023 665 minus
1053 584 1476 666 principaliter
1505 585 1569 648 in
1615 585 1958 649 utilitatem
1990 585 2183 660 tertii,
2223 586 2438 648 contra
2469 583 2792 665 quosdam,

337 683 444 765 qui
475 686 725 767 negant,
761 684 891 748 sine
922 704 1219 750 consensu
1251 705 1486 762 eorum,
1520 686 1627 768 qui
1658 686 2132 768 acceptaverint,
2172 704 2350 768 posse
2382 688 2601 750 votum
2634 705 2795 750 com-

334 785 566 849 mutari
615 788 727 850 aut
772 786 1130 870 dispensari,
1177 789 1385 870 plures
1448 789 1556 853 alii
1601 788 1664 853 id
1710 788 1893 852 licere
1951 787 2294 862 affirmant;
2353 788 2501 869 (11116
2556 787 2658 870 (ut
2706 789 2797 854 ait

334 906 383 952 s,
429 887 614 970 Alph.
649 889 691 951 l.
732 907 782 952 6.
817 909 890 953 ex
929 892 1131 954 mente
1178 891 1403 955 horum
1424 891 1594 974 DD.)
1624 891 1773 954 licet
1817 889 2145 972 promissio
2177 888 2290 952 fiat
2336 908 2630 971 personae
2661 908 2797 971 par-

333 990 602 1067 ticulari,
660 991 734 1055 fit
779 993 988 1057 tamen
1037 991 1270 1076 (unice)
1317 994 1568 1076 propter
1612 993 1848 1067 Deum3
1898 992 2041 1055 hinc
2087 992 2254 1055 Deus
2322 993 2416 1056 est
2477 992 2615 1056 tota
2660 1012 2798 1075 pro-

335 1096 648 1162 missionis
696 1117 885 1164 causa
931 1101 993 1163 et
1038 1119 1146 1181 per
1193 1099 1469 1164 accidens
1503 1118 1568 1164 se
1600 1099 1809 1173 habet,
1848 1097 2014 1180 quod
2045 1116 2082 1161 a
2114 1098 2300 1161 tertio
2339 1098 2449 1162 illo
2497 1099 2581 1162 sit
2628 1118 2797 1163 acce-

336 1201 539 1281 ptata3
589 1202 697 1282 qui
743 1202 798 1265 si
843 1201 991 1284 quid
1037 1203 1192 1266 iuris
1247 1202 1599 1283 acquisivit,
1657 1201 1990 1283 acquisivit
2033 1202 2246 1264 tamen
2303 1199 2712 1283 dependenter
2760 1220 2797 1265 a

334 1302 716 1385 beneplacito
757 1304 890 1380 Dei,
926 1304 1026 1369 cui
1058 1304 1357 1369 servanda
1403 1305 1498 1368 est
1543 1303 1892 1386 promissio.

423 1403 661 1469 Adhibe
708 1406 1055 1489 exemplum
1102 1406 1292 1482 Petri,
1341 1407 1452 1487 qui
1481 1407 1815 1488 promittat
1844 1425 1903 1469 v.
1942 1425 2035 1489 gr.
2071 1404 2347 1469 favorem
2394 1406 2658 1470 Paulino
2691 1405 2795 1470 sed

338 1506 401 1569 in
426 1507 699 1589 gratiam
733 1507 982 1572 Ioannis
1015 1507 1567 1592 Archipresbyteri.
1599 1508 1773 1572 Licet
1797 1507 2098 1571 Paulinus
2129 1507 2559 1589 acceptaverit,
2587 1510 2795 1573 tamen

339 1608 639 1692 obligatio
687 1610 1115 1693 promissionis
1159 1610 1452 1675 innititur
1487 1610 1778 1674 relationi
1830 1609 2001 1673 Petri
2054 1609 2132 1674 ad
2176 1609 2796 1694 Archipresbyterum

335 1711 399 1773 et
430 1710 734 1791 siquidem
771 1711 872 1775 hic
904 1711 1092 1777 tollat
1127 1713 1286 1776 hanc
1332 1712 1696 1776 relationem
1734 1731 1792 1774 v.
1841 1731 1934 1795 gr.
1984 1730 2090 1794 per
2145 1711 2404 1776 offensas
2441 1712 2673 1786 illatas,
2722 1731 2793 1777 eo

331 1811 468 1893 ipso
518 1814 678 1895 perit
722 1814 885 1879 ratio
924 1813 1109 1878 dandi
1140 1814 1405 1879 Paulino
1442 1814 1737 1888 favorem,
1773 1815 2107 1894 utcumque
2136 1813 2267 1895 ipse
2306 1816 2704 1896 acceptasset.

425 1910 600 1984 705.
635 1915 733 1980 Ad
770 1935 928 1998 (11166
961 1934 1009 1980 S.
1043 1916 1228 1998 Alph.
1254 1915 1401 1980 ibid.
1435 1916 1559 1980 tria
1597 1916 1823 1979 notatu
1847 1914 2211 1999 dignissima
2234 1916 2463 1980 subdit.

424 2018 705 2083 Primum
736 2023 849 2096 est,
869 2019 1036 2102 quod
1066 2020 1212 2084 talis
1237 2020 1496 2102 simplex
1526 2018 1856 2101 promissio
1881 2018 2048 2083 facta
2070 2019 2307 2083 homini
2338 2019 2456 2083 etsi
2489 2019 2795 2104 obligaret

335 2139 464 2186 non
513 2121 818 2206 obligaret
862 2123 1071 2187 tamen
1118 2123 1233 2187 sub
1264 2122 1460 2206 gravi.
1500 2119 1693 2185 Cuius
1730 2120 1882 2185 dicti
1927 2121 2354 2203 probationem
2401 2121 2670 2185 remittit
2717 2121 2795 2184 ad

325 2225 516 2289 tract.
557 2223 631 2287 de
687 2222 1139 2296 Contractibus,
1189 2225 1297 2289 ubi
1341 2224 1472 2288 scil.
1501 2223 1576 2287 de
1620 2224 1944 2287 contractu
1990 2223 2414 2305 promissionis
2461 2224 2577 2287 sub
2621 2243 2795 2286 mera

321 2326 648 2406 fidelitate.

419 2430 773 2496 Secundum
819 2432 932 2508 est,
981 2430 1150 2506 haec,
1200 2449 1356 2511 quae
1404 2429 1477 2493 de
1523 2429 1672 2493 voto
1709 2428 1878 2492 dicta
1925 2428 2091 2502 sunt,
2123 2428 2328 2491 valere
2360 2427 2554 2491 etiam
2585 2426 2658 2492 de
2705 2428 2797 2492 iu-

328 2536 617 2599 ramento
654 2533 1103 2614 principaliter
1148 2534 1370 2597 emisso
1431 2533 1501 2596 in
1561 2531 1853 2595 honorem
1895 2529 2062 2607 Dei‚·
2108 2531 2239 2595 scil.
2290 2548 2469 2613 posse
2529 2531 2796 2596 relaxari

325 2637 465 2702 sine
512 2656 810 2702 consensu
856 2638 1046 2701 tertii.

417 2738 711 2802 Tertium
745 2739 857 2813 est,
897 2739 1014 2802 hoc
1044 2738 1314 2821 intelligi
1344 2737 1417 2801 de
1454 2736 1588 2800 sola
1625 2735 2028 2817 promissione
2059 2737 2376 2816 yratuiim
2413 2754 2587 2799 secus
2624 2756 2793 2811 vero,

319 2842 376 2906 si
414 2859 566 2925 pars
600 2842 923 2923 acceptans
960 2859 1023 2903 se
1063 2839 1141 2903 ad
1174 2839 1426 2919 aliquod
1464 2856 1619 2902 onus
1667 2837 1974 2920 obligaret
2005 2837 2066 2900 in
2114 2838 2508 2903 commodum
2540 2839 2798 2920 promit-

321 2944 545 3010 tentis.
572 2945 746 3008 Tunc
770 2944 934 3007 enim
957 2963 1097 3007 cum
1128 2941 1469 3007 intercedat
1492 2942 1849 3005 contractus
1875 2940 2163 3021 utrinque
2197 2959 2490 3006 onerosus
2515 2943 2578 3006 et
2603 2943 2796 3007 utrin-

319 3067 444 3129 que
502 3047 932 3130 obligatoriuS‚
981 3045 1306 3129 promissio
1352 3045 1417 3108 et
1462 3044 1903 3124 consequenter
1949 3041 2372 3107 iuramentum
2417 3061 2526 3106 seu
2573 3046 2794 3110 votum

319 3147 601 3213 relaxari
638 3167 760 3212 non
792 3150 1000 3231 potest
1029 3148 1160 3212 sine
1197 3165 1496 3212 consensu
1528 3145 1786 3210 alterius
1823 3144 2040 3227 partis.

414 3251 627 3331 Quam
673 3251 1018 3315 doctrinam
1056 3270 1103 3314 s,
1139 3251 1324 3332 Alph.
1369 3249 1517 3314 ibid.
1568 3249 1842 3331 applicat
1886 3250 2034 3312 voto
2069 3249 2595 3327 perseverantiae,
2630 3249 2795 3330 quod

324 3356 389 3421 in
424 3354 806 3437 quibusdam
838 3352 1441 3438 Congregationibus
1472 3352 1633 3415 solet
1663 3351 1868 3414 emitti
1899 3350 2088 3413 simul
2113 3369 2255 3413 611111
2287 3350 2426 3412 aliis
2457 3351 2623 3415 votis
2655 3352 2797 3414 sim-

317 3459 623 3541 plicibus3
664 3476 809 3520 nam
840 3458 986 3521 licet
1016 3454 1349 3538 promittat
1378 3453 1518 3533 quis
1563 3452 1988 3536 principaliter
2016 3453 2080 3514 in
2127 3452 2423 3515 honorem
2455 3452 2569 3514 Dei
2601 3472 2797 3532 perse-

318 3559 701 3631 verantiam,
723 3560 1000 3623 attamen
1024 3556 1171 3638 quia
1197 3553 1614 3638 Congregatio
1647 3572 1753 3617 eos
1786 3552 2158 3633 acceptando
2191 3570 2254 3614 se
2280 3551 2521 3634 obligat
2544 3552 2620 3615 ad
2654 3552 2795 3617 illos

317 3661 773 3730 sustentandos
798 3663 861 3725 et
891 3659 1302 3735 instruendOS‚
1331 3660 1518 3738 atque
1551 3656 1624 3720 ad
1659 3675 1783 3720 non
1815 3653 2217 3718 dimittendos
2248 3654 2378 3717 sine
2409 3653 2577 3717 iusta
2606 3673 2796 3718 causa

314 3767 424 3848 (de
459 3783 591 3847 qua
615 3766 825 3828 tamen
855 3764 1199 3845 superiores
1231 3780 1354 3826 non
1387 3762 1674 3824 tenentur
1697 3757 2005 3822 rationem
2026 3755 2275 3820 reddere
2299 3756 2626 3839 dimissis):
2657 3757 2794 3821 ideo

316 3889 471 3935 cum
522 3866 866 3931 intercedat
925 3868 1281 3931 contractus
1329 3864 1620 3944 utrinque
1667 3859 2099 3943 obligatoriUS‚
2149 3860 2523 3925 commutari
2576 3862 2796 3926 votum

317 3974 439 4037 aut
464 3969 815 4051 dispensari
847 3968 923 4031 ab
960 3967 1180 4049 quovis
1210 3986 1333 4031 non
1366 3966 1590 4049 potest,
1617 3963 1738 4029 nisi
1768 3962 1869 4027 vel
1900 3961 1977 4025 ab
2008 3961 2143 4044 ipsa
2168 3959 2662 4047 Congregatione
2701 3964 2798 4027 vel

314 4094 353 4138 a
398 4073 594 4138 Rom.
627 4070 944 4145 Pontifice‚
980 4069 1086 4150 qui
1117 4070 1213 4133 est
1248 4069 1486 4151 primus
1518 4066 1811 4149 Superior
1848 4063 2125 4128 omnium
2157 4061 2747 4149 Congregationum.

407 4173 601 4254 Quod
635 4192 683 4237 s.
709 4173 893 4254 Alph.
920 4171 1246 4235 confirmat
1277 4171 1508 4253 duplici
1544 4167 2007 4235 Constitutione
2039 4166 2355 4231 Benedicti
2378 4165 2571 4240 XIV..
2599 4165 2796 4229 altera

311 4281 425 4344 25.
466 4275 636 4340 Nov.
681 4275 872 4337 1749.
922 4271 1305 4346 Convocatis,
1353 4272 1462 4335 ubi
1510 4272 1568 4354 ᾗ.
1610 4273 1715 4335 32.
1766 4269 1942 4335 dicit:
1984 4292 2020 4326 «
2052 4267 2269 4345 Quoad
2316 4268 2465 4332 vota
2512 4267 2798 4331 noverint

309 4381 486 4463 (scil.
526 4375 935 4457 confessarii),
970 4374 1089 4439 sibi
1120 4372 1554 4437 abstinendum
1586 4374 1663 4437 ab
1695 4391 1910 4437 eorum
1941 4370 2449 4445 commutatione,
2476 4369 2539 4432 in
2572 4369 2796 4450 quibus

310 4484 548 4569 agitur
581 4478 655 4542 de
685 4476 1060 4561 praeiudicio
1098 4474 1288 4539 tertii.
1323 4474 1524 4552 Quare
1555 4474 1620 4538 in
1658 4493 1750 4549 60,
1785 4474 1950 4554 (111οᾶ
1986 4473 2254 4555 pertinet
2292 4471 2370 4536 ad
2403 4472 2572 4547 vota,
2607 4490 2799 4551 quan·

309 4584 572 4651 tumvis
620 4580 944 4663 simplicia,
985 4598 1096 4643 seu
1131 4576 1634 4657 perseverantiae
1680 4593 1789 4639 seu
1838 4576 1961 4638 alia
1999 4575 2204 4639 emitti
2248 4572 2437 4637 solita
2473 4572 2539 4636 in
2585 4573 2797 4653 aliqua
