3497 5147
331 351 469 427 [367]
983 368 1292 410 RESPONSA
1330 369 1377 410 s.
1418 369 1593 411 sums
1628 370 1713 409 nn
1751 370 2148 411 uaennnsmo
2683 360 2792 414 269

330 464 593 528 breviter
638 463 745 527 sed
805 464 966 528 clare
1028 465 1343 547 respondit
1396 491 1429 524 «
1464 465 1660 530 Usum
1717 467 2136 550 magnetismi,
2184 471 2372 551 prout
2432 471 2777 553 exponitur,

327 586 445 631 non
475 567 658 630 licere
682 590 743 629 ι».
771 566 953 649 Apud
978 566 1223 631 Scavini
1248 568 1288 631 l.
1318 586 1367 631 c.
1396 587 1537 652 pag.
1568 569 1716 632 119.
1744 571 1808 633 et
1828 568 2174 634 Monticelli
2199 572 2351 635 tom.
2379 574 2438 635 2.
2465 592 2607 656 pag.
2633 573 2780 637 130.

412 664 585 737 367.
615 668 849 732 Eadem
880 668 953 733 de
976 688 1162 733 causa
1194 670 1533 753 Episcopus
1557 670 1969 735 Lausanensis
1995 671 2087 753 (di
2109 672 2426 757 Losanna)
2456 673 2533 738 ad
2559 694 2606 738 s,
2635 675 2785 740 Poe-

330 770 749 834 nitentiariam
782 772 1043 835 recurrit
1080 771 1195 836 hac
1233 773 1518 854 epistola.

1286 955 1840 1020 POSTULATUM

843 1110 1113 1158 muscom
1148 1110 1566 1157 LAUSANnNsffi
1596 1110 1776 1158 cmca
1806 1112 2264 1161 MAoNnTrsmtm

419 1311 455 1345 «
486 1285 647 1350 Cum
702 1286 999 1350 hactenus
1045 1305 1336 1370 responsa
1395 1287 1557 1352 circa
1610 1290 2095 1373 magnetismum
2154 1293 2485 1357 animalem
2532 1294 2785 1359 minime

329 1389 603 1453 sufficere
648 1388 976 1453 videantur
1022 1388 1224 1470 sitque
1271 1408 1642 1473 magnopere
1689 1392 2049 1474 optandum,
2093 1396 2163 1457 ut
2210 1395 2409 1458 tutius
2457 1397 2778 1479 magisque

331 1492 718 1557 uniformiter
763 1491 921 1555 solvi
967 1494 1197 1572 queant
1243 1511 1422 1556 casus
1484 1512 1604 1558 non
1666 1513 1807 1557 raro
1862 1494 2230 1567 incidentes:
2279 1496 2438 1561 infra
2495 1497 2780 1581 signatus

331 1594 712 1659 Eminentiae
751 1597 992 1658 vestrae
1027 1594 1345 1658 humiliter
1382 1596 1703 1676 sequentia
1736 1597 2006 1678 exponit.

423 1721 459 1755 «
488 1697 761 1761 Persona
805 1696 1246 1780 magnetizata,
1297 1716 1453 1777 quae
1498 1697 1859 1778 plerumque
1891 1717 2071 1763 sexus
2103 1700 2199 1764 est
2244 1699 2507 1776 feminei,
2544 1701 2604 1763 in
2644 1719 2786 1765 eum

330 1800 569 1863 statum
589 1798 828 1881 soporis
860 1798 1222 1882 ingreditur,
1258 1798 1494 1862 dictum
1523 1799 2142 1863 somnambulismum
2185 1803 2620 1882 mayneticum,
2655 1804 2788 1867 tam

335 1900 479 1975 alte,
512 1905 586 1964 ut
616 1920 720 1964 nec
751 1901 1058 1965 maximus
1089 1900 1303 1983 fragor
1335 1900 1413 1963 ad
1446 1901 1576 1964 eius
1609 1920 1789 1965 aures
1816 1922 1924 1966 nec
1954 1902 2098 1966 ferri
2132 1903 2369 1986 ignisve
2400 1904 2787 1969 vehementia

328 2007 507 2072 illam
545 2008 836 2072 suscitare
885 2008 1152 2073 valeant.
1185 2009 1284 2073 Ab
1330 2011 1462 2074 solo
1508 2011 2018 2094 magnetizatore,
2053 2012 2153 2076 cui
2197 2031 2562 2078 consensum
2602 2033 2785 2077 suum

326 2109 495 2174 dedit
543 2110 900 2193 (consensus
946 2110 1109 2174 enim
1158 2113 1251 2175 est
1298 2113 1704 2196 necessarius)
1756 2113 1831 2176 ad
1863 2112 2019 2176 illud
2066 2115 2326 2179 exstasis
2360 2134 2555 2199 genus
2605 2116 2793 2181 addu-

319 2211 502 2289 citur,
539 2212 668 2277 sive
716 2212 901 2277 variis
948 2214 1408 2296 palpationibus
1440 2214 2116 2298 gesticulationibusve,
2151 2217 2397 2297 quando
2454 2216 2558 2280 ilie
2592 2218 2787 2295 adest,

320 2314 447 2379 sive
512 2315 780 2397 simplici
835 2316 1129 2379 mandato
1186 2314 1519 2398 eodemque
1580 2318 1843 2393 interno,
1898 2337 2039 2381 cum
2108 2318 2205 2381 vel
2260 2319 2540 2401 pluribus
2602 2321 2794 2385 leucis

318 2420 543 2486 distat.

417 2554 450 2588 ι
483 2529 665 2594 Tuuc
696 2528 839 2593 viva
870 2547 1019 2593 voce
1063 2547 1171 2593 seu
1202 2531 1557 2595 mentaliter
1586 2531 1658 2596 de
1691 2549 1804 2596 suo
1839 2532 2307 2615 absentiumque
2339 2533 2590 2616 penitus
2623 2535 2794 2619 igno-

317 2636 534 2699 torum
580 2632 702 2697 sibi
747 2632 963 2697 morbo
1011 2633 1415 2717 interrogata,
1465 2634 1614 2698 haec
1661 2653 1920 2718 persona
1968 2634 2278 2700 evidenter
2324 2634 2574 2700 indocta
2621 2637 2788 2703 illico

311 2735 590 2801 medicos
624 2734 882 2798 scientia
912 2735 1096 2818 longe
1128 2736 1412 2817 superat:
1446 2736 1807 2801 morborum
1839 2737 2220 2802 internorum
2252 2737 2313 2800 in
2350 2738 2623 2804 humano
2656 2758 2783 2805 cor-

310 2857 481 2922 pore,
520 2837 636 2920 qui
670 2836 927 2921 cognitu
973 2837 1349 2918 definituque
1395 2839 1609 2920 peritis
1646 2839 1997 2902 difficillimi
2042 2842 2206 2916 sunt,
2240 2859 2513 2917 causam,
2556 2843 2781 2920 sedem,

310 2942 616 3005 naturam
640 2938 934 3021 indigitat
969 2957 1305 3021 eorumque
1334 2958 1715 3024 progressus,
1743 2942 2120 3006 variationes
2153 2943 2217 3006 et
2246 2944 2789 3026 complicationem

309 3043 551 3109 evolvit
602 3041 790 3123 idque
840 3041 1102 3122 propriis
1134 3042 1442 3119 terminis3
1478 3061 1659 3126 saepe
1689 3043 1882 3107 etiam
1914 3043 2218 3108 dictorum
2267 3047 2629 3111 morborum
2668 3048 2799 3110 diu-

304 3147 699 3210 turnitatem
749 3146 959 3210 exacte
1005 3145 1418 3229 praenuntiat,
1452 3144 1724 3212 remedia
1772 3146 2231 3229 simplicissima
2270 3152 2333 3213 et
2369 3149 2796 3214 efficacissima

307 3249 650 3332 praecipit.

405 3379 444 3414 ι
465 3353 538 3419 Si
565 3355 749 3420 adest
777 3377 1057 3441 persona,
1084 3358 1158 3421 de
1183 3377 1304 3439 qua
1329 3357 1747 3441 magnetizata
1781 3358 2005 3420 mulier
2034 3358 2397 3434 consulitur,
2424 3359 2790 3424 relationem

290 3459 474 3524 ‘inter
504 3463 855 3543 utrumque
878 3482 986 3545 per
1016 3462 1406 3527 conctactum
1432 3461 1708 3525 instituit
1740 3461 2226 3544 magnetizator3
2255 3480 2401 3525 cum
2427 3482 2570 3526 vero
2601 3464 2794 3541 abest,

306 3562 646 3627 cincinnus
681 3582 753 3627 ex
782 3564 913 3628 eius
946 3564 1213 3629 caesarie
1246 3583 1381 3627 eam
1431 3563 1679 3645 supplet
1726 3582 1797 3627 ac
1843 3562 2092 3627 sufficit.
2129 3562 2264 3627 Hoc
2305 3564 2467 3627 enim
2514 3565 2790 3630 cincinno

306 3666 573 3729 tantum
602 3664 685 3726 ad
708 3666 982 3749 palmam
1006 3666 1462 3749 magnetizatae
1488 3665 1764 3739 admoto.
1790 3663 2113 3730 confestim
2144 3669 2295 3732 haec
2326 3666 2619 3742 declarat,
2649 3668 2798 3749 quid

305 3768 390 3832 sit
437 3767 636 3850 (quin
686 3768 988 3852 adspiciat
1035 3770 1275 3853 oculis),
1326 3769 1500 3833 cuius
1549 3768 1674 3833 sint
1719 3768 1946 3851 capilli,
1995 3772 2248 3836 ubinam
2305 3772 2582 3836 versetur
2638 3793 2798 3837 nunc

306 3889 608 3955 persona,
648 3870 727 3935 ad
759 3891 946 3954 quam
996 3873 1320 3955 pertinent,
1355 3871 1501 3952 quid
1546 3891 1754 3935 rerum
1804 3875 1954 3954 agat
2000 3874 2279 3956 circaque
2326 3874 2456 3939 eius
2504 3877 2790 3940 morbum

305 3977 526 4039 omnia
561 3975 927 4057 supradicta
959 3975 1328 4039 documenta
1353 3974 1686 4048 ministrat,
1714 3974 1881 4039 haud
1907 3976 2088 4040 aliter
2119 3979 2306 4059 atque
2331 3978 2382 4041 si
2407 3978 2784 4043 medicorum

305 4097 485 4144 more
527 4096 765 4159 corpus
802 4078 939 4160 ipsa
970 4078 1419 4161 introspiceret.

404 4207 443 4241 «
467 4181 816 4246 Postremo
840 4181 1262 4264 magnetizata
1285 4199 1409 4245 non
1434 4181 1626 4246 oculis
1650 4182 1864 4257 cernit,
1884 4181 2032 4264 ipsis
2056 4183 2307 4247 velatis:
2335 4182 2629 4264 quidquid
2654 4184 2797 4254 erit.

302 4282 464 4348 illud
500 4283 691 4366 leget
719 4281 961 4366 legendi
1010 4283 1211 4346 nescia
1258 4301 1367 4346 seu
1411 4282 1639 4346 librum
1686 4302 1794 4346 seu
1844 4284 2335 4365 manuscriptum
2375 4284 2473 4347 vel
2505 4286 2789 4367 apertum

304 4386 405 4451 vel
439 4386 749 4451 clausum
774 4403 881 4448 seu
912 4385 1101 4466 capiti
1133 4403 1239 4448 seu
1270 4385 1471 4448 ventri
1500 4384 1884 4466 impositum.
1914 4384 2123 4447 Etiam
2148 4403 2218 4447 ex
2241 4385 2359 4448 hac
2391 4385 2638 4468 regione
2663 4387 2796 4450 eius

305 4491 505 4554 verba
539 4485 763 4572 egredi
795 4486 1098 4552 videntur.
1133 4487 1269 4551 Hoc
1304 4489 1512 4550 autem
1545 4487 1717 4551 statu
1751 4487 1972 4551 educta
2004 4486 2102 4550 vel
2128 4486 2204 4550 ad
2231 4486 2470 4550 iussum
2496 4488 2684 4551 etiam
2709 4488 2797 4550 in-

306 4594 574 4658 ternum
618 4589 1102 4674 magnetizantis
1135 4591 1233 4655 vel
1264 4590 1440 4671 quasi
1480 4594 1696 4672 sponte
1728 4610 1840 4654 sua
1873 4591 2006 4670 ipso
2039 4591 2334 4672 temporis
2372 4590 2599 4672 puncto
2650 4609 2686 4651 a
2733 4606 2800 4650 se
