3497 5147
729 325 841 380 868
1324 334 1538 376 rnAcr.
1567 335 1672 376 vn.
1699 334 1862 375 sacr.
1890 336 1930 374 1.
1959 335 2044 373 nn
2068 333 2328 374 rmumo.
2358 334 2502 408 nun.
2528 335 2594 374 11.
3013 319 3207 395 [1145]

731 435 1128 508 laboriosam,
1161 451 1433 496 exercere
1460 431 1555 495 vel
1578 433 1830 513 propter
1860 431 2244 496 debilitatem
2277 450 2576 513 personae
2591 432 2689 496 vel
2722 434 2974 515 propter
3005 434 3203 497 aliam

732 537 1103 619 peculiarem
1157 534 1712 609 circumstantiam,
1744 534 1799 598 is
1836 552 1961 598 non
2008 536 2253 597 tenetur
2305 534 2385 597 ad
2439 534 2740 598 ieiunium
2773 560 2836 597 ›.
2885 535 3057 600 Haec
3105 536 3202 599 aet

730 640 949 723 regula
994 638 1280 702 relativa.

820 742 981 806 Tota
1027 741 1364 805 difficultas
1411 740 1629 821 (quam
1675 740 1928 823 regulae
1996 740 2155 803 istae
2222 739 2427 821 quoad
2473 741 2714 822 praxim
2783 758 2904 805 non
2957 758 3199 821 semper

728 845 993 926 tollunt)
1042 844 1106 907 iu
1153 863 1224 907 eo
1273 845 1387 915 est,
1440 842 1603 924 quod
1650 842 1780 906 sive
1825 841 2194 925 defatigatio
2241 843 2516 924 corporis
2563 842 2665 925 (de
2712 861 2840 924 qua
2884 843 2950 906 in
2997 843 3202 924 prima

730 947 977 1031 regula)
1023 946 1155 1009 sive
1202 945 1660 1010 incommodum
1710 944 1810 1025 (de
1856 963 1980 1025 quo
2013 943 2278 1007 secunda
2309 944 2556 1028 regula)
2581 948 2644 1009 et
2674 944 2967 1009 debilitas
2991 945 3204 1026 plures

732 1049 963 1113 habent
1008 1047 1238 1131 gradus
1285 1050 1350 1111 et
1396 1047 1573 1110 valde
1620 1046 1870 1111 difficile
1917 1048 2015 1111 est
2061 1047 2380 1129 assignare
2417 1047 2671 1123 limiteS,
2711 1047 2820 1128 qui
2867 1046 3024 1110 satis
3073 1046 3203 1110 sint

733 1150 811 1213 ad
858 1149 1292 1214 excusandum.
1355 1150 1548 1213 Porro
1596 1149 1660 1212 in
1707 1149 1826 1224 his,
1874 1167 2033 1229 quae
2079 1149 2266 1212 dubia
2313 1148 2459 1225 sint,
2523 1148 2828 1212 utendum
2876 1148 3058 1230 plane
3107 1149 3202 1211 aet

730 1252 966 1336 regulis
996 1270 1153 1332 quas
1181 1251 1593 1315 indicavimus
1626 1270 1727 1314 nu.
1768 1251 2208 1327 1135.-1138.‚
2246 1253 2308 1315 et
2345 1270 2546 1334 praec.

827 1349 1014 1423 1145.
1055 1353 1223 1418 Nota
1270 1356 1479 1418 tamen
1527 1354 1684 1417 alias
1729 1354 1980 1437 regulas
2026 1373 2157 1418 esse
2203 1354 2579 1431 confessarii,
2614 1355 2724 1436 qui
2761 1352 3201 1418 tantummodo

733 1456 1044 1521 declarare
1092 1457 1318 1537 potest,
1353 1456 1510 1519 alias
1547 1456 1914 1537 SuperioriS‚
1965 1456 2074 1537 qui
2119 1458 2326 1539 potest
2371 1458 2436 1520 et
2480 1456 2854 1540 dispensare.
2904 1457 3084 1519 Duae
3130 1456 3203 1519 de

735 1562 850 1624 hac
895 1579 960 1623 re
992 1558 1300 1622 habentur
1335 1558 1787 1641 propositiones
1824 1557 2156 1623 damnatae
2190 1560 2268 1622 ab
2301 1559 2649 1623 Alexandro
2693 1559 2835 1624 VH.

824 1663 1009 1743 Prop.
1044 1662 1149 1723 30.
1185 1662 1314 1723 est:
1370 1683 1406 1718 «
1438 1659 1662 1724 Omnes
1711 1660 2025 1737 officialeS,
2076 1662 2184 1742 qui
2230 1663 2294 1724 in
2326 1662 2643 1743 republica
2671 1662 3084 1744 corporaliter
3118 1662 3203 1724 la·

735 1766 979 1837 borant,
1020 1764 1169 1827 sunt
1213 1765 1487 1828 excusati
1536 1764 1615 1827 ab
1663 1763 2045 1846 obligatione
2090 1764 2304 1828 ieiunii
2349 1784 2461 1829 nec
2495 1764 2719 1828 debent
2749 1783 2816 1829 se
2860 1765 3202 1830 certificare

739 1889 816 1934 an
862 1867 1040 1930 labor
1071 1866 1157 1929 sit
1185 1866 1602 1948 compatibilis
1656 1885 1798 1929 cum
1829 1866 2059 1930 ieiunio
2107 1891 2168 1929 ».
2217 1866 2447 1930 Merito
2495 1868 2590 1930 est
2635 1866 2933 1931 damnata
2980 1870 3045 1931 et
3095 1886 3205 1950 po-

736 1973 968 2035 strema
1014 1987 1157 2051 pars
1205 1970 1356 2032 adeo
1404 1969 1499 2032 est
1545 1968 1764 2045 stulta,
1799 1969 1874 2031 ut
1919 1968 1981 2031 id
2028 1970 2090 2032 et
2122 1988 2338 2032 caecus
2371 1968 2707 2051 pervideat.
2755 1969 2939 2032 Prior
2987 1971 3202 2033 autem

736 2090 880 2153 pars
912 2070 1096 2133 nimis
1119 2070 1425 2153 generalis
1448 2071 1577 2143 est;
1602 2089 1751 2133 nam
1788 2069 2222 2152 inquirendum
2254 2071 2368 2148 est,
2396 2090 2474 2134 an
2490 2069 2668 2134 labor
2698 2070 2988 2152 componi
3011 2090 3198 2135 necne

737 2192 880 2237 cum
916 2172 1146 2236 ieiunio
1178 2171 1395 2253 possit.

825 2276 1010 2357 Prop.
1036 2276 1141 2337 31.
1175 2299 1211 2332 «
1242 2274 1630 2339 Excusantur
1661 2295 1697 2339 a
1734 2276 2059 2359 praecepto
2085 2275 2298 2339 ieiunii
2321 2293 2532 2339 omnes
2557 2275 2671 2352 illi,
2703 2275 2815 2357 qui
2848 2276 2971 2340 iter
2994 2278 3196 2360 agunt

735 2378 1089 2461 equitandO,
1125 2379 1463 2460 utcumque
1507 2379 1628 2442 iter
1659 2379 1870 2463 agant,
1913 2378 2159 2442 etiamsi
2213 2379 2335 2441 iter
2379 2378 2794 2443 necessarium
2840 2396 2962 2442 non
3010 2380 3096 2442 sit
3132 2380 3198 2442 et

735 2481 981 2546 etiamsi
1011 2482 1132 2545 iter
1163 2482 1347 2545 unius
1381 2480 1500 2545 diei
1532 2480 1862 2545 conficiant
1895 2505 1958 2542 ».

823 2584 958 2665 Qua
1006 2585 1079 2648 de
1125 2604 1191 2649 re
1222 2585 1339 2649 hoc
1374 2584 1717 2667 generatim
1752 2584 1888 2647 DD.
1923 2585 2216 2648 statuunt
2246 2583 2398 2666 (vid.
2438 2603 2487 2648 S.
2522 2584 2707 2667 Alph.
2741 2604 2802 2648 n.
2842 2584 3055 2666 1047.)
3086 2582 3195 2647 iti-

733 2689 1020 2753 nerantes
1049 2705 1173 2751 non
1206 2687 1483 2750 excusari
1514 2706 1552 2749 a
1574 2686 1825 2760 ieiunio,
1859 2686 1914 2749 si
1944 2687 2203 2763 constet,
2237 2705 2342 2750 eos
2374 2687 2505 2751 sine
2542 2705 2771 2770 magno
2803 2685 3195 2750 incommodo

737 2808 913 2873 posse
943 2789 1237 2853 ieiunare.

826 2892 908 2953 Et
953 2910 1002 2954 s.
1042 2890 1227 2973 Alph.
1277 2890 1424 2953 ibid.
1463 2891 1687 2955 merito
1720 2890 1900 2955 docet
1936 2910 2078 2954 cum
2116 2891 2275 2966 aliia,
2318 2909 2604 2955 excusare
2651 2890 2989 2972 aliquando
3021 2909 3201 2974 posse

737 2993 929 3058 etiam
974 2992 1093 3054 iter
1132 2991 1314 3054 unius
1346 2991 1486 3066 diei,
1527 2993 1581 3055 si
1611 2993 1725 3056 fiat
1755 3012 1896 3057 cum
1927 3012 2156 3077 magna
2194 2992 2658 3076 defatigatione,
2708 2993 2785 3055 ut
2815 2994 3026 3058 evenit
3062 3014 3201 3059 cur-

733 3096 977 3163 soribus
1010 3096 1108 3160 vel
1139 3096 1194 3159 si
1230 3096 1516 3177 equitans
1548 3097 1633 3161 sit
1676 3096 1895 3161 debilis
1928 3098 2026 3162 vel
2056 3097 2177 3161 iter
2223 3096 2487 3161 arduum
2534 3098 2598 3160 et
2634 3096 3194 3161 extraordinarium

734 3200 864 3263 scil.
899 3199 1159 3284 longum
1194 3199 1479 3281 respectu
1509 3199 1694 3262 unius
1726 3199 1868 3278 diei,
1909 3199 2255 3264 cuiusmodi
2288 3217 2410 3263 non
2447 3200 2731 3265 censetur
2762 3202 2906 3264 octo
2939 3203 3054 3264 aut
3100 3199 3197 3264 de-

736 3321 867 3367 cem
899 3304 1237 3367 leucarum.

829 3401 1015 3475 1146.
1057 3404 1451 3469 Enumeratis
1487 3404 1565 3469 ab
1595 3405 1670 3469 A.
1708 3403 1852 3469 addi
1883 3407 2164 3487 possunt.

920 3510 986 3572 1⁰
1017 3507 1235 3590 Coqui,
1268 3507 1377 3590 qui
1407 3507 1642 3573 multas
1674 3507 1862 3591 dapes
1895 3526 2004 3590 pro
2036 3508 2253 3572 multis
2287 3507 2562 3591 personis
2611 3526 2831 3589 parare
2855 3506 3084 3571 debent
3131 3526 3202 3572 ac

732 3611 856 3676 fere
889 3631 997 3694 per
1026 3612 1230 3675 totam
1277 3610 1441 3675 diem
1486 3610 1804 3676 laborant:
1839 3628 2015 3675 secus
2062 3610 2116 3674 si
2161 3629 2359 3693 pauca
2391 3609 2628 3693 parent,
2664 3611 2779 3674 aut
2813 3610 3020 3674 solum
3062 3610 3203 3675 aliis

730 3713 1124 3778 inferioribus
1171 3712 1581 3795 praesideant.

914 3813 984 3878 2⁰
1009 3816 1259 3880 Famuli
1304 3816 1764 3880 excusabuntur
1815 3816 1914 3879 vel
1949 3833 2092 3893 non,
2142 3833 2253 3897 pro
2290 3816 2532 3879 ratione
2567 3814 2876 3891 laborum,
2912 3833 3074 3896 quos
3104 3815 3203 3879 de-

737 3918 884 3982 bent
930 3916 1155 3981 subire.

916 4019 987 4084 3⁰
1031 4019 1435 4083 Mulierculae
1481 4021 1545 4084 et
1592 4021 1872 4096 ancillae,
1921 4039 2080 4103 quae
2125 4022 2331 4085 solum
2375 4022 2524 4084 nent
2570 4020 2683 4085 aut
2729 4020 2894 4085 levia
2941 4022 3205 4087 servitia

737 4122 1076 4189 domestica
1123 4122 1373 4196 obeunt,
1410 4140 1535 4186 non
1556 4126 1946 4188 excusantur.

915 4226 985 4289 4⁰
1016 4225 1185 4290 Dicit
1215 4243 1264 4288 s.
1304 4224 1661 4306 Alphonsus
1692 4245 1752 4290 n.
1793 4226 2016 4289 1041.:
2064 4250 2100 4285 ‹
2130 4226 2485 4291 laborantes
2534 4242 2658 4288 non
2704 4226 2986 4290 excusari
3033 4246 3073 4290 a
3119 4228 3200 4292 16-

733 4327 905 4391 iunio
953 4327 1072 4391 nisi
1118 4327 1404 4391 laborent
1440 4326 1664 4391 saltem
1711 4345 1818 4410 per
1863 4327 2164 4393 maiorem
2201 4329 2323 4393 diei
2353 4330 2614 4410 partem,
2646 4346 2772 4392 uon
2819 4347 2965 4393 vero
3004 4330 3060 4394 si
3091 4350 3199 4414 per

734 4427 889 4491 duas
936 4431 1048 4493 aut
1094 4430 1219 4493 tres
1251 4430 1437 4493 horas
1468 4453 1529 4490 ».
1565 4428 1683 4493 Sed
1727 4428 1889 4493 forte
1935 4432 2354 4513 exceptionem
2385 4430 2627 4515 patitur
2662 4431 2903 4515 regula.
2928 4430 2997 4496 Si
3025 4433 3197 4497 enim

734 4528 913 4593 labor
957 4530 1044 4593 sit
1079 4530 1244 4607 talis,
1280 4531 1389 4611 qui
1420 4530 1699 4612 requirat
1727 4531 1912 4608 vires,
1945 4551 2101 4614 quas
2136 4534 2249 4597 aut
2276 4533 2529 4597 ieiunus
2574 4534 2686 4597 aut
2715 4532 3000 4599 ieiunans
3030 4555 3206 4618 prae-
