3497 5147
332 330 466 408 [813]
1395 344 1433 386 0
1453 346 1495 386 a
1514 347 1555 386 A
1573 347 1611 385 ¹r
1629 346 1650 386 1
1671 346 1711 388 o
2672 337 2780 391 229

1156 498 1191 534 *
1228 497 1286 579 ἓ.
1323 497 1384 561 2.
1417 495 1518 559 De
1560 493 1873 559 Oratione.
1909 498 1942 535 *

413 645 566 717 313.
603 647 902 729 Quaestio
934 649 1136 731 prima
1167 667 1360 730 eaque
1405 646 1703 730 impedita
1752 647 2007 723 occurit,
2041 649 2218 713 cuius
2249 648 2569 714 facultatis
2602 653 2777 716 actus

332 752 410 814 sit
444 751 666 830 oratio,
702 752 1123 817 voluntatisne
1162 771 1241 815 an
1271 751 1652 815 intellectus:
1702 770 1892 832 quam
1922 751 2348 832 quaestionem
2380 753 2507 817 late
2539 756 2602 817 et
2639 754 2777 818 sub-

332 851 534 930 tiliter,
567 873 740 919 more
770 872 906 930 suc,
940 854 1283 936 pertractat
1312 852 1539 917 Suarez
1564 852 1638 916 de
1669 851 2002 934 Reliyione
2027 854 2105 917 tr.
2139 856 2200 917 4.
2235 854 2276 918 l.
2323 856 2379 918 1.
2413 875 2497 918 00.
2534 856 2684 919 3.-5.
2712 854 2777 919 Si

330 954 522 1019 oratio
554 955 780 1020 latiore
811 955 1084 1037 quodam
1113 974 1296 1020 sensu
1321 954 1640 1036 accipitur,
1674 957 1748 1018 ut
1773 955 1858 1019 sit
1885 956 2166 1019 ascensio
2188 958 2415 1021 mentis
2445 958 2516 1020 in
2546 956 2774 1034 Deum,

329 1056 843 1137 quemadmodum
888 1057 1039 1122 dicit
1084 1058 1504 1121 Damascenus
1549 1056 1624 1119 de
1669 1056 1833 1120 Fide
1878 1057 1920 1122 l.
1971 1058 2031 1121 3.
2081 1078 2131 1122 c.
2183 1060 2310 1138 24„
2367 1062 2561 1143 patet,
2609 1059 2776 1141 quod

330 1157 568 1239 utrique
600 1159 891 1224 facultati
923 1178 1114 1241 aeque
1144 1161 1489 1242 competere
1522 1160 1722 1224 oratio
1757 1161 1980 1243 potest.
2016 1159 2133 1224 Sed
2164 1161 2298 1225 heic
2336 1180 2540 1245 presse
2572 1163 2774 1228 oratio

327 1261 638 1343 accipitur,
672 1266 862 1344 prout
894 1262 970 1326 ab
994 1262 1208 1326 eodem
1244 1262 1627 1326 Damasceno
1657 1262 1806 1325 ibid.
1832 1262 2150 1327 definitur:
2175 1265 2399 1343 petitio
2429 1264 2776 1329 decenti-um

324 1381 363 1424 a
388 1359 522 1425 Deo
539 1383 563 1439 ,·
611 1382 771 1444 quae
800 1363 1077 1429 definitio
1110 1363 1521 1429 communiter
1568 1363 1946 1429 admittitur.
1979 1364 2313 1444 Quaeritur
2351 1367 2564 1451 itaque
2595 1370 2773 1436 cuius

327 1462 639 1530 facultatis
688 1466 866 1530 actus
901 1468 988 1530 sit
1024 1466 1265 1550 petitio.
1299 1463 1555 1529 Certum
1585 1467 1699 1542 est,
1741 1467 1984 1549 aliquos
2018 1468 2196 1532 actus
2233 1469 2462 1550 requiri
2494 1472 2633 1534 tum
2675 1471 2773 1533 iu-

328 1566 604 1633 tellectus
650 1571 792 1632 tum
837 1568 1202 1645 voluntatiS,
1252 1570 1325 1632 ut
1370 1568 1589 1651 petitio
1636 1568 1747 1632 sit:
1791 1571 2037 1652 oportet
2061 1589 2190 1634 esse
2237 1570 2421 1635 fidem
2452 1572 2525 1636 de
2564 1572 2772 1637 divina

325 1671 618 1751 potentia,
652 1672 933 1737 bonitate
978 1673 1042 1736 et
1091 1670 1498 1755 promissione
1535 1671 1670 1747 Dei,
1711 1690 1902 1752 spem,
1943 1671 2314 1736 desiderium
2350 1674 2440 1737 rei
2478 1675 2773 1756 petendae

320 1773 385 1834 et
413 1774 800 1839 voluntatem
832 1793 941 1839 seu
974 1774 1263 1838 affectum
1303 1772 1537 1837 orandi.
1587 1772 1677 1836 At
1704 1773 1802 1836 his
1833 1773 2101 1836 habetur
2132 1773 2382 1855 quidem
2413 1774 2774 1858 dispositive

324 1873 428 1937 sed
448 1877 719 1942 nondum
733 1877 1080 1943 formaliter
1096 1875 1319 1941 oratio.
1340 1875 1431 1939 Ea
1448 1877 1544 1939 est
1572 1876 1809 1941 locutio
1826 1875 2132 1958 quaedam
2148 1877 2417 1942 hominis
2442 1879 2519 1942 ad
2550 1880 2773 1957 Deum,

319 1994 473 2058 quae
503 1980 641 2041 tum
663 1998 826 2043 mere
857 1979 1134 2055 interior,
1170 1979 1308 2041 tum
1340 1978 1529 2042 simul
1566 1978 1832 2044 exterior
1869 1998 2000 2043 esse
2032 1981 2268 2062 potest;
2309 1999 2431 2061 qua
2464 1981 2776 2047 locutione

317 2078 686 2146 desiderium
723 2083 1011 2148 nostrum
1041 2082 1171 2145 Deo
1204 2081 1584 2164 exponimus.

394 2184 595 2266 Atqui
629 2185 867 2249 locutio
899 2185 1144 2268 proprie
1182 2186 1278 2250 est
1309 2186 1485 2248 aetus
1515 2183 1890 2261 intellectuS,
1926 2204 1963 2248 a
1994 2203 2116 2266 quo
2156 2185 2348 2249 etiam
2379 2186 2646 2251 exterior
2690 2187 2778 2251 lo·

309 2287 471 2351 cutio
502 2288 867 2353 immediate
897 2287 1148 2370 pendet:
1197 2306 1269 2351 ea
1316 2287 1482 2351 enim
1517 2286 1808 2369 exprimit
1837 2288 2169 2369 conceptus
2198 2288 2445 2351 mentis,

388 2389 470 2453 Et
513 2409 670 2455 sane
716 2391 770 2455 si
816 2390 1207 2455 reflectamus
1246 2388 1323 2452 ad
1358 2388 1423 2452 id
1456 2388 1622 2470 quod
1653 2389 1899 2472 agimus
1932 2408 2075 2453 011111
2105 2389 2461 2453 mentaliter
2498 2409 2772 2468 oramus,

309 2492 539 2573 patebit
593 2511 733 2557 eam
778 2493 842 2556 in
890 2493 1007 2556 hoc
1052 2492 1291 2556 differre
1324 2491 1401 2554 ab
1450 2491 1728 2555 oratione
1767 2491 1988 2569 vocali,
2029 2490 2195 2573 quod
2231 2492 2419 2556 verba
2459 2493 2594 2557 eius
2626 2492 2780 2558 idio-

305 2595 508 2672 matis,
542 2596 777 2678 quibus
809 2595 887 2661 ad
920 2596 1115 2660 alium
1145 2594 1320 2677 loqui
1355 2594 1646 2672 3010111113,
1686 2597 1893 2658 mente
1925 2595 2130 2660 solum
2160 2596 2538 2660 revolvimus
2576 2596 2775 2678 iisque

308 2697 383 2762 ad
414 2700 617 2765 Deum
646 2699 898 2764 directis
922 2698 1294 2763 desiderium
1326 2699 1614 2762 nostrum
1637 2697 2095 2781 significamus:
2131 2698 2307 2779 atqui
2345 2699 2446 2763 1110
2479 2700 2575 2763 est
2599 2701 2776 2765 actus

308 2799 661 2868 intellectus
695 2801 760 2866 et
794 2801 1028 2865 locutio
1075 2799 1398 2881 quaedam.
1447 2799 1571 2862 Hic
1617 2801 1829 2863 autem
1877 2802 2053 2863 actus
2104 2800 2396 2884 physicus
2441 2801 2775 2866 locutionis

306 2904 525 2987 accipit
556 2923 698 2970 esse
727 2904 964 2968 morale
989 2922 1025 2967 a
1060 2902 1253 2967 libero
1289 2903 1512 2966 affectu
1545 2901 1911 2976 νο1111113113,
1953 2921 2111 2983 quae
2143 2904 2282 2966 vult
2305 2921 2499 2968 orare.

387 3006 485 3070 Ita
517 3007 755 3071 saltem
793 3004 1205 3070 communiter
1238 3022 1413 3069 orare
1450 3021 1563 3068 1103
1595 3003 1922 3087 contingit.
1957 3003 2044 3068 At
2089 3004 2304 3088 negari
2351 3005 2568 3086 nequit
2597 3023 2774 3087 posse

304 3126 406 3189 per
451 3129 515 3174 se
574 3108 930 3173 orationem
990 3126 1122 3171 esse
1182 3106 1529 3170 formaliter
1589 3107 1800 3170 actum
1846 3105 2040 3170 solius
2087 3106 2453 3170 voluntatis.
2503 3106 2771 3185 Etenim,

307 3214 556 3276 auctore
606 3231 661 3276 3.
703 3210 962 3287 Thoma,
1011 3209 1246 3274 locutio
1291 3209 1676 3292 Angelorum
1722 3209 1885 3272 inter
1932 3228 1995 3272 se
2042 3210 2104 3272 et
2152 3208 2230 3271 ad
2279 3210 2484 3273 Deum
2531 3227 2654 3273 non
2700 3209 2776 3273 fit

302 3333 401 3394 per
446 3314 672 3396 aliqua
717 3312 897 3396 signa
943 3312 1370 3393 conceptuum,
1427 3310 1532 3374 sed
1580 3309 1917 3375 ordinando
1975 3329 2081 3393 per
2127 3310 2519 3375 voluntatem
2565 3329 2775 3376 conce-

298 3417 572 3497 ptionem
612 3434 800 3480 suam
831 3414 909 3479 ad
947 3414 1175 3490 alium3
1225 3412 1482 3494 ideoque
1515 3413 1741 3497 Angeli
1772 3432 1913 3476 011111
1945 3414 2076 3477 1)00
2114 3413 2459 3493 loquuntur
2498 3439 2533 3471 «
2565 3414 2771 3477 solum

298 3518 642 3583 ordinando
694 3536 801 3600 per
846 3516 1235 3581 voluntatem
1283 3515 1709 3597 conceptiones
1756 3532 1902 3578 suas
1957 3513 2035 3577 ad
2089 3515 2310 3590 Deum,
2367 3531 2492 3577 non
2552 3517 2626 3578 111
2671 3515 2768 3578 1111

296 3620 529 3703 aliquid
577 3619 1061 3696 communicent,
1110 3619 1215 3683 sed
1253 3622 1326 3683 ut
1363 3619 1441 3681 ab
1488 3637 1558 3682 eo
1607 3616 1844 3697 aliquid
1893 3616 2289 3699 accipiant».
2330 3618 2389 3679 1.
2424 3637 2482 3699 p.
2517 3636 2575 3698 q.
2616 3618 2762 3681 107.

294 3740 349 3785 a.
381 3725 441 3787 3.
488 3749 527 3782 ‹
567 3723 741 3787 Tota
771 3741 918 3806 ergo
947 3721 1182 3787 locutio
1230 3720 1454 3805 Angeli
1501 3719 1775 3802 (colligit
1804 3716 2031 3781 Suarez
2063 3717 2104 3781 l.
2141 3737 2191 3781 c.
2226 3737 2276 3781 0.
2312 3718 2405 3800 4.)
2439 3719 2515 3782 ad
2563 3719 2766 3784 Deum

295 3827 587 3892 consistit
616 3827 685 3890 in
731 3825 850 3888 hac
897 3823 1301 3900 ordinatione,
1336 3823 1451 3887 sub
1485 3822 1600 3886 tali
1634 3821 2006 3885 intentione:
2046 3821 2293 3885 constat
2324 3822 2536 3885 autem
2568 3823 2633 3886 et
2675 3823 2765 3887 111-

295 3930 646 3994 tentionem
692 3946 823 3992 esse
870 3930 1082 3992 actum
1134 3925 1481 3990 voluntatis
1543 3925 1605 3989 et
1668 3923 2121 3990 ordinationem
2173 3923 2350 3987 illam
2396 3944 2504 4007 per
2550 3927 2760 3991 actum

294 4031 650 4097 voluntatis
695 4029 863 4107 fieri3
913 4048 1059 4112 ergo
1106 4028 1339 4093 locutio
1387 4047 1517 4093 esse
1554 4029 1763 4109 potest
1808 4027 1985 4091 actus
2032 4026 2381 4091 formaliter
2415 4028 2760 4094 voluntatis

290 4131 684 4214 (formaliter
724 4132 962 4213 inquit3
1010 4150 1156 4194 nam
1203 4150 1344 4195 cum
1376 4129 1694 4195 ordinetur
1722 4133 2067 4208 conceptus,
2117 4129 2469 4193 intellectus
2516 4148 2760 4210 quoque

287 4237 719 4302 mtemaliter
760 4235 1126 4319 ingreditur.
1159 4235 1247 4298 At
1291 4235 1347 4298 si
1385 4234 1702 4299 ordinetur
1738 4233 2128 4310 desiderium,
2169 4234 2232 4296 in
2265 4233 2400 4298 sola
2436 4235 2760 4299 voluntate
2883 4295 2900 4307 ,

290 4343 495 4406 omnia
526 4339 898 4406 consistent.
939 4337 1012 4401 Id
1041 4355 1224 4419 porro
1257 4338 1352 4401 est
1382 4335 1549 4418 quod
1595 4335 1854 4420 subdit).
1889 4334 2049 4414 Quid
2084 4337 2295 4399 autem
2325 4335 2612 4417 prohibet
2646 4334 2761 4399 ho-

290 4444 516 4509 minem
566 4459 822 4524 quoque
868 4441 959 4504 ita
1006 4439 1083 4503 ad
1129 4441 1331 4503 Deum
1376 4439 1552 4521 loqui
1597 4440 1671 4502 ut
1715 4457 1934 4519 nempe
1975 4438 2129 4501 velit
2172 4436 2543 4501 desiderium
2575 4456 2759 4501 suum

288 4546 688 4629 propositum
723 4561 852 4607 esse
887 4543 1040 4617 Deo,
1075 4545 1148 4607 ut
1180 4543 1257 4606 ab
1304 4561 1374 4606 eo
1423 4541 1702 4606 obtineat
1748 4539 1913 4621 quod
1961 4539 2308 4604 desiderat?
2337 4539 2476 4603 Non
2515 4538 2762 4600 videtur
