3497 5147
397 305 542 381 [915]
1445 319 1530 359 nn
1569 318 1813 362 anon‘ru
2107 342 2132 363 .
2759 306 2865 361 679

380 414 667 498 periculo
715 419 779 479 et
819 414 1184 480 detrimento
1218 435 1568 495 procurare
1615 418 1677 478 et
1718 434 2083 480 conservare
2127 416 2359 498 foetum
2403 415 2503 497 (in
2546 420 2740 494 utere,
2791 417 2863 481 de

391 521 509 585 hac
544 518 710 583 enim
738 536 805 581 re
836 516 1165 601 disputat),
1199 517 1362 581 sieut
1405 537 1518 581 nec
1549 520 1773 581 natum
1815 520 1945 582 iam
1975 516 2182 598 silium
2230 520 2473 581 tenetur
2518 538 2655 582 eum
2700 519 2864 582 vitae

393 620 754 686 discrimine
783 619 953 683 alere
976 622 1039 683 et
1065 619 1355 695 retinere,
1380 640 1576 700 neque
1606 621 1799 684 etiam
1820 620 1910 683 ad
1936 641 2076 684 eum
2107 619 2471 684 laetandum
2500 639 2867 684 conservare

397 723 494 789 lae
538 724 610 788 in
638 722 953 798 uberibus,
993 720 1245 803 quando
1275 723 1363 785 ad
1391 722 1729 801 propriam
1774 724 1966 787 vitam
2014 724 2305 787 tuendam
2349 724 2770 787 necessarium
2813 724 2874 787 ei

397 830 557 890 esset
598 824 797 889 ubera
839 822 1174 903 arefacere.
1215 824 1298 888 Et
1342 824 1524 908 plane
1569 825 1692 889 huc
1737 827 1930 891 etiam
1959 827 2116 892 illud
2154 830 2414 910 spectat,
2448 827 2614 910 quod
2661 827 2873 891 subdit

397 928 625 993 ibidem
677 927 878 1012 Lugo,
926 926 1258 1011 diligenter
1312 927 1700 1012 distinguens
1746 947 1984 993 meram
2030 931 2438 995 cessationem
2485 929 2872 995 custodiendi

401 1032 596 1096 vitam
630 1050 667 1095 a
703 1029 929 1094 damno
961 1030 1228 1112 positive
1272 1029 1452 1094 illato
1492 1030 1672 1112 proli,
1706 1030 1855 1095 licet
1885 1050 2007 1095 non
2039 1030 2417 1096 admittatur
2462 1031 2647 1098 modo
2682 1033 2873 1116 hypo-

397 1133 593 1197 thesis
638 1132 748 1196 illa
794 1131 1011 1196 veneni
1058 1132 1295 1215 prolem
1326 1131 1673 1196 inficientis.
1711 1131 1941 1196 Placet
1977 1136 2184 1197 tamen
2214 1132 2475 1217 (inquit)
2506 1134 2868 1209 moderatio,

400 1256 590 1317 quam
619 1234 760 1299 huic
789 1236 1109 1300 doctrinae
1137 1235 1390 1299 addidit
1409 1241 1637 1315 postea
1685 1235 2051 1318 Vas-queem,
2087 1237 2300 1301 dicens
2345 1237 2453 1300 hoc
2489 1236 2769 1319 intelliyi
2797 1236 2872 1299 de

398 1338 737 1419 sanguinis
765 1338 1109 1415 emissione,
1137 1337 1357 1402 balneo
1388 1340 1451 1402 et
1483 1336 1788 1402 eiusmodi
1814 1339 2128 1414 remediis,
2154 1359 2314 1421 quae
2344 1359 2472 1403 non
2501 1339 2765 1403 tendunt
2790 1338 2878 1402 acl

398 1439 763 1504 occisionem
789 1438 990 1519 foetus
1025 1440 1157 1503 nisi
1197 1440 1504 1521 negative,
1528 1460 1649 1519 per
1679 1440 2164 1505 subtractionem
2211 1441 2489 1506 humoris
2534 1441 2877 1505 necessarii

401 1540 491 1604 ad
530 1541 664 1605 eius
698 1541 1229 1617 sustentationem,
1261 1562 1392 1606 non
1427 1561 1568 1605 vero
1616 1541 1692 1606 de
1721 1543 2033 1617 remediis,
2066 1564 2223 1623 quae
2255 1544 2525 1622 positive
2557 1562 2877 1606 conc-urre

401 1647 546 1708 rent
568 1644 658 1707 ad
682 1648 939 1708 mortem
984 1642 1202 1723 seems,
1237 1642 1447 1725 qualis
1477 1649 1639 1708 esset
1672 1645 1867 1723 potio,
1906 1664 2066 1725 quae
2087 1665 2208 1724 per
2237 1645 2675 1710 alterationem
2710 1645 2880 1723 posi-

405 1746 594 1809 tivam
615 1746 915 1809 occideret
940 1744 1172 1825 foetum
1187 1765 1211 1822 ‚·
1234 1745 1345 1809 hoc
1367 1746 1533 1809 enim
1557 1751 1716 1810 esset
1734 1747 1887 1810 dare
1907 1747 2178 1826 positive
2200 1767 2504 1812 venenum
2532 1746 2873 1819 innocenti,

404 1850 478 1911 ut
513 1850 569 1910 te
598 1868 641 1911 a
670 1852 863 1911 morte
896 1847 1140 1923 liberes,
1179 1846 1347 1928 quod
1372 1867 1696 1928 nunquam
1726 1847 1874 1912 licet
1901 1849 2016 1933 (a).

493 1950 680 2015 Hisce
703 1951 1054 2034 praeiactis,
1082 1951 1250 2016 haud
1274 1970 1455 2035 aegre
1480 1951 1688 2015 variae
1721 1970 1832 2035 pro
1866 1952 2056 2017 variis
2083 1952 2534 2036 hypothesibus
2560 1953 2882 2018 solventur

413 2053 826 2135 quaestiones.

504 2150 655 2224 815.
682 2155 770 2219 Ac
796 2156 845 2219 I.
874 2154 998 2220 Ubi
1022 2157 1192 2220 certa
1222 2156 1306 2219 sit
1330 2174 1496 2220 mors
1525 2156 1912 2233 alterutriuS,
1940 2158 2053 2220 aut
2083 2157 2305 2220 matris
2330 2156 2570 2221 scilicet
2602 2159 2715 2221 aut
2739 2174 2883 2239 pro-

408 2256 508 2335 lis,
540 2258 707 2321 certa
733 2260 944 2322 autem
977 2258 1234 2323 alterius
1261 2259 1535 2342 (matris)
1564 2259 1695 2323 vita
1721 2261 1785 2323 et
1808 2260 2092 2341 quaestio
2120 2260 2205 2324 sit
2227 2259 2300 2324 de
2324 2261 2526 2324 morte
2552 2259 2883 2323 dumtaxat

408 2359 742 2442 temporali
789 2358 1119 2443 (infantis),
1161 2360 1308 2442 quia
1356 2381 1412 2424 v.
1448 2381 1541 2445 gr.
1584 2361 1932 2444 baptismus
1966 2362 2127 2445 proli
2163 2361 2437 2426 noudum
2485 2362 2670 2425 natae
2705 2361 2881 2425 iuxta

407 2461 724 2545 praedicta
755 2462 964 2545 potuit
987 2460 1277 2539 conferri3
1318 2481 1441 2528 non
1473 2464 1720 2527 tenetur
1751 2465 1955 2528 mater
1986 2464 2165 2539 mori,
2215 2465 2289 2527 ut
2320 2464 2520 2527 vitam
2550 2462 2682 2528 filio
2717 2465 2875 2527 tem-

413 2564 689 2648 poralem
727 2566 1081 2629 conservet:
1114 2584 1237 2630 non
1261 2584 1407 2650 ergo
1435 2566 1681 2630 tenetur
1713 2585 2074 2632 conservare
2098 2566 2355 2632 foetum.
2383 2565 2526 2630 Vid.
2552 2565 2731 2649 Lugo
2756 2565 2799 2628 l.
2828 2585 2880 2629 c.

502 2665 617 2731 Sed
642 2666 742 2731 hic
772 2685 972 2743 casae,
1007 2666 1173 2749 quod
1208 2685 1448 2750 nempe,
1474 2668 1778 2733 moriente
1826 2671 2045 2746 matre,
2095 2668 2300 2733 infans
2348 2668 2559 2732 vitalis
2607 2668 2710 2745 sit,
2752 2687 2883 2751 per-

414 2787 595 2833 rarus
635 2769 883 2834 omnino
916 2771 1038 2844 est3
1074 2769 1592 2851 quandoquidem,
1630 2772 1701 2834 ut
1725 2770 1876 2834 dicit
1907 2790 1956 2834 e.
1992 2770 2348 2853 Alphonsus
2380 2770 2487 2835 lib.
2517 2771 2576 2833 3.
2611 2791 2671 2834 n.
2708 2771 2881 2848 394„

414 2871 738 2936 moraliter
781 2869 1161 2952 impossibile
1193 2873 1303 2947 est,
1330 2874 1403 2933 ut
1420 2891 1586 2950 pene
1610 2871 1983 2934 miraculum
2013 2873 2116 2946 sit,
2149 2873 2317 2953 quod
2346 2876 2651 2953 pereunte
2686 2876 2887 2935 matre

404 2972 621 3055 proles
665 2973 1085 3054 supervivat...
1133 2972 1334 3054 quue
1379 2972 1646 3056 (subdit)
1701 2974 1859 3037 mihi
1924 2975 2386 3054 confirmarunt
2438 2975 2664 3055 plnres
2726 2976 2889 3040 artis

413 3076 684 3141 medicae
716 3076 933 3154 periti,
976 3095 1136 3156 quos
1180 3074 1468 3138 consului
1513 3076 1628 3160 (b).

507 3180 587 3242 Et
618 3179 736 3243 hoc
765 3178 1015 3259 quidem
1047 3176 1215 3241 valet
1248 3177 1496 3242 etiamsi
1529 3177 1769 3261 agenda
1793 3181 2239 3261 proponeretur
2263 3198 2548 3244 caesarea
2582 3179 2883 3262 operati0‚

417 3301 575 3364 quae
599 3281 920 3365 praeterea
942 3299 1085 3344 cum
1116 3279 1526 3363 peritissimos
1556 3279 1838 3361 requirat
1868 3281 2139 3345 medicos
2160 3283 2224 3346 et
2245 3285 2513 3346 matrem
2537 3281 2887 3359 robustam,

417 3403 558 3449 raro
582 3383 645 3447 id
676 3383 883 3447 locum
915 3383 1121 3457 habet,
1157 3381 1522 3464 praesertim
1546 3400 1688 3446 cum
1720 3382 1837 3446 hoc
1860 3383 2201 3447 remedium
2231 3383 2462 3462 requiri
2495 3385 2643 3446 tunc
2668 3383 2885 3460 soleat,

419 3484 662 3567 quando
709 3484 1023 3548 incassum
1070 3483 1196 3548 alia
1240 3482 1511 3546 remedia
1559 3482 1841 3547 adhibita
1888 3486 2035 3547 sunt
2083 3484 2270 3564 atque
2329 3483 2479 3547 adeo
2528 3484 2774 3564 quando
2822 3487 2885 3548 et

418 3590 618 3652 mater
665 3589 730 3651 et
775 3587 979 3671 proles
1026 3606 1057 3650 e
1095 3587 1283 3670 longa
1316 3585 1487 3649 lucta
1518 3586 1870 3667 prostratas
1901 3584 2132 3648 habent
2163 3584 2324 3648 vires
2351 3584 2457 3666 (c).

502 3805 567 3858 (a)
591 3822 610 3842 c
631 3803 836 3847 Cessare
855 3814 997 3856 posse
1015 3805 1232 3845 matrem
1252 3814 1282 3844 a
1301 3799 1646 3844 conservando
1667 3798 1824 3852 foetu,
1844 3798 1886 3842 si
1906 3799 2016 3842 sine
2044 3798 2278 3853 propriae
2297 3798 2438 3843 vitae
2460 3798 2751 3843 discrimine
2768 3810 2885 3843 eum

417 3883 717 3915 conservare
733 3882 835 3912 non
854 3869 1076 3923 amplius
1096 3869 1268 3922 possit,
1285 3867 1494 3910 cuilibet
1514 3869 1714 3909 certum
1733 3878 1840 3910 esse
1860 3865 2007 3908 debet
2029 3883 2068 3915 ο,
2092 3864 2165 3908 ait
2181 3863 2373 3908 citatus
2393 3865 2700 3909 Lehmkuhl.
2718 3868 2757 3909 1.
2770 3879 2812 3909 o.
2826 3866 2883 3909 E.

529 3938 591 3991 (b)
622 3937 760 3980 Haec
786 3935 1154 3990 quodammodo
1178 3935 1512 3989 temperanda.
1540 3937 1679 3977 sunt.
1720 3949 1739 3969 ι
1767 3931 2022 3987 opinioni.
2050 3934 2184 3986 quod
2215 3933 2381 3976 foetus
2408 3934 2464 3976 in
2492 3937 2640 3977 utero
2667 3937 2889 3988 nequeat

417 4007 671 4059 superstes
699 4015 805 4047 esse
833 4002 1006 4055 matri,
1024 4002 1247 4057 plurimu
1266 4001 1403 4046 facta
1431 3999 1794 4045 contradicunt
1813 4002 1866 4053 ›,'
1876 4001 1951 4043 ait
1969 4000 2166 4043 Pruner
2187 4000 2425 4045 Lehrbuch
2442 4003 2519 4044 des
2537 4002 2700 4044 cathol.
2722 4001 2888 4046 Mon-al.

418 4070 546 4116 theol.
566 4071 610 4114 2.
625 4071 704 4114 ed.
726 4084 774 4124 p.
795 4069 892 4113 413.
924 4069 1091 4112 citans
1119 4068 1379 4121 Debreyne
1400 4082 1441 4112 c.
1464 4070 1506 4111 2.
1540 4075 1579 4120 g,
1599 4069 1640 4111 1.
1663 4067 1801 4117 Quae
1832 4066 1964 4109 ratio
1993 4066 2093 4109 fuit
2124 4080 2214 4110 cur
2243 4068 2399 4111 etiam
2428 4067 2717 4122 antiquitus
2738 4069 2893 4111 sectio

419 4149 651 4182 caesarea
669 4140 799 4181 esset
818 4137 873 4179 in
887 4148 1001 4184 usu.
1018 4147 1148 4190 quae
1163 4138 1289 4178 tunc
1308 4135 1514 4189 quidem
1534 4134 1736 4178 nonnisi
1756 4136 1988 4177 mortuae
2009 4133 2162 4177 matri
2182 4133 2537 4177 adhibebatur.
2567 4133 2703 4176 Raro
2717 4136 2890 4176 tamen

418 4205 695 4260 continget,
716 4204 909 4248 foetum
928 4203 1219 4245 extractum
1236 4201 1437 4255 aliquas
1458 4200 1787 4257 supervivere
1807 4199 1975 4254 horus,
1991 4201 2160 4243 rarius
2180 4200 2456 4254 producere
2479 4200 2658 4242 vitam.
2689 4199 2891 4243 Mortua

418 4272 556 4315 enim
573 4275 756 4322 matre,
776 4268 988 4322 corripit
1008 4267 1278 4310 admodum
1300 4268 1401 4310 cito
1432 4267 1681 4312 infantem
1718 4263 1929 4325 ἀπᾳυξῐα.
1963 4266 2038 4310 Cf.
2070 4266 2319 4309 Schroder
2339 4279 2417 4320 op.
2449 4265 2535 4308 cit.
2561 4278 2606 4320 p.
2641 4265 2737 4307 530.
2753 4277 2888 4321 seqq.

419 4338 722 4382 Huiusmodi
752 4335 983 4379 homines
1002 4347 1063 4378 ex
1091 4345 1219 4377 caeso
1247 4337 1415 4378 matris
1446 4338 1573 4378 utero
1600 4335 1655 4378 in
1682 4335 1851 4379 lucem
1870 4333 2080 4377 adducti
2102 4333 2419 4377 vocabantur
2438 4345 2469 4376 a
2488 4333 2668 4376 latInis
2682 4343 2894 4376 caesares

421 4404 504 4448 vel
532 4414 759 4448 caesones.
780 4402 840 4445 Ε.

529 4473 589 4524 (c)
610 4470 759 4514 Nunc
774 4466 1133 4512 instrumentis
1163 4466 1413 4520 exquisite
1436 4467 1500 4508 ad
1531 4467 1892 4519 perfectionem
1916 4468 2150 4510 adductis
2171 4470 2427 4521 auctaque
2457 4467 2669 4511 scientia
2699 4467 2894 4511 chirur-

422 4537 536 4591 gica
563 4537 765 4581 facilior
792 4534 958 4578 evasit
984 4533 1256 4587 minusque
1287 4532 1565 4585 periculosa
1595 4534 1750 4576 sectio
1778 4545 2030 4587 caesarea,
2060 4546 2191 4588 quae
2219 4533 2395 4588 sopitis
2424 4534 2651 4578 sensibus
2679 4547 2767 4589 per
2795 4535 2893 4578 clo-

423 4603 740 4656 rotormium,
758 4600 1040 4645 tolerabilis
1070 4603 1144 4643 est
1175 4603 1310 4642 certe
1338 4597 1509 4640 matri.
1529 4598 1589 4641 E.

3013 491 3054 520 Ο
