3497 5147
285 390 425 462 [387]
1112 400 1530 443 snoninnemu
1566 402 1929 443 pensorum
2631 391 2739 444 285

273 502 654 582 potestatem.
689 498 772 562 Et
802 498 846 560 l.
880 497 966 562 In
999 500 1241 561 tantum
1274 499 1332 579 ἓ.
1369 499 1429 562 3.
1460 499 1600 583 Dig.
1640 500 1730 562 tit.
1765 498 1934 562 eod..·
1967 499 2197 564 Sacrae
2227 507 2430 565 autem
2463 522 2563 565 res
2592 506 2745 566 sunt

284 602 411 677 hae,
443 620 604 683 quae
622 599 874 681 publice
905 605 1294 664 consecratae
1330 606 1497 675 sunt,
1530 620 1656 664 non
1675 602 1968 681 private:
1998 604 2059 665 si
2089 605 2229 684 quis
2265 624 2410 685 eryo
2435 605 2742 685 privatim

284 705 403 770 sibi
431 724 686 770 sacrum
722 704 1131 779 constituerit,
1163 724 1410 768 sacrum
1440 724 1567 768 non
1598 710 1708 779 est,
1740 707 1852 768 sed
1879 706 2246 787 profanum.

368 808 453 873 Et
485 827 560 872 ex
596 807 694 872 his
727 806 921 890 patet,
955 825 1063 871 cur
1098 806 1421 890 Laymann
1451 807 1493 870 l.
1528 827 1579 870 c.
1622 807 1958 873 addiderit:
1999 808 2152 872 Non
2197 809 2471 890 quolibet
2483 810 2744 889 privato

275 910 590 991 proposito
620 912 737 972 aut
766 911 906 972 voto
952 927 1086 971 rem
1118 910 1234 971 aut
1264 927 1603 988 personam
1637 927 1884 972 sacram
1930 910 2114 990 effici,
2162 911 2274 973 sed
2314 930 2556 974 neeesse
2587 930 2743 985 esse,

285 1017 353 1077 ut
367 1012 693 1094 publicam
720 1031 800 1075 eat
828 1011 965 1074 iure
1000 1011 1519 1074 consecratimiem
1562 1009 1660 1074 vel
1704 1011 2161 1091 deputa-tionem
2207 1011 2297 1075 ad
2336 1012 2466 1076 Dei
2508 1013 2744 1077 cultum

288 1113 522 1179 habeat.
555 1114 639 1179 Et
661 1112 886 1178 Suarez
919 1113 960 1176 1.
995 1133 1046 1178 c.
1080 1132 1213 1206 cap,
1242 1114 1301 1177 2.
1336 1133 1396 1177 n.
1436 1114 1531 1177 1.:
1565 1112 1719 1178 Non
1747 1114 2061 1194 quaelibet
2082 1116 2343 1195 privata
2374 1116 2609 1179 devotio
2632 1120 2749 1180 aut

282 1218 662 1299 propositum
696 1236 762 1279 se
801 1219 992 1279 totum
1036 1214 1293 1278 dicandi
1323 1215 1411 1278 ad
1437 1215 1673 1279 ctdbum
1715 1216 1998 1280 divinum
2040 1217 2366 1280 constituit
2395 1237 2736 1298 personam

286 1339 547 1395 sacram,
594 1319 706 1382 sed
748 1337 987 1381 neeesse
1034 1322 1143 1393 est,
1194 1322 1263 1379 ut
1307 1338 1383 1381 ex
1436 1318 1573 1382 iure
1618 1318 1738 1398 fiat
1794 1318 1942 1383 talis
1986 1321 2361 1384 consecratio
2411 1340 2741 1400 personae.

287 1421 361 1486 Et
396 1421 679 1486 Filliucc.
710 1421 755 1485 1.
787 1440 839 1484 c.
874 1441 933 1484 n.
971 1422 1157 1485 224:
1191 1420 1343 1484 Non
1373 1421 1684 1501 quaelibet
1692 1423 1951 1501 privata
1973 1423 2207 1487 devotio
2230 1428 2345 1486 aut
2354 1424 2747 1503 propositum

286 1524 538 1589 dicandi
580 1544 647 1588 se
697 1522 833 1588 Deo
885 1524 1209 1587 constit-uit
1245 1543 1584 1603 personam
1636 1544 1903 1599 sacram,
1941 1522 2057 1588 sed
2094 1525 2461 1604 requiritur,
2511 1529 2584 1587 ut
2626 1524 2747 1603 fiat

282 1630 461 1694 iuxta
490 1650 677 1693 iesum
710 1627 1032 1693 Ecclesiae
1064 1633 1125 1692 et
1151 1629 1510 1693 iuridiczim.

373 1731 538 1796 Hinc
585 1733 795 1797 autem
840 1731 1308 1807 consectarium,
1357 1731 1519 1813 quod
1567 1732 1787 1795 votum
1824 1731 2147 1811 privatum
2191 1751 2299 1814 per
2345 1749 2408 1795 se
2456 1750 2565 1795 nec
2612 1751 2741 1796 rem

285 1836 523 1909 votam,
554 1853 663 1899 nec
693 1852 1019 1917 personam
1066 1834 1395 1898 voventem
1441 1832 1632 1897 efficit
1674 1852 1955 1909 sacram,·
1988 1833 2136 1915 quia
2165 1833 2301 1898 heic
2348 1834 2522 1898 nulla
2555 1834 2749 1898 inter-

286 1936 451 2001 cedit
470 1935 726 2015 publiea
760 1941 822 2000 et
847 1935 1120 2000 iuridioa
1149 1935 1277 1999 sive
1308 1935 1397 1999 rei
1434 1935 1563 1999 sive
1596 1954 1891 2018 personae
1922 1934 2244 2019 deputatio
2293 1936 2406 1999 aut
2437 1936 2742 2001 dedicatio

283 2042 396 2102 aut
427 2039 806 2103 consecratio
839 2037 917 2103 ad
950 2038 1064 2102 Dei
1094 2038 1353 2101 cultum.
1389 2036 1686 2117 Quocirca
1712 2037 2020 2103 'eiusmodi
2053 2038 2186 2102 voti
2221 2037 2481 2102 violatio
2528 2039 2745 2120 utique

274 2143 604 2223 peccatum
634 2141 728 2205 est
758 2141 974 2206 contra
1006 2140 1303 2211 virtutem
1335 2140 1699 2224 ReligioniS,
1734 2141 1883 2222 quia
1920 2160 2215 2225 magnam
2245 2142 2311 2204 in
2353 2136 2554 2205 Deum
2602 2142 2749 2205 irre-

274 2242 643 2319 verentiam,
669 2242 1006 2327 frangendo
1030 2242 1213 2306 fidem
1238 2242 1294 2306 ei
1317 2242 1551 2315 datam,
1571 2242 1874 2325 importat
1897 2245 1961 2307 et
1977 2245 2282 2325 quatenus
2307 2246 2401 2308 est
2426 2247 2747 2326 peccatum

270 2347 491 2412 contra
544 2346 844 2411 virtutem
899 2344 1261 2429 Religionis,
1309 2345 1501 2411 etiam
1564 2345 1960 2430 sacrilegium
2006 2346 2127 2411 dici
2171 2347 2403 2428 pot-erit
2457 2346 2588 2410 lato
2635 2346 2746 2411 illo

271 2468 475 2526 senen,
517 2466 644 2530 quo
681 2448 949 2513 diximus
993 2446 1393 2527 saerileqiam
1440 2448 1738 2530 appellari
1786 2449 2144 2529 periurium,
2182 2448 2626 2525 idololatriam,
2663 2448 2749 2512 di-

266 2551 687 2627 vinationem,
726 2568 951 2615 vanam
1001 2549 1476 2626 observantiam,
1526 2550 1975 2634 blasphemiam
2022 2553 2159 2630 etc„
2199 2551 2304 2616 sed
2350 2550 2753 2634 saoraeyium

260 2674 486 2737 presso
525 2654 645 2718 illo
692 2670 895 2730 sensu,
930 2671 1052 2735 quo
1100 2652 1431 2717 denotatur
1475 2652 1729 2716 violatio
1775 2654 1869 2717 rei
1909 2672 2147 2728 sacrae,
2195 2654 2367 2719 nullo
2416 2655 2600 2719 modo
2633 2654 2755 2719 dici

267 2759 511 2839 potest.

357 2857 547 2932 387.
586 2858 998 2939 Quandonam
1030 2860 1225 2944 igitur
1271 2860 1348 2924 ob
1396 2860 1698 2924 violatum
1745 2862 1965 2925 votum
1997 2861 2307 2925 castitatis
2340 2861 2441 2943 (de
2482 2881 2604 2944 quo
2654 2865 2749 2926 est

263 2965 599 3048 quaestio)
648 2964 901 3043 proprie
949 2962 1184 3027 dictum
1232 2961 1428 3025 aderit
1474 2963 1916 3046 sacrilegium?
1961 2963 2144 3046 Resp.
2194 2965 2438 3046 quando
2487 2965 2746 3029 iuridica

261 3067 671 3132 dedicatione
703 3064 780 3128 ad
813 3064 925 3128 Dei
956 3064 1195 3128 cultum
1221 3082 1480 3146 persona
1504 3066 1858 3128 consecrata
1896 3064 2083 3129 fuerit
2111 3085 2240 3129 non
2263 3071 2604 3146 utcumque,
2649 3067 2756 3130 sed

258 3170 321 3233 in
354 3170 591 3235 ordine
630 3166 705 3231 ad
738 3166 1093 3232 castitatem
1125 3168 1420 3248 perpetuo
1452 3166 1819 3230 servandam
1858 3166 1971 3249 (a),
2006 3168 2178 3231 Dixi:
2212 3187 2341 3231 non
2384 3173 2750 3248 utcumquoe

257 3274 405 3355 quia
438 3293 503 3337 V.
544 3290 653 3356 gr.
686 3269 910 3345 clerici,
943 3269 1008 3333 in
1056 3267 1395 3333 minoribus
1441 3268 1791 3343 constituti,
1825 3271 1971 3332 sunt
2007 3288 2301 3351 personae
2337 3289 2596 3333 sacrae:
2644 3271 2749 3334 sed

253 3375 402 3456 quia
436 3373 739 3442 nondum
769 3370 1109 3436 consecrati
1146 3373 1292 3434 sunt
1325 3370 1401 3435 ad
1434 3370 1792 3435 castitatem
1816 3371 2201 3448 servandam,
2229 3371 2752 3452 quemadmodum

252 3496 363 3543 nec
411 3474 791 3543 sacerdotes
836 3474 995 3538 ritus
1032 3473 1256 3556 graeci,
1309 3472 1451 3536 hinc
1497 3472 1786 3536 violando
1819 3473 2174 3536 castitatem
2221 3474 2464 3536 reatum
2511 3475 2756 3554 proprie

252 3580 407 3645 dicti
442 3576 787 3661 sacrilegii
816 3594 939 3640 non
974 3575 1317 3639 incurrunt.
1354 3575 1717 3655 Requiritur
1763 3574 1959 3658 igitur
2005 3574 2381 3639 consecratio
2431 3575 2493 3638 in
2543 3574 2754 3638 ordine

253 3682 333 3748 ad
363 3678 771 3750 servandam
804 3677 1266 3752 continentiam,
1302 3696 1459 3759 quae
1496 3677 1702 3742 locum
1734 3677 1922 3741 habet
1959 3677 2024 3740 1⁰
2054 3676 2124 3739 in
2159 3696 2344 3740 sacra
2367 3675 2760 3741 ordinatione

252 3789 315 3848 et
348 3785 423 3850 2⁰
459 3785 544 3848 in
566 3778 973 3862 professione
1003 3779 1324 3860 reliyiosa.

342 3887 672 3969 Quinimo
708 3884 764 3947 si
800 3883 1169 3964 inquiratur,
1197 3882 1483 3964 potiusne
1515 3901 1551 3945 a
1588 3879 1830 3946 ratione
1862 3881 1997 3946 voti
2020 3881 2211 3946 etiam
2243 3881 2578 3956 sollemnis,
2609 3901 2688 3945 an
2721 3901 2760 3945 a

249 3988 736 4057 constitutione
781 3984 1108 4058 Ecclesiae,
1144 3983 1589 4048 continentiam
1638 3983 1981 4048 ordinantis
2022 3983 2098 4047 ad
2148 3983 2260 4048 Dei
2299 3984 2562 4057 cultum,
2594 4003 2760 4067 repe-

251 4096 445 4161 tenda
480 4092 583 4159 sit
618 4087 790 4154 ratio
814 4087 1122 4171 sacrilegii
1145 4087 1208 4150 in
1241 4087 1553 4151 castitatis
1586 4086 1875 4158 laesione,
1910 4087 2348 4152 concludamus
2384 4089 2647 4168 oportet,
2677 4087 2753 4151 ab

250 4197 368 4264 hac
418 4191 765 4262 Ecclesiae
820 4189 1205 4256 ordinatione
1252 4188 1562 4273 sacrilegii
1621 4191 1866 4255 reatum
1912 4189 2234 4271 proficisci.
2283 4189 2448 4253 Nam
2495 4190 2760 4254 missum

246 4319 412 4365 nunc
453 4299 609 4373 fiat,
650 4291 821 4374 quod
854 4290 1164 4375 sacrilegii
1190 4292 1401 4354 reatus
1428 4291 1766 4355 incurritur
1799 4292 1876 4355 ab
1907 4291 1985 4355 iis
2018 4309 2281 4373 quoque,
2309 4291 2418 4373 qui
2449 4311 2589 4356 cum
2623 4309 2763 4356 vere

334 4545 402 4596 (a)
432 4539 556 4582 Hoc
588 4534 738 4579 esset
774 4531 1243 4584 demonstrandum,
1286 4535 1343 4573 ut
1383 4542 1561 4584 nempe
1596 4542 1808 4584 persona
1847 4542 1990 4572 sacra
2029 4528 2248 4578 dicatur,
2285 4529 2479 4582 requiri
2511 4541 2769 4572 eonsecra-

251 4611 451 4656 tionem
483 4606 562 4651 ad
589 4601 868 4648 castinum
910 4601 1187 4644 servandam
1231 4611 1323 4641 cur
1358 4597 1553 4641 scilicet
1588 4608 1690 4639 non
1729 4596 1949 4639 sufficiat
1977 4594 2286 4639 consecratio
2324 4596 2389 4638 ad
2417 4596 2760 4639 ministerium

252 4672 615 4727 sacerdotale.
650 4666 735 4712 Of.
765 4679 893 4722 quae
924 4667 977 4710 in
1008 4667 1105 4709 vol.
1135 4666 1178 4709 6.
1207 4669 1413 4721 agentes
1443 4664 1503 4707 de
1531 4662 1757 4706 Matr-im.
1787 4662 2055 4706 afferemus
2083 4662 2176 4704 sub
2205 4661 2395 4715 Imped.
2431 4665 2640 4707 Ordinis.
