3497 5147
335 319 480 396 [466]
1235 332 1507 375 smomA.
1546 334 1922 375 3111111131οΜ
2697 325 2809 379 353

338 431 569 496 Missae
607 449 950 514 congruam
995 431 1406 508 incommodo,
1446 431 1639 516 exigit
1685 451 1982 517 magnam
2020 433 2473 518 eleemosynam
2511 453 2548 498 a
2594 436 2813 501 nobili·

338 535 477 607 bus,
509 533 619 615 qui
651 532 904 615 praedio
936 534 1169 597 rustico
1207 535 1534 598 morantur
1563 552 1671 616 per
1703 535 2027 598 aestatem.

430 636 497 700 Id
531 635 741 718 ipsum
788 634 1113 699 dicendum
1159 637 1272 712 est,
1317 635 1564 718 quando
1604 635 1983 719 stipendium
2029 637 2166 722 lege
2213 638 2326 701 aut
2370 639 2814 705 consuetudine

337 740 627 803 taxatum
674 756 785 820 pro
834 738 1285 802 sustentatione
1332 757 1454 802 non
1502 739 1802 814 servetur,
1844 738 1949 802 sed
1996 739 2138 821 plus
2185 738 2472 823 exigatur
2517 739 2648 805 sine
2680 743 2813 807 ulla

338 842 592 905 externa
637 840 897 904 ratione.
934 839 1121 904 Ratio
1170 840 1282 917 est,
1332 839 1478 922 quia
1526 839 1691 922 quod
1737 840 1878 922 plus
1926 839 2216 926 exigitur,
2265 860 2389 905 non
2435 840 2692 907 debetur
2738 846 2813 908 ut

337 943 719 1028 stipendium
764 943 1258 1020 sustentationis,
1292 961 1415 1024 quo
1463 943 1595 1008 solo
1630 943 1821 1008 titulo
1860 943 2180 1026 quidpiam
2225 942 2414 1027 recipi
2445 946 2680 1028 potest;
2715 967 2812 1011 re·

337 1047 570 1129 cipitur
615 1064 763 1131 ergo
811 1047 885 1109 ut
915 1046 1186 1128 pretium
1231 1045 1687 1127 quodammodo
1736 1045 2086 1110 ministerii.

428 1147 490 1211 N
492 1167 570 1213 on
602 1148 931 1213 excusatur
960 1147 1156 1232 igitur
1188 1166 1225 1212 a
1256 1147 1554 1211 simoniae
1578 1149 1830 1231 peccato
1861 1148 2167 1232 parochus
2201 1151 2314 1213 aut
2345 1149 2505 1214 alius
2529 1153 2808 1229 curatus,

339 1251 450 1334 qui
482 1251 743 1335 augeret
777 1270 885 1333 per
915 1269 980 1314 se
1010 1250 1247 1315 reditus
1280 1250 1479 1315 stolae
1518 1269 1588 1313 ac
1620 1251 1761 1333 plus
1807 1250 2097 1335 exigeret,
2132 1270 2322 1333 quam
2353 1252 2652 1317 hactenus
2700 1252 2811 1317 alii

338 1352 742 1438 perceperint.
782 1351 954 1416 Idem
985 1352 1174 1417 dicito
1208 1352 1281 1416 de
1313 1351 1531 1416 clerico
1566 1370 1687 1416 non
1719 1352 2103 1429 beneficiato,
2138 1352 2246 1434 qui
2278 1372 2388 1436 pro
2413 1352 2644 1432 Missis,
2672 1373 2810 1419 con-

338 1456 622 1522 cionibus
681 1455 996 1533 habendiS,
1046 1454 1366 1520 funeribus
1414 1454 1782 1519 deducendis
1838 1456 1953 1519 etc.
2005 1455 2319 1520 excederet
2381 1456 2688 1539 stipendia
2737 1477 2809 1522 ex

340 1564 518 1647 praxi
550 1562 862 1627 Dioecesis
909 1581 980 1626 ac
1027 1560 1425 1646 Superiomm
1465 1562 1912 1645 approbatione
1960 1562 2141 1645 pendi
2186 1563 2395 1628 solita.
2430 1562 2810 1648 Schmalzgr.

340 1667 384 1730 l.
422 1669 483 1730 5.
524 1666 627 1730 tit.
662 1667 724 1728 3.
758 1686 819 1729 n.
863 1665 1010 1729 100.
1046 1664 1364 1729 Reiffenst.
1400 1665 1532 1729 eod.
1574 1664 1765 1728 titulo
1800 1683 1858 1727 n.
1900 1665 2049 1727 200.

434 1768 575 1833 Non
621 1770 829 1832 tamen
864 1769 959 1831 est
995 1767 1259 1832 simonia
1290 1767 1602 1831 intendere
1627 1765 2024 1848 stipendium,
2058 1767 2225 1848 quod
2255 1786 2364 1849 pro
2415 1785 2594 1850 opere
2641 1767 2813 1850 spiri-

345 1870 511 1934 tuali
548 1868 873 1933 confertur.
908 1867 1047 1933 Non
1088 1886 1234 1953 ergo
1273 1870 1368 1932 est
1399 1868 1794 1940 simoniacus,
1830 1867 1938 1950 qui
1969 1868 2154 1933 choro
2187 1867 2518 1952 diligenter
2550 1868 2809 1946 assistit,

344 1973 490 2035 tum
537 1991 612 2035 ne
658 1971 857 2036 solvat
886 1974 1099 2036 taxam
1138 1970 1472 2048 absentiae,
1506 1971 1644 2034 tum
1682 1972 1757 2035 ut
1793 1970 2094 2053 percipiat
2122 1970 2610 2036 distributiones.
2650 1972 2811 2036 Item

340 2074 453 2156 qui
503 2072 769 2138 celebrat
815 2073 1095 2151 Missam,
1136 2075 1250 2137 aut
1281 2092 1344 2137 se
1383 2071 1620 2138 confert
1657 2071 1735 2136 ad
1773 2071 1989 2136 funera
2027 2071 2378 2137 deducenda
2415 2074 2667 2156 propter
2697 2073 2812 2139 sti-

340 2175 588 2259 pendia.

434 2277 647 2351 Ratio,
672 2277 820 2359 quia
850 2277 1017 2359 quod
1046 2277 1216 2342 licite
1248 2277 1567 2360 accipitur,
1606 2277 1777 2341 licite
1807 2276 2185 2354 intenditur,
2220 2277 2507 2359 quamvis
2532 2278 2810 2360 alioquin

340 2379 738 2445 inordinatus
776 2381 974 2463 possit
1011 2398 1141 2445 esse
1174 2381 1449 2444 affectus.

434 2477 608 2552 466.
644 2481 862 2563 Quoad
893 2482 1228 2548 docendam
1259 2481 1666 2567 Theologiam
1696 2481 1903 2546 valere
1935 2480 2117 2545 debet
2152 2480 2458 2566 generalis
2505 2482 2812 2547 sententia

342 2606 395 2650 s,
431 2585 705 2651 Thomae
740 2588 799 2650 2.
836 2587 895 2650 2.
937 2606 994 2668 q.
1034 2588 1179 2649 100.
1210 2588 1326 2650 art.
1354 2587 1415 2649 3.
1443 2586 1521 2649 ad
1554 2587 1646 2649 3.:
1680 2610 1715 2644 α
1740 2586 1854 2650 Π13
1880 2585 1988 2668 qui
2019 2585 2209 2649 habet
2240 2585 2563 2650 scientiam
2594 2585 2658 2650 et
2687 2605 2810 2651 non

340 2690 617 2772 suscepit
639 2708 784 2753 cum
813 2689 931 2753 hoc
963 2689 1256 2766 officium,
1284 2709 1355 2753 ex
1379 2707 1501 2771 quo
1527 2687 1842 2772 obligetur
1866 2688 2007 2752 aliis
2038 2708 2222 2753 usum
2255 2688 2548 2753 scientiae
2579 2688 2811 2772 impen-

338 2791 504 2865 dere,
538 2791 707 2856 licite
740 2792 947 2873 potest
971 2791 1240 2873 pretium
1267 2810 1415 2855 suae
1439 2790 1756 2855 doctrinae
1781 2791 1877 2854 vel
1903 2790 2146 2855 consilii
2169 2791 2460 2874 accipere,
2485 2809 2609 2857 non
2633 2791 2815 2874 quasi

340 2894 677 2958 veritatem
710 2896 823 2958 aut
858 2894 1182 2960 scientiam
1213 2894 1498 2971 vendenS,
1534 2893 1637 2957 sed
1670 2893 1850 2975 quasi
1885 2911 2101 2976 operas
2133 2913 2278 2958 suas
2310 2895 2522 2959 locans
2547 2920 2608 2958 ».
2645 2917 2650 2922 ⁴

436 2997 537 3060 Ita
570 3015 619 3059 s.
653 2996 838 3079 Alph.
872 3016 931 3059 n.
968 2997 1073 3059 94.
1110 2996 1423 3078 inquiens:
1458 3021 1492 3054 ‹<
1518 2995 1571 3059 si
1602 2995 1934 3060 instructio
1967 2995 2166 3060 tendit
2198 2996 2275 3060 ad
2297 2995 2532 3061 bonum
2564 2997 2815 3061 tantum

340 3098 669 3182 spirituale
703 3098 988 3175 aliorum,
1024 3099 1118 3163 est
1150 3098 1441 3162 simonia:
1482 3098 1630 3181 quia
1668 3099 1817 3162 tunc
1853 3117 1950 3161 res
1982 3098 2329 3180 spiritualis
2361 3097 2667 3176 venditur,
2702 3116 2812 3181 pro

341 3222 468 3285 qua
491 3201 739 3266 nullum
762 3201 1029 3284 pretium
1057 3201 1248 3284 accipi
1280 3203 1550 3284 potest...
1577 3199 1765 3265 Secus
1789 3220 1934 3265 vero
1960 3201 2013 3265 si
2034 3201 2365 3266 instructio
2390 3200 2591 3265 tendit
2621 3200 2814 3265 etiam

341 3304 421 3369 ad
447 3304 704 3387 aliquod
729 3305 959 3369 bonum
982 3303 1323 3387 temporale
1348 3304 1623 3381 alteriuS,
1650 3304 1968 3381 honorem,
1988 3303 2467 3369 oblectationem
2484 3305 2599 3369 etc.
2624 3304 2814 3387 prout

340 3411 439 3473 est
470 3408 804 3472 instructio
831 3407 907 3471 ad
931 3406 1425 3489 interpretandas
1450 3424 1531 3471 33.
1558 3404 1930 3488 Scripturas,
1958 3405 2035 3469 ad
2061 3406 2445 3490 theologicas
2476 3407 2815 3471 conclusio-

339 3530 472 3585 1133,
515 3509 594 3573 ad
626 3508 1061 3593 expugnandas
1108 3509 1388 3572 haereses
1421 3533 1483 3570 ».
1517 3508 1688 3571 Idem
1735 3507 1980 3571 dicatur
2010 3507 2085 3571 de
2121 3507 2421 3572 tradenda
2458 3507 2663 3590 pueris
2711 3508 2815 3571 do-

340 3614 547 3679 ctrina
586 3612 944 3688 christiana,
985 3612 1037 3676 si
1068 3612 1220 3676 haec
1249 3611 1313 3675 in
1352 3610 1578 3676 scholis
1626 3610 1833 3693 pueris
1881 3609 2168 3674 tradatur
2205 3627 2328 3674 non
2361 3628 2535 3673 secus
2582 3627 2654 3673 ac
2700 3609 2816 3672 ele-

338 3718 558 3781 menta
595 3714 976 3797 reliquarum
1015 3715 1273 3791 artium3
1307 3714 1455 3796 quia
1502 3715 1652 3777 tunc
1683 3711 1985 3794 accipitur
2015 3712 2090 3776 ut
2118 3710 2462 3796 generatim
2510 3709 2815 3793 quaedam

338 3817 679 3883 instructio
729 3837 800 3883 ac
845 3817 1178 3881 memoriae
1233 3816 1611 3893 exercitatio,
1661 3834 1785 3879 non
1817 3816 1892 3879 ut
1937 3813 2232 3896 quiddam
2279 3813 2622 3896 spirituale.
2671 3813 2813 3878 Vid.

340 3921 566 4006 Laym.
615 3919 691 3983 de
740 3918 974 3983 Simon.
1015 3940 1073 3983 11.
1116 3920 1221 3983 32.
1260 3919 1432 3983 Adde
1478 3918 1785 3983 rationem
1831 3916 2182 4001 generalem
2229 3914 2431 3998 operis
2478 3918 2541 3981 31
2586 3916 2818 3981 13110113

338 4024 620 4108 suscepti
664 4023 729 4087 in
775 4022 1049 4108 gratiam
1097 4022 1353 4087 alterius
1402 4021 1477 4086 ab
1524 4040 1615 4099 eo,
1666 4020 1776 4103 qui
1806 4020 1922 4084 hoc
1953 4038 2073 4084 non
2121 4018 2341 4083 debeat
2385 4022 2700 4103 praestare
2746 4039 2817 4084 ex

341 4126 576 4192 officio.

434 4229 605 4294 Hinc
638 4228 935 4293 immunis
966 4228 1062 4292 est
1092 4246 1129 4290 a
1158 4228 1296 4292 labe
1328 4227 1626 4291 simoniae
1663 4245 1801 4291 mos
1834 4225 2173 4310 accipiendi
2205 4223 2442 4307 aliquid
2472 4242 2584 4306 pro
2616 4222 2818 4290 confe-

338 4332 554 4397 rendis
587 4330 886 4415 gradibus
917 4328 1299 4394 Academicis
1331 4347 1441 4393 seu
1476 4328 1729 4393 licentia
1761 4326 2036 4391 docendi.

435 4432 660 4514 Quoad
692 4432 949 4497 consilia
982 4451 1124 4497 vero
1157 4431 1470 4516 distingue
1510 4431 1577 4494 1⁰
1610 4429 1856 4512 quando
1890 4448 2053 4493 mere
2085 4430 2149 4493 et
2184 4427 2411 4492 directe
2443 4428 2705 4493 tendunt
2736 4427 2815 4492 ad

341 4540 585 4604 bonum
618 4538 871 4601 tantum
903 4534 1226 4618 spirituale
1264 4533 1453 4609 illius,
1494 4533 1595 4598 cui
1626 4532 1983 4606 traduntur,
2026 4532 2201 4613 puta,
2237 4530 2328 4595 ait
2359 4550 2407 4594 3.
2441 4529 2625 4612 Alph.
2659 4529 2702 4592 1.
2738 4548 2811 4603 0..

510 4659 805 4708 Bactrum,
834 4655 1002 4699 Horat.
1032 4656 1182 4698 Temo
1212 4655 1275 4698 11.
2598 4651 2654 4691 23
