3497 5147
344 382 486 459 [220]
874 397 959 438 nn
996 397 1323 437 ram-nam
1364 396 1810 438 connumeror.
1849 396 1992 439 arus
2028 397 2304 438 numam
2703 381 2808 437 163

345 495 645 560 fraternae
691 493 1094 575 correptionis
1128 492 1331 575 ample
1381 492 1808 575 accipiendum
1845 512 1994 566 esse,
2036 512 2146 556 nec
2192 492 2368 556 facile
2416 492 2801 569 credendum,

347 596 666 661 timoratos
692 594 1056 678 praesertim
1081 594 1247 658 viros
1275 613 1522 676 peccare
1546 594 1823 658 letaliter
1845 595 1997 658 illud
2028 594 2338 667 violando,
2366 595 2728 676 praesertim
2753 596 2806 658 si

344 698 600 780 praelati
630 716 754 762 non
801 697 955 772 sint;
990 715 1113 761 non
1145 696 1352 761 solum
1386 696 1531 777 quia
1564 695 1656 760 ita
1703 697 1984 761 sentiunt
2030 715 2251 780 graves
2284 697 2444 770 DD„
2478 696 2578 761 sed
2614 696 2805 761 etiam

339 800 480 882 quia
502 800 833 883 praecepta
863 797 1147 862 caritatis
1173 797 1381 862 minus
1412 798 1763 882 rigorosam
1787 798 2003 863 afferre
2032 799 2237 864 solent
2269 798 2718 883 obligationem
2740 824 2800 861 ».

346 902 528 967 Ratio
566 901 808 985 patebit
838 900 1117 964 inferius

443 1075 598 1127 XLV.
634 1076 780 1139 Resp.
830 1076 870 1125 l.
902 1073 1056 1126 Omne
1095 1076 1301 1127 mortale
1342 1080 1590 1140 peccatum
1632 1073 1840 1140 proximi
1878 1089 1965 1139 per
2003 1089 2055 1127 se
2095 1081 2168 1128 cst
2208 1074 2457 1129 sufficiens
2494 1076 2712 1133 materia.
2752 1084 2804 1130 ut

350 1163 433 1212 hoc
473 1166 789 1225 praeceptum
815 1158 997 1223 obliget
1024 1161 1115 1211 sub
1155 1158 1366 1211 mortali.
1395 1161 1463 1212 lta
1503 1157 1837 1211 communiter.
1865 1162 1926 1212 Et
1952 1158 2078 1212 ratio
2118 1167 2209 1222 est,
2236 1160 2365 1225 quia,
2396 1175 2506 1214 cum
2536 1160 2684 1214 vitam
2707 1161 2806 1228 spi·

339 1242 556 1296 ritualem
596 1241 802 1309 proximi
840 1245 993 1304 tollat,
1035 1241 1352 1294 sufficientem
1393 1242 1733 1296 necessitatem
1772 1242 2100 1310 correptionis
2154 1244 2355 1297 inducit.
2399 1243 2513 1298 Dixi
2554 1248 2599 1297 1.
2639 1260 2802 1300 omne

342 1327 596 1384 mortale:
621 1327 752 1393 quia,
779 1326 873 1380 etsi
912 1324 1056 1380 ctiam
1092 1326 1282 1380 veniale
1317 1326 1380 1379 sit
1420 1326 1620 1381 materia
1660 1328 2005 1396 correptionis,
2033 1344 2127 1382 non
2158 1336 2315 1383 tamen
2337 1329 2555 1393 graviter
2577 1330 2800 1395 obligans

340 1428 423 1468 uec
457 1413 553 1467 nisi
592 1411 816 1466 facillime
856 1412 1027 1479 possit.
1057 1411 1170 1466 Dixi
1197 1416 1246 1465 2.
1270 1427 1372 1481 per
1394 1427 1490 1476 se:
1518 1415 1630 1479 quia
1664 1414 1705 1467 si
1732 1414 1842 1479 quis
1880 1417 1943 1466 ob
1985 1415 2225 1478 timorem,
2252 1415 2617 1480 verecundiam,
2659 1415 2803 1483 pusil-

344 1497 653 1552 lanimitatem
682 1503 819 1565 putet
843 1512 896 1550 se
924 1512 1019 1550 non
1046 1497 1112 1550 ita
1140 1496 1304 1550 strictc
1330 1497 1614 1562 obligatum,
1647 1502 1723 1551 vel
1755 1497 1911 1552 miuus
1939 1514 2048 1553 esse
2073 1499 2301 1553 idoneum
2331 1503 2391 1553 ad
2420 1501 2799 1566 corripiendum,

343 1581 530 1636 videtur
569 1590 752 1636 tantum
794 1597 998 1649 peccare
1026 1581 1297 1635 venialiter.
1328 1584 1391 1635 V.
1416 1598 1454 1635 S.
1483 1585 1659 1637 Tuom.
1688 1587 1735 1636 2.
1767 1586 1814 1635 2.
1842 1599 1888 1648 q.
1918 1585 2002 1636 32.
2032 1600 2075 1638 a.
2105 1588 2152 1638 2.
2184 1591 2231 1637 et
2259 1593 2453 1639 ceteros
2490 1600 2638 1652 supra
2682 1585 2763 1638 cit.

424 1720 582 1795 219.
631 1722 809 1803 Quod
868 1724 1192 1805 peccatum
1238 1722 1502 1786 mortale
1550 1722 1634 1786 sit
1680 1722 1945 1786 materia
1994 1722 2303 1787 sufficiens
2352 1724 2416 1786 et
2461 1725 2800 1788 necessaria

344 1825 756 1909 correptioniS,
790 1824 948 1889 nihil
978 1826 1074 1888 est
1106 1823 1536 1888 dubitandum.
1573 1822 1793 1902 Quoad
1824 1823 2091 1888 venialia
2123 1823 2526 1907 corripienda,
2564 1825 2672 1889 alii
2704 1846 2803 1890 ne-

350 1930 498 2011 gant
527 1928 682 1992 hanc
726 1927 1209 2012 obligationem;
1243 1925 1391 2007 quia
1421 1943 1546 1990 non
1579 1923 1925 1990 lucrandas
1970 1924 2104 1989 heic
2140 1928 2237 1991 est
2274 1927 2485 2005 frater,
2519 1928 2628 2009 qui
2673 1928 2802 1993 iam

343 2029 528 2094 habet
565 2030 909 2094 caritatem.
945 2029 1073 2092 Alii
1121 2027 1566 2111 obligationem
1607 2029 1921 2104 astruunt,
1956 2028 2061 2092 sed
2097 2047 2239 2093 raro
2286 2029 2648 2108 faciendam,
2683 2030 2802 2095 nisi

335 2130 627 2196 facillime
659 2132 876 2214 possis
916 2130 1100 2213 Apud
1137 2130 1336 2195 Diana
1376 2132 1529 2195 tom.
1569 2131 1626 2192 7.
1654 2132 1732 2194 tr.
1770 2131 1831 2194 4.
1867 2151 1980 2195 res.
2012 2134 2070 2196 8.
2098 2153 2157 2196 11.
2195 2135 2255 2196 2.
2290 2133 2612 2217 Laymann
2650 2135 2800 2198 bene

332 2234 600 2317 explicat
630 2253 764 2317 cap.
795 2235 854 2298 7.
873 2254 932 2299 n.
959 2235 1044 2297 3.:
1079 2259 1114 2290 «
1137 2231 1428 2297 Ceterum
1454 2234 1602 2314 quia
1624 2233 1989 2315 plerumque
2012 2235 2526 2317 impedimentum
2550 2237 2803 2319 aliquod

329 2335 668 2401 intervenit
702 2337 832 2400 sive
863 2355 935 2400 ex
967 2338 1142 2418 parte
1175 2335 1560 2418 corripiendi,
1602 2355 1677 2400 ne
1714 2335 1930 2417 iniquo
1980 2336 2187 2401 animo
2226 2338 2675 2421 correptionem
2707 2357 2804 2403 ac·

327 2438 561 2521 cipiens
592 2437 864 2503 deterior
909 2437 1042 2513 fiat,
1078 2438 1208 2502 sive
1255 2456 1327 2501 ex
1371 2438 1547 2519 parte
1594 2437 2003 2519 corripientis,
2038 2456 2222 2519 quem
2270 2457 2448 2521 saepe
2495 2441 2801 2504 naturalis

333 2540 702 2608 verecundia
718 2539 1111 2625 constringit,
1130 2541 1205 2605 ut
1228 2539 1477 2605 difficile
1499 2539 1564 2604 in
1590 2539 1870 2606 animum
1891 2539 2147 2606 inducat
2170 2539 2519 2624 proximum
2545 2560 2802 2627 arguere

338 2663 444 2710 seu
475 2663 749 2722 monere,
775 2644 898 2708 11131
929 2644 1264 2709 admodum
1294 2643 1621 2709 familiaris
1654 2644 1766 2721 sit3
1794 2643 1930 2708 ideo
1964 2644 2161 2710 rarior
2193 2646 2286 2709 est
2316 2645 2468 2709 haec
2498 2645 2800 2731 obligatio

330 2747 699 2813 emendandi
735 2748 988 2830 peccata
1021 2745 1287 2810 venialia
1319 2745 1764 2829 proximorum,
1797 2746 2167 2826 quibuscum
2198 2746 2468 2811 vivimus
2493 2772 2554 2810 ».

409 2849 641 2933 Excipe
696 2868 821 2925 003,
869 2848 976 2929 qui
1024 2848 1266 2912 ratione
1325 2847 1514 2912 officii
1572 2846 1948 2929 peculiarem
2003 2847 2270 2912 aliorum
2324 2867 2536 2913 curam
2590 2869 2800 2934 gerere

321 2950 565 3029 debent,
609 2971 672 3016 v.
712 2971 807 3035 gr.
842 2950 1246 3034 Religionum
1291 2950 1623 3032 praelatos
1665 2950 1803 3013 Imo
1841 2948 1974 3013 fieri
2012 2952 2238 3031 potest,
2272 2953 2347 3015 ut
2384 2951 2500 3015 sub
2545 2953 2800 3017 mortali

320 3055 681 3131 teneantur,
719 3054 774 3119 si
825 3072 898 3117 ex
946 3053 1043 3116 his
1095 3052 1295 3135 culpis
1348 3050 1706 3134 disciplinae
1756 3051 1937 3135 vigor
1981 3052 2304 3117 minuatur
2349 3054 2413 3116 et
2458 3052 2801 3136 impunitas

317 3157 657 3222 venialiter
687 3155 977 3239 peccandi
1026 3154 1260 3237 passim
1303 3154 1676 3219 invalescere
1708 3153 1986 3236 incipiat.
2019 3153 2198 3234 Quod
2228 3154 2391 3219 idem
2429 3154 2548 3221 dici
2594 3160 2802 3239 posset

314 3257 388 3323 de
419 3258 886 3343 patrefamilias
921 3257 1114 3321 relate
1148 3256 1226 3320 ad
1258 3256 1440 3333 filios,
1463 3276 1524 3321 s.
1559 3256 1745 3339 Alph.
1780 3256 1887 3320 lib.
1930 3259 1989 3321 2.
2025 3278 2084 3321 n.
2119 3258 2225 3321 35.

401 3362 541 3427 Imo
577 3360 789 3426 Diana
836 3363 988 3424 tom.
1035 3360 1091 3424 7.
1127 3362 1206 3423 tr.
1247 3360 1309 3423 4.
1346 3360 1527 3423 10301.
1562 3360 1625 3424 8.
1657 3379 1717 3423 n.
1757 3362 1817 3422 5.
1853 3378 1965 3441 pro
1998 3362 2165 3425 certo
2215 3361 2423 3438 habet,
2459 3362 2651 3428 etiam
2683 3365 2802 3447 pri-

309 3466 496 3530 vatos
535 3464 825 3549 graviter
857 3462 1080 3537 teneri;
1115 3462 1263 3543 quia
1310 3461 1640 3526 dissolutio
1692 3461 2054 3544 disciplinae
2100 3462 2432 3547 religiosae
2470 3467 2565 3528 est
2611 3485 2802 3547 grave

310 3567 563 3632 malum
595 3565 920 3650 religionis
953 3566 1017 3630 et
1053 3564 1527 3630 communitatis
1564 3564 1783 3640 totiuS,
1825 3564 1991 3646 quod
2027 3565 2267 3629 malum
2297 3583 2369 3631 ex
2407 3565 2707 3632 fidelitate
2740 3572 2803 3633 et

309 3669 587 3734 caritate
625 3685 778 3751 erga
811 3669 1079 3731 matrem
1110 3684 1290 3731 suam
1322 3667 1615 3731 tenentur
1645 3665 1961 3747 impedire.

402 3767 605 3842 220.
634 3769 838 3835 Docet
857 3769 933 3832 A.
959 3767 1125 3850 quod
1149 3769 1227 3832 ob
1251 3768 1539 3832 timorem
1564 3768 1679 3832 etc.
1706 3766 1917 3832 evadit
1940 3768 2094 3832 levis
2119 3768 2372 3835 omissio
2396 3771 2799 3854 correptionis

312 3873 512 3939 etiam
561 3871 780 3955 quoad
824 3871 1139 3936 mortalia.
1171 3871 1342 3936 Haec
1387 3869 1687 3935 resolutio
1734 3870 2140 3955 intelligenda
2186 3874 2282 3936 est
2327 3873 2400 3937 de
2446 3874 2796 3959 hypothesi,

308 3995 435 4058 qua
470 3976 647 4040 aliae
696 3992 906 4039 omnes
938 3973 1322 4038 conditiones
1356 3972 1582 4049 adsint,
1617 3990 1777 4054 quae
1816 3972 2263 4057 obligationem
2311 3975 2689 4056 inducerent,
2724 3978 2798 4042 de

302 4080 543 4162 quibus
595 4078 792 4142 infra:
845 4094 1022 4141 secus
1069 4076 1147 4142 ob
1194 4076 1502 4141 defectum
1548 4074 1977 4141 conditionum
2023 4077 2151 4141 iam
2199 4078 2448 4143 aliunde
2495 4080 2799 4165 obligatio

304 4180 542 4247 deficit.
583 4179 730 4245 Etsi
777 4179 974 4264 igitur
1021 4179 1228 4243 adsint
1274 4178 1674 4255 conditioneS,
1710 4178 1784 4243 de
1817 4179 2043 4261 quibus
2091 4180 2271 4258 infm,
2309 4182 2519 4246 tamen
2566 4183 2621 4246 si
2657 4187 2799 4266 quis

308 4286 574 4369 propter
607 4284 929 4359 timorem,
953 4281 1404 4358 verecundiam,
1439 4282 2023 4365 pusillanimitatem
2055 4283 2249 4364 (quod
2294 4284 2359 4347 in
2406 4284 2799 4351 inferioribus

305 4387 589 4452 maxime
625 4386 697 4449 et
725 4384 791 4448 in
821 4383 1301 4466 simplicioribus
1325 4383 1486 4449 solet
1515 4383 1785 4465 evenire)
1810 4387 1923 4448 aut
1952 4403 2076 4449 non
2108 4403 2171 4449 se
2204 4385 2417 4450 stricte
2451 4386 2800 4470 obligatum

303 4488 613 4566 advertit,
644 4487 747 4551 vel
781 4505 846 4552 se
869 4487 1065 4569 (quod
1089 4487 1473 4568 frequentius
1497 4486 1644 4568 erit)
1667 4503 1790 4549 non
1816 4485 2106 4551 idoneum
2138 4487 2456 4553 existimat
2486 4489 2564 4553 ad
2589 4489 2800 4554 fratris

303 4590 628 4656 delictum
664 4588 1138 4666 emendandum,
1173 4589 1459 4671 quamvis
1504 4588 1810 4653 eiusmodi
1841 4589 2030 4653 timor
2075 4592 2140 4654 et
2176 4590 2553 4656 existimatio
2600 4591 2803 4655 inanis
