3497 5147
728 337 835 392 122
906 352 1120 394 rme-r.
1159 353 1214 393 v.
1246 351 1407 393 sacr.
1434 351 1525 390 111.
1552 350 1637 390 mn
1675 350 1994 391 cnm-runs
2032 348 2423 393 nmmum-ie.
2448 351 2645 394 cnm·
2672 353 2734 392 11.
2766 352 2907 394 nnn.
2934 352 2973 392 1.
3047 337 3193 414 [1661

728 449 1077 514 dilectionis
1110 451 1205 514 est
1237 447 1611 513 attendenda
1655 467 1764 531 per
1810 447 2337 529 comparationem
2370 447 2448 512 ad
2478 448 2683 532 ipsum
2714 450 3048 526 hominem,
3082 449 3191 531 qui

728 551 972 636 diligit:
1007 552 1071 616 et
1107 551 1443 616 secundum
1477 550 1593 614 hoc
1623 550 1787 626 illos,
1828 550 1936 631 qui
1973 552 2121 614 sunt
2170 550 2287 614 sibi
2334 551 2822 634 propinquioreS,
2869 551 3192 616 intensiori

728 655 952 718 affectu
985 653 1195 738 diligit
1226 655 1412 718 homo
1454 653 1530 717 ad
1562 652 1721 716 illud
1744 653 1999 728 bonum,
2026 653 2102 715 ad
2139 652 2306 735 quod
2340 672 2549 718 omnes
2582 653 2814 739 diligit,
2840 672 3032 736 quam
3069 673 3191 718 me-

727 757 914 821 liores
954 756 1032 820 ad
1062 756 1267 821 maius
1305 756 1537 820 bonum
1579 779 1639 819 ».

823 859 1094 940 Denique
1140 858 1345 940 quoad
1393 858 1647 921 tertiam
1695 860 1939 940 partem
1997 858 2431 941 responsioniS,
2482 859 2648 941 quod
2703 859 2940 923 scilicet
2985 859 3186 943 magis

727 960 1042 1026 coniuncti
1078 960 1256 1024 nobis
1287 958 1550 1023 debeant
1572 960 1752 1044 diligi
1781 960 1985 1043 magis
2017 961 2355 1025 secundum
2384 979 2457 1025 ea
2487 961 2670 1037 bona,
2695 961 2761 1025 in
2796 961 3023 1042 quibus
3056 961 3188 1025 fun·

727 1063 915 1127 datur
952 1062 1247 1136 amicitia,
1286 1061 1378 1125 ita
1424 1062 1691 1144 explicat
1735 1081 1785 1126 s.
1820 1062 2092 1127 Thomas
2126 1065 2185 1126 2.
2229 1065 2288 1126 2.
2324 1083 2382 1145 q.
2425 1063 2529 1126 26.
2567 1065 2686 1128 art.
2722 1064 2815 1127 8.:
2855 1087 2892 1122 ‹
2930 1063 3035 1128 Illi
3079 1063 3185 1145 qui

727 1167 931 1251 magis
963 1167 1111 1229 sunt
1140 1165 1317 1230 nobis
1347 1165 1679 1241 coniuncti,
1714 1167 1864 1229 sunt
1895 1184 1965 1229 ex
2002 1166 2264 1231 caritate
2293 1166 2496 1250 magis
2526 1165 2843 1250 diligendi,
2868 1168 3007 1230 tum
3040 1166 3186 1248 quia
3262 1187 3279 1200 ·

725 1269 1030 1335 intensius
1054 1268 1404 1352 diliguntur
1435 1270 1572 1332 tum
1611 1268 1760 1349 quia
1786 1285 2090 1332 PLURIBUS
2116 1285 2486 1333 RATIONIBUS
2517 1269 2885 1354 diliguntur.
2912 1268 3185 1333 Intensio

730 1374 940 1436 autem
972 1370 1319 1434 dilectionis
1350 1371 1448 1435 est
1477 1389 1548 1433 ex
1578 1370 2009 1435 coniunctione
2055 1371 2265 1435 dilecti
2296 1371 2374 1435 ad
2404 1371 2786 1457 diligentem.
2820 1371 2904 1435 Et
2933 1370 3070 1436 ideo
3102 1370 3187 1435 di-

728 1492 1048 1538 versorum
1080 1471 1327 1535 dilectio
1353 1471 1450 1535 est
1476 1472 1892 1537 mensuranda
1914 1473 2249 1538 secundum
2274 1473 2581 1538 diversam
2611 1473 2919 1538 rationem
2942 1474 3189 1537 coniun-

728 1576 970 1652 ctionis,
1007 1578 1078 1639 ut
1115 1575 1349 1639 scilicet
1385 1576 1812 1655 unusquisque
1836 1574 2145 1656 diliyatur
2168 1577 2371 1658 mayis
2400 1577 2472 1640 in
2501 1595 2590 1650 e0,
2615 1575 2783 1657 quod
2798 1575 3080 1655 pertinet
3105 1573 3191 1638 ad

610 1684 622 1695 '
727 1679 910 1743 illam
939 1677 1454 1754 coniunctionem,
1497 1677 1834 1741 secundum
1872 1696 2061 1758 quam
2107 1677 2459 1762 diligitur...
2501 1677 2599 1743 Sic
2646 1697 2793 1762 ergo
2841 1677 3182 1753 dicendum,

729 1781 894 1865 quod
927 1780 1204 1845 amicitia
1245 1781 1846 1864 consanguineorum
1885 1780 2185 1845 fundatur
2212 1781 2277 1845 in
2301 1781 2735 1846 coniunctione
2766 1781 3044 1845 naturali
3077 1780 3187 1845 ori-

730 1884 913 1968 ginis,
950 1883 1226 1946 amicitia
1255 1887 1465 1947 autem
1489 1883 1835 1948 concivium
1860 1883 1925 1947 in
1948 1884 2378 1948 communione
2411 1883 2598 1960 civili,
2626 1885 2689 1947 et
2723 1881 3001 1946 amicitia
3022 1902 3189 1947 com-

731 1984 1144 2049 militantium
1176 1984 1237 2046 111
1271 1985 1831 2049 communicatione
1863 1985 2103 2048 bellica.
2139 1986 2221 2048 Et
2251 1985 2386 2050 ideo
2419 1986 2483 2050 in
2516 1987 2632 2061 his,
2674 2005 2833 2068 quae
2882 1985 3188 2069 pertinent

732 2088 808 2151 ad
845 2087 1158 2162 naturam,
1184 2086 1326 2168 plus
1359 2086 1652 2150 debemus
1685 2086 1942 2169 diligere
1974 2089 2497 2171 consanguineos:
2534 2090 2599 2154 in
2636 2089 2733 2153 his
2773 2091 2982 2154 autem
3026 2106 3185 2170 quae

731 2189 1042 2273 pertinent
1089 2186 1166 2250 ad
1212 2188 1456 2251 civilem
1503 2189 2051 2264 conversationem,
2086 2191 2225 2273 plus
2258 2191 2548 2255 debemus
2595 2190 2852 2274 diligere
2888 2190 3184 2265 conciveS,

730 2293 796 2356 et
829 2292 892 2353 in
926 2290 1160 2354 bellicis
1197 2289 1338 2372 plus
1371 2290 1825 2354 commilitones
1859 2316 1919 2356 ».

819 2392 908 2456 Ex
940 2411 1064 2473 qua
1094 2390 1375 2457 doctrina
1406 2392 1552 2456 ibid.
1589 2392 1664 2456 ad
1698 2394 1785 2455 3¹¹¹
1812 2392 2077 2468 deducit,
2113 2394 2278 2475 quod
2318 2419 2353 2452 «
2386 2414 2457 2459 ex
2489 2395 2623 2473 hoc,
2659 2395 2822 2477 quod
2855 2393 2998 2458 duci
3030 2412 3187 2459 exer-

728 2496 891 2560 citus
919 2495 1122 2580 magis
1157 2494 1483 2559 obediatur
1512 2495 1576 2558 in
1613 2495 1776 2559 bello
1816 2515 2005 2578 quam
2043 2497 2227 2580 patri,
2261 2516 2385 2561 non
2416 2497 2718 2581 probatur
2754 2495 2920 2579 quod
2951 2494 3185 2576 simpli·

727 2601 883 2666 citer
921 2602 1097 2682 pater
1124 2600 1332 2663 minus
1364 2598 1683 2681 diligatur,
1726 2600 1831 2663 sed
1869 2601 2033 2681 quod
2061 2601 2270 2665 minus
2308 2600 2609 2685 diligatur
2639 2599 2979 2664 secundum
3015 2598 3183 2681 quid,

728 2705 792 2769 id
824 2706 918 2767 est
950 2702 1287 2767 secundum
1317 2701 1707 2767 dilectionem
1746 2703 2001 2768 bellicae
2032 2704 2611 2769 communicationis
2646 2729 2709 2765 ».

822 2800 969 2875 166.
1006 2803 1184 2884 Quod
1218 2807 1428 2868 autem
1463 2805 1744 2888 superius
1779 2806 1934 2870 dixit
1972 2806 2243 2870 Thomas
2292 2805 2365 2870 de
2411 2806 2693 2889 pluribus
2730 2805 3080 2871 rationibus
3113 2804 3187 2869 ob

730 2928 886 2993 quas
933 2909 1252 2993 diligimus
1299 2909 1477 2973 nobis
1524 2909 1905 2985 coniunctos,
1946 2908 2007 2972 id
2056 2910 2364 2992 explicans
2411 2908 2591 2973 docet
2636 2908 2845 2986 simul,
2878 2907 3185 2991 quomodo

728 3012 793 3076 in
823 3012 901 3075 iis
935 3011 1019 3075 sit
1047 3011 1249 3074 virtus
1288 3010 1497 3075 divina
1530 3011 1907 3095 Theologica
1941 3014 1999 3075 2.
2038 3014 2097 3075 2.
2135 3032 2192 3094 q.
2231 3012 2335 3075 26.
2379 3012 2496 3075 art.
2543 3012 2634 3075 7.:
2677 3036 2713 3071 «
2737 3012 2851 3076 Est
2883 3014 3096 3076 autem
3127 3013 3189 3075 et

731 3114 891 3178 alius
924 3112 1165 3187 moduS,
1201 3132 1323 3194 quo
1372 3114 1511 3195 plus
1560 3113 1881 3198 diligimus
1928 3134 1999 3178 ex
2046 3114 2306 3179 caritate
2339 3114 2543 3197 magis
2581 3114 2757 3180 nobis
2789 3113 3184 3188 coniunctos;

730 3216 877 3296 quia
908 3214 1191 3297 pluribus
1222 3214 1421 3279 modis
1454 3234 1557 3279 eos
1596 3216 1936 3300 diligimus.
1978 3216 2073 3280 Ad
2121 3235 2225 3281 eos
2271 3217 2455 3292 enim,
2495 3216 2605 3298 qui
2649 3235 2771 3281 non
2819 3218 2968 3281 sunt
3012 3215 3187 3281 nobis

728 3316 1061 3393 coniuncti,
1089 3336 1211 3381 non
1249 3318 1546 3382 habemus
1579 3319 1699 3383 nisi
1730 3318 2074 3383 amicitiam
2105 3318 2421 3383 caritatis:
2459 3318 2538 3383 ad
2570 3338 2674 3385 eos
2713 3338 2878 3396 vero,
2906 3320 3015 3401 qui
3043 3321 3187 3383 sunt

730 3420 906 3485 nobis
952 3419 1283 3497 coniuncti,
1334 3421 1631 3485 habemus
1680 3421 1922 3502 aliquas
1970 3420 2125 3485 alias
2173 3422 2500 3499 amicitiae,
2551 3421 2889 3486 secundum
2934 3421 3187 3486 modum

727 3522 1178 3588 coniunctionis
1215 3542 1430 3587 eorum
1462 3523 1538 3587 ad
1572 3542 1702 3587 nos.
1739 3522 1899 3587 Cum
1933 3526 2142 3590 autem
2174 3525 2427 3597 bonum,
2462 3543 2652 3606 supra
2692 3523 2857 3606 quod
2890 3524 3187 3589 fundatur

728 3628 1040 3709 quaelibet
1072 3627 1196 3691 alia
1229 3627 1504 3691 amicitia
1551 3628 1833 3703 honesta,
1876 3628 2195 3693 ordinetur
2242 3628 2405 3693 sicut
2452 3627 2529 3692 ad
2575 3627 2761 3692 finem
2809 3627 2887 3691 ad
2934 3628 3184 3705 bonum,

729 3747 911 3811 super
941 3729 1107 3811 quod
1136 3730 1436 3795 fundatur
1466 3730 1714 3805 caritas,
1756 3749 2132 3813 consequens
2180 3732 2276 3794 est
2320 3732 2394 3795 ut
2428 3724 2671 3796 'caritas
2706 3731 2971 3813 immret
3020 3731 3187 3796 actui

729 3830 986 3895 cuilibet
1009 3832 1265 3895 alterius
1291 3832 1621 3907 amicitiae,
1649 3832 1812 3896 sicut
1845 3852 1964 3904 ars,
1999 3851 2156 3913 quae
2188 3834 2283 3895 est
2320 3832 2479 3896 circa
2512 3832 2717 3909 finem,
2744 3832 3015 3916 imperat
3047 3834 3186 3910 arti,

730 3951 888 4015 quae
920 3933 1015 3995 est
1045 3933 1204 3997 circa
1237 3952 1328 4007 ea,
1364 3952 1520 4013 quae
1559 3936 1707 3996 sunt
1740 3933 1817 3996 ad
1850 3934 2054 3997 finem.
2090 3933 2171 3997 Et
2203 3933 2291 3997 sic
2328 3934 2444 3998 hoc
2472 3934 2681 4017 ipsum
2713 3935 2879 4017 quod
2918 3937 3016 4000 est
3060 3934 3192 4000 dili-

730 4055 873 4120 gere
906 4035 1196 4117 aliquem,
1229 4034 1374 4115 quia
1423 4035 1916 4115 consanguineus
1952 4035 2046 4098 vel
2083 4036 2449 4101 coniunctus
2482 4039 2577 4101 est
2616 4037 2714 4102 vel
2745 4038 2893 4119 quia
2923 4038 3191 4103 concivis

731 4139 829 4201 vel
860 4139 1112 4220 propter
1140 4135 1571 4216 quodcumque
1602 4136 1962 4200 huiusmodi
1999 4136 2170 4201 aliud
2218 4138 2461 4203 licitum
2511 4139 2850 4204 ordinabile
2896 4140 2960 4204 in
3008 4141 3191 4206 finem

729 4239 1030 4315 caritatiS,
1071 4240 1277 4320 potest
1326 4257 1361 4300 a
1407 4237 1669 4301 caritate
1716 4237 2026 4320 imperari,
2069 4239 2253 4304 etita
2302 4260 2372 4304 ex
2419 4242 2684 4307 caritate
2730 4244 2864 4306 tam
2912 4242 3190 4307 eliciente

731 4357 920 4421 quam
955 4338 1298 4421 imperante
1328 4339 1610 4421 pluribus
1655 4340 1858 4404 modis
1904 4340 2221 4425 diligimus
2267 4343 2471 4427 magis
2503 4344 2682 4409 nobis
2725 4344 3091 4411 coniunctos
3127 4370 3185 4408 ».

729 4442 810 4505 Et
841 4440 986 4504 ibid.
1024 4440 1102 4504 ad
1134 4442 1253 4504 3¹¹³:
1296 4466 1330 4499 «
1364 4439 1608 4504 Caritas
1642 4461 1765 4506 non
1798 4442 2001 4507 solum
2028 4444 2196 4509 elicit
2229 4447 2439 4509 actum
2474 4444 2822 4511 dilectionis
2853 4447 3187 4513 secundum

727 4543 1032 4607 rationem
1072 4542 1315 4616 obiecti,
1357 4543 1461 4607 sed
1495 4544 1687 4609 etiam
1733 4545 2071 4611 secundum
2118 4547 2424 4611 rationem
2463 4547 2801 4632 diligentiS,
2843 4549 2917 4612 ut
2953 4547 3187 4613 dictum

730 4649 844 4712 est.
877 4647 968 4711 Ex
1000 4666 1121 4729 quo
1156 4646 1464 4733 contingit
1496 4668 1618 4729 quo
1651 4650 1855 4733 magis
1888 4651 2254 4715 coniunctus
2286 4650 2488 4735 magis
2521 4651 2771 4714 amatur
2805 4675 2866 4714 ›.
