3497 5147
371 342 514 418 [877]
993 358 1076 398 An
1116 359 1336 401 mcum·
1372 359 1679 402 ocommua
1714 358 2213 401 mamam-onnia
2723 347 2828 403 651

370 455 436 519 in
466 453 793 519 discrimen
827 454 1161 533 adducunt,
1196 475 1351 537 quos
1381 457 1662 522 cohibere
1687 457 1752 521 et
1772 456 2101 539 reprimere
2140 456 2492 534 efficaciter,
2526 459 2832 539 quantum

370 558 436 622 in
471 558 608 640 ipsa
645 558 758 634 est,
793 575 915 622 non
949 560 1157 641 potest
1186 560 1470 637 societas,
1503 561 1624 625 nisi
1651 560 1963 625 intentata
1994 578 2192 644 poena
2222 560 2463 625 mortis,
2504 560 2586 624 Et
2610 561 2833 626 silicet

372 660 660 726 societati
695 661 864 726 iusto
910 661 1072 726 bello
1121 662 1376 746 aggredi
1406 663 1616 728 hostes
1663 682 1889 745 eosque
1921 662 2145 741 delere,
2180 682 2289 727 cur
2328 682 2450 729 non
2481 664 2692 728 licebit
2737 664 2834 728 in-

370 763 581 827 ternos
619 762 850 841 1163166,
891 763 999 845 qui
1029 762 1380 845 frequenter
1410 766 1645 848 peiores
1676 767 1844 843 sunt,
1880 765 2124 830 delere?
2149 767 2182 805 '⁸‘

1356 972 1534 1038 Unde
1569 974 1856 1039 resolves.

478 1147 614 1201 xlv.
648 1149 688 1198 ¹.
717 1148 822 1200 Non
848 1146 962 1201 licet
989 1145 1163 1199 marito
1189 1160 1406 1211 uxorem,
1427 1152 1509 1199 aut
1535 1145 1662 1213 patri
1689 1146 1836 1201 filiam
1863 1148 2171 1202 occidere'in
2200 1148 2443 1203 adulterio
2470 1150 2835 1218 deprehensas3

370 1231 484 1298 quia
520 1233 583 1285 ad
618 1231 669 1285 iu
708 1246 800 1284 uon
839 1234 1019 1284 habent
1054 1230 1393 1284 auctoritatem
1436 1230 1766 1297 publicam-et
1791 1234 1924 1296 leges
1961 1233 2134 1288 civiles
2170 1232 2219 1287 id
2259 1233 2594 1301 permittentes
2632 1234 2681 1287 in
2720 1234 2828 1288 iure

368 1315 617 1370 Canonico
667 1322 780 1369 sunt
816 1321 1082 1376 correctae,
1122 1322 1362 1380 tamquam
1412 1314 1624 1381 iniquae.
1663 1314 1835 1370 *Hinc
1873 1319 2096 1372 damnata
2146 1327 2222 1372 est
2271 1318 2438 1385 opinio
2478 1318 2718 1371 contraria
2770 1322 2836 1371 ab

368 1405 574 1456 Alexan.
604 1403 707 1455 vn.
735 1403 931 1468 propos.
967 1402 1044 1453 19.
1064 1401 1261 1454 *secus
1298 1407 1374 1454 est
1396 1402 1457 1454 de
1484 1401 1792 1469 proscriptiS‚
1820 1418 1944 1469 quos
1970 1404 2224 1458 occidendi
2250 1404 2410 1458 cuivis
2438 1404 2708 1458 auctoritas
2746 1419 2832 1470 pu·

369 1487 495 1542 blica
522 1488 668 1541 datur
692 1486 839 1552 idque
866 1500 962 1539 non
986 1485 1181 1548 iniuste.
1207 1500 1318 1539 cum
1343 1487 1406 1540 ad
1431 1484 1572 1553 Reip.
1592 1486 1924 1541 defensionem
1952 1488 2016 1542 sit
2043 1488 2388 1543 necessarium.
2411 1491 2617 1543 peccant
2646 1496 2827 1551 tamen,

370 1571 456 1638 qui
493 1586 588 1626 non
626 1586 685 1624 ex
725 1574 832 1624 zelo
869 1569 1101 1635 iustitiae,
1133 1572 1219 1624 sed
1258 1569 1373 1623 odio
1413 1579 1496 1623 aut
1535 1570 1756 1637 privatae
1798 1571 2041 1626 vindictae
2081 1588 2227 1626 causa
2267 1572 2463 1627 faciunt.
2505 1573 2619 1626 Vici.
2660 1575 2832 1638 Laym.

373 1661 406 1711 1.
432 1672 476 1712 c.
500 1671 605 1724 cap.
641 1659 689 1709 2.

462 1792 635 1866 877.
668 1796 789 1860 Hic
819 1813 1020 1859 sermo
1060 1797 1157 1860 est
1201 1794 1274 1859 de
1311 1795 1539 1859 marito
1591 1796 1655 1859 et
1701 1795 1775 1858 de
1821 1798 2018 1877 patre,
2068 1796 2176 1877 qui
2218 1795 2415 1860 filiam
2446 1796 2575 1860 iam
2607 1796 2835 1860 habeat

370 1901 655 1982 nuptam.

462 2002 689 2067 Variae
720 2004 932 2067 autem
955 2002 1327 2067 exstiterunt
1349 2001 1516 2084 leges
1550 2001 1779 2075 civiles
1807 2020 1965 2083 quae
1996 2002 2260 2065 servatis
2284 2002 2657 2084 quibusdam
2689 2021 2834 2067 con-

372 2104 710 2170 ditionibus
758 2104 856 2168 vel
901 2104 1129 2168 marito
1178 2103 1278 2166 vel
1324 2103 1490 2186 patri
1537 2103 1696 2167 hanc
1746 2103 2055 2168 faciebant
2099 2103 2466 2169 facultatem
2515 2103 2827 2169 occidendi

371 2208 556 2273 modo
591 2207 923 2289 utrumque
954 2206 1326 2281 adulterum,
1365 2206 1550 2270 modo
1590 2206 1986 2283 alterutrum,
2032 2226 2190 2288 quae
2237 2207 2487 2289 quidem
2524 2206 2658 2271 heic
2690 2226 2835 2271 enu-

370 2328 607 2375 merare
638 2327 760 2373 non
792 2309 993 2373 vacat.
1021 2307 1162 2371 Vid.
1197 2308 1396 2392 Lago,
1430 2307 1587 2390 disp.
1634 2308 1735 2371 10.
1773 2311 1921 2372 sect.
1958 2309 2020 2372 3.
2059 2329 2117 2372 n.
2159 2309 2265 2371 84.

460 2413 643 2495 Prop.
670 2411 841 2475 XIX.
868 2410 1074 2475 damn.
1116 2410 1192 2474 ab
1224 2410 1398 2474 Alex.
1425 2409 1568 2473 VII.
1602 2411 1694 2474 ita
1725 2429 1790 2474 se
1823 2410 2043 2475 habet:
2086 2436 2120 2468 «
2145 2410 2286 2474 Non
2318 2412 2532 2493 peccat
2568 2410 2834 2474 maritus

371 2514 694 2582 occidendo
733 2513 983 2598 propria
1020 2512 1395 2578 auctoritate
1420 2531 1673 2577 uxorem
1710 2512 1775 2577 in
1816 2511 2120 2578 adulterio
2153 2511 2595 2595 deprehensam
2637 2538 2698 2575 ».

459 2618 543 2682 Et
585 2618 713 2681 iam
759 2613 1045 2681 exstabat
1089 2635 1160 2680 ea
1208 2615 1280 2678 de
1326 2635 1391 2678 re
1436 2615 1752 2680 decretum
1798 2614 2042 2680 Nicolai
2082 2616 2130 2679 I.
2165 2615 2435 2680 relatum
2467 2615 2532 2679 in
2572 2616 2834 2679 Decreto

374 2721 680 2788 Gratiani.
730 2719 932 2785 Causa
981 2720 1088 2783 33.
1137 2721 1377 2800 quaest.
1428 2721 1487 2782 2.
1528 2738 1662 2802 cap.
1713 2719 1774 2782 6.
1809 2719 1991 2782 Inter
2028 2719 2175 2783 haec
2198 2739 2219 2781 .·
2251 2743 2288 2778 ‹
2319 2719 2490 2783 Inter
2519 2719 2671 2785 haec
2702 2738 2838 2783 san-

372 2825 558 2888 ctitas
606 2824 813 2888 vestra
859 2822 1079 2886 addere
1125 2820 1389 2898 studuit,
1439 2821 1491 2884 si
1537 2822 1714 2884 cuius
1763 2840 1917 2885 uxor
1951 2820 2329 2885 adulterium
2362 2821 2834 2904 perpetraverit,

371 2928 587 2991 utrum
617 2925 845 2989 marito
876 2923 1048 2988 illius
1070 2923 1259 2988 liceat
1286 2922 1624 2988 secundum
1653 2922 2033 2987 mundanam
2063 2922 2265 3007 legem
2298 2942 2436 2986 eam
2467 2923 2834 2988 interficere.

372 3027 490 3093 Sed
537 3029 751 3093 sancta
799 3027 913 3090 Dei
960 3025 1253 3100 Ecclesia,
1300 3025 1630 3089 mundanis
1675 3043 1996 3106 nunquam
2050 3025 2502 3110 constringitur
2551 3026 2833 3109 legibus:

371 3131 653 3216 gladium
689 3149 811 3194 non
844 3129 1050 3207 habet,
1090 3128 1211 3192 nisi
1242 3127 1657 3211 spiritualem:
1691 3146 1815 3192 non
1850 3127 2072 3192 occidit
2105 3127 2211 3191 sed
2243 3126 2523 3192 vivificat
2557 3151 2619 3190 ».

468 3234 553 3300 Ut
607 3234 820 3299 autem
871 3231 1022 3297 dicit
1067 3231 1243 3316 Lugo
1292 3251 1352 3295 n.
1402 3233 1529 3307 90„
1577 3231 1923 3295 communis
1972 3233 2067 3295 est
2112 3231 2177 3294 et
2212 3249 2358 3294 vera
2396 3231 2835 3315 theologorum

377 3338 653 3403 omnium
685 3337 748 3401 et
779 3335 1045 3400 aliorum
1076 3334 1188 3416 (sc.
1215 3333 1610 3416 iuristarum)
1653 3333 1777 3396 fere
1811 3332 2090 3408 omnium
2123 3332 2453 3395 sententia.

465 3438 654 3504 Ratio
694 3438 806 3513 est,
844 3437 935 3501 ait
964 3436 1127 3500 idem
1174 3455 1232 3498 11.
1274 3436 1401 3510 92.,
1437 3435 1583 3515 quia
1628 3434 1754 3497 ista
1787 3434 2007 3498 occisio
2041 3434 2252 3496 manet
2282 3433 2613 3496 intrinsece
2647 3433 2834 3497 mala.

372 3542 537 3607 Nam
573 3544 639 3604 1⁰
671 3540 789 3605 etsi
819 3540 884 3604 in
922 3538 1132 3620 aliquo
1166 3554 1313 3602 casu
1361 3535 1744 3599 necessitatis
1784 3535 1987 3611 liceat,
2021 3552 2145 3597 non
2188 3533 2515 3598 observato
2553 3533 2707 3597 iuris
2742 3552 2836 3597 or·

377 3646 516 3711 dine
553 3663 663 3708 nec
707 3662 894 3708 causa
924 3641 1276 3706 examinata
1312 3658 1422 3703 nec
1453 3637 1668 3702 audito
1701 3655 1806 3701 reo
1839 3655 1948 3701 nec
1971 3637 2235 3719 probata
2282 3635 2607 3712 sententia,
2643 3635 2837 3699 delin-

376 3749 669 3831 quentem
699 3746 969 3828 aliquem
1017 3744 1306 3821 occidere,
1354 3741 1503 3824 quia
1549 3740 1731 3804 aliter
1761 3740 1900 3822 capi
1936 3757 2056 3803 non
2088 3739 2296 3821 potest
2326 3740 2401 3803 ut
2432 3739 2728 3821 puniatur
2773 3739 2837 3803 et

376 3851 619 3935 expedit
654 3848 1026 3932 reipublicae
1063 3848 1313 3930 propter
1341 3845 1511 3909 mala
1547 3843 1937 3908 imminentia
1976 3861 2118 3906 eum
2151 3841 2224 3905 de
2259 3841 2464 3906 medio
2499 3841 2745 3916 tollere3
2771 3840 2835 3904 id

378 3956 588 4020 tamen
642 3953 815 4017 extra
862 3950 1053 4014 talem
1098 3949 1529 4013 necessitatem
1574 3965 1696 4011 non
1742 3945 1908 4021 licet,
1957 3944 2063 4008 sed
2109 3944 2289 4010 debet
2336 3945 2537 4010 audiri
2586 3964 2727 4009 reus
2775 3946 2838 4008 et

374 4053 754 4120 iudicialiter
786 4051 1052 4135 procedi.

468 4155 735 4222 Aliunde
760 4157 830 4218 2⁰
852 4154 1044 4217 etiam
1074 4153 1302 4217 caritas
1334 4153 1581 4237 obligat
1599 4151 1675 4216 ad
1707 4170 1831 4216 non
1863 4150 2242 4233 puniendum
2273 4169 2450 4214 reum
2490 4168 2633 4213 cum
2668 4150 2837 4211 certo

379 4262 493 4325 aut
522 4259 647 4324 fere
670 4257 839 4321 certo
860 4254 1084 4319 mortis
1109 4255 1391 4318 aeternae
1414 4254 1706 4337 pericu10‚
1741 4252 1987 4336 quando
2013 4253 2171 4317 citra
2186 4271 2376 4336 grave
2394 4250 2839 4315 detrimentum

375 4363 583 4446 potest
614 4360 671 4424 ei
701 4357 837 4422 dari
868 4357 1113 4439 tempus
1143 4355 1495 4438 poenitendi
1532 4357 1596 4419 et
1626 4354 2031 4438 praeparandi
2065 4373 2128 4418 se
2168 4353 2246 4417 ad
2279 4353 2567 4417 mortem.

466 4464 748 4545 Utraque
774 4462 985 4524 autem
1008 4459 1160 4522 haec
1184 4456 1483 4540 obligatio
1516 4458 1810 4532 violatur,
1838 4457 1893 4520 si
1921 4456 2150 4521 marito
2175 4454 2546 4519 concedatur
2572 4453 2841 4518 facultas

378 4564 744 4649 exsequendi
790 4580 1051 4647 poenam
1096 4560 1313 4625 contra
1360 4558 1703 4634 adulteros;
1757 4578 1901 4623 nam
1949 4560 2179 4640 absque
2225 4575 2514 4641 processu
2561 4557 2839 4623 iudiciali
