3497 5147
737 371 843 424 144
913 384 1124 423 TRACT.
1153 386 1206 424 v.
1234 384 1395 424 sno-r.
1425 385 1512 425 ιιι.
1540 384 1624 423 nn:
1650 383 1969 425 canni-Aris
1994 383 2387 426 mammenus.
2414 385 2613 430 carun·
2636 388 2702 429 11.
2727 390 2870 430 nus.
2900 391 2991 432 ιιι.
3049 377 3186 452 [193]

1798 606 1961 669 Dus.
2000 606 2113 669 III.

1697 747 1799 812 De
1833 747 2236 829 eleemosyna.

838 933 1273 996 xxvlsuppono
1307 933 1349 982 t.
1373 929 1518 982 huius
1547 928 1790 995 praecepti
1816 928 2159 992 obligationem
2188 929 2320 983 nasci
2348 946 2409 983 ex
2437 930 2619 998 duplici
2647 932 2835 1000 capite:
2872 937 2915 988 t.
2937 951 2997 988 ex
3032 952 3191 992 neces-

728 1014 871 1068 sitate
896 1015 1108 1083 proximi
1133 1013 1334 1077 egentis,
1358 1017 1405 1066 2.
1430 1028 1491 1066 ex
1520 1027 1729 1077 persona
1764 1012 2060 1078 possidentis
2082 1017 2204 1067 nona
2233 1019 2309 1067 vel
2339 1015 2499 1068 minus
2520 1018 2795 1071 necessaria
2823 1021 2901 1073 vel
2928 1025 3187 1086 superflua.

838 1102 1071 1165 suppono
1099 1103 1147 1151 2.
1167 1098 1408 1164 duplicem
1447 1098 1554 1151 dari
1590 1096 1928 1151 necessitatem
1966 1097 2193 1164 proximi,
2226 1101 2279 1151 t·
2316 1099 2495 1153 dicitur
2531 1111 2764 1168 extrema,
2796 1118 2857 1157 ex
2899 1121 2992 1170 qua
3033 1107 3190 1170 egenti

726 1183 944 1238 imminet
969 1184 1239 1250 periculum
1268 1183 1398 1236 vitae
1439 1186 1514 1236 vet
1542 1182 1686 1235 etiam
1723 1181 1887 1245 gravis
1926 1188 1976 1236 et
2000 1182 2215 1236 diuturni
2255 1184 2426 1248 morbi,
2457 1189 2724 1239 secundum
2753 1187 2896 1241 Dian.
2925 1205 2972 1256 p.
3001 1191 3051 1245 5.
3081 1199 3112 1243 t.
3138 1196 3187 1245 8.

728 1285 770 1323 r.
803 1271 849 1322 i.
877 1268 934 1322 2⁸
963 1267 1144 1334 gravis,
1170 1283 1230 1321 ex
1266 1282 1359 1333 qua
1398 1267 1616 1320 imminet
1655 1267 1920 1332 periculum
1958 1267 2125 1329 gravis
2161 1267 2297 1331 mali,
2326 1277 2377 1321 ut
2414 1270 2734 1338 captivitatis,
2758 1272 3002 1336 infamiae,
3029 1277 3189 1339 gratis

725 1354 945 1407 iacturae
985 1357 1216 1407 bonorum
1256 1353 1335 1405 vel
1364 1359 1535 1415 status,
1565 1353 1690 1402 unde
1717 1353 1818 1417 liat,
1848 1357 1899 1403 ut
1930 1350 2192 1404 difficulter
2235 1367 2288 1404 se
2328 1354 2483 1418 possit
2522 1362 2825 1409 sustentare:
2854 1373 2900 1410 v.
2926 1373 2999 1421 gr.
3029 1359 3070 1411 si
3098 1376 3188 1413 non

727 1438 883 1505 possit
920 1438 1090 1491 vivere
1127 1439 1394 1489 secundum
1422 1450 1563 1488 suum
1589 1441 1787 1496 statum,
1818 1437 1894 1488 vel
1921 1433 1961 1487 si
1998 1436 2175 1488 nobilis
2213 1444 2418 1500 cogatur
2455 1439 2594 1492 alteri
2625 1441 2864 1506 famulari,
2893 1447 2969 1495 vet
3013 1445 3187 1499 artilex

725 1532 809 1577 aut
848 1523 924 1575 vir
960 1529 1196 1576 nonestus
1222 1520 1513 1573 mendicare.
1540 1518 1601 1571 3·
1625 1519 1805 1571 dicitur
1829 1519 2119 1581 commum,
2147 1536 2240 1586 qua
2272 1523 2494 1575 laborant
2521 1523 2732 1577 mendici
2759 1524 2994 1580 niviala.
3022 1531 3188 1592 Laym.

726 1611 759 1663 Ι.
790 1613 839 1662 2.
865 1617 927 1662 tr.
954 1610 1003 1660 3.
1030 1623 1074 1661 c.
1102 1609 1151 1660 6.

829 1697 1062 1760 suppono
1101 1695 1152 1745 3.
1180 1695 1305 1744 bona
1333 1690 1606 1744 necessaria
1646 1698 1694 1744 et
1732 1693 1983 1756 superflua
2025 1689 2138 1753 dici,
2167 1693 2246 1745 vei
2281 1699 2511 1757 respectu
2554 1692 2681 1746 vitae
2720 1693 2826 1747 sive
2859 1703 3084 1760 naturae,
3116 1701 3190 1754 vel

720 1785 946 1844 respectu
986 1783 1142 1830 status
1179 1779 1256 1829 vel
1296 1775 1514 1829 decentis
1550 1774 1845 1828 conditionis
1884 1789 2276 1842 personae;quo
2318 1778 2465 1828 modo
2505 1780 2748 1831 seculares
2787 1794 2899 1832 raro
2928 1790 3100 1846 putant
3139 1800 3188 1837 se

718 1866 897 1916 habere
936 1864 1197 1927 superflua,
1227 1867 1277 1913 ut
1304 1862 1446 1912 docet
1475 1863 1640 1923 Laym.
1669 1866 1719 1912 et
1745 1861 1864 1911 Nav.
1893 1874 1936 1912 c.
1966 1859 2048 1912 24.
2072 1861 2187 1912 Nam
2218 1874 2343 1926 quae
2372 1868 2483 1913 sunt
2511 1861 2785 1915 necessaria
2814 1866 2873 1916 ad
2905 1866 3109 1920 alendos
3140 1867 3187 1920 li·

718 1949 881 2007 beroS‚
910 1950 1130 2008 ramulos,
1156 1949 1386 1997 honestas
1418 1943 1719 2004 donationes
1746 1942 1993 2011 convivia,
2021 1943 2267 2009 hospitum
2320 1944 2651 1998 tractationem
2696 1947 2877 2012 (qualia
2907 1955 3068 2003 tamen
3097 1968 3187 2004 non

718 2036 847 2092 sunt,
868 2045 992 2095 quae
1012 2031 1073 2081 ad
1099 2043 1451 2094 quemcumque
1479 2032 1652 2081 tastum
1678 2036 1726 2080 et
1755 2043 1982 2094 pompam
2013 2026 2217 2094 quisque
2244 2027 2338 2081 sibi
2367 2029 2596 2096 requirit)
2624 2031 2858 2096 spectatis
2885 2033 3030 2088 etiam
3059 2050 3189 2089 com·

720 2114 947 2167 munibus
972 2113 1245 2174 eventibuS,
1275 2111 1554 2174 heredibuS‚
1583 2111 1872 2164 necessitate
1899 2114 2054 2164 lutura
2080 2120 2172 2165 etc.
2203 2128 2297 2165 non
2323 2121 2435 2166 sunt
2460 2118 2724 2180 superflua.
2748 2116 2880 2170 ‘Hac
2917 2121 2977 2172 de
2998 2135 3052 2174 re
3075 2121 3185 2175 vide

723 2199 961 2268 proposit.
998 2201 1074 2252 12.
1099 2199 1226 2251 inter
1264 2201 1513 2251 damnatas
1551 2202 1611 2250 ab
1649 2201 1812 2251 innoc.
1841 2197 1953 2250 XL·

814 2325 964 2397 193.
1023 2326 1111 2390 Ut
1176 2325 1476 2409 obligatio
1543 2325 1786 2400 existat,
1838 2326 2175 2407 requiritur
2222 2346 2291 2389 ex
2339 2330 2513 2408 parte
2574 2328 2923 2411 recipientis
2988 2353 3185 2398 neces-

717 2431 890 2496 sitas
926 2430 1108 2508 Nam,
1145 2431 1217 2492 ut
1254 2429 1344 2492 ait
1376 2449 1424 2492 s.
1451 2427 1722 2493 Thomas
1759 2429 1819 2490 2.
1856 2430 1915 2491 2.
1944 2447 2001 2509 q.
2031 2428 2136 2490 32.
2168 2430 2283 2491 art.
2314 2431 2411 2492 5.:
2447 2453 2481 2487 «
2516 2430 2602 2493 Ex
2634 2434 2810 2512 parte
2835 2435 3183 2516 recipientis

714 2533 1068 2616 requiritur,
1104 2531 1267 2614 quod
1315 2531 1746 2597 necessitatem
1794 2531 2054 2605 habeat3
2094 2529 2367 2611 alioquin
2415 2549 2538 2597 non
2586 2535 2749 2598 esset
2779 2536 2962 2613 ratio,
2991 2557 3180 2620 quare

714 2638 1102 2720 eleemosyna
1152 2636 1209 2699 ei
1255 2635 1508 2699 daretur
1549 2659 1610 2696 ».

801 2740 889 2803 Ex
923 2741 1098 2820 parte
1130 2738 1335 2801 dantis
1381 2737 1736 2819 requiritur,
1772 2738 1844 2799 ut
1876 2736 1974 2800 vel
2024 2736 2252 2801 habeat
2299 2737 2459 2801 bona
2506 2738 2835 2820 superflua,
2873 2744 2973 2805 vel
3024 2748 3181 2808 certe

695 2844 920 2908 minus
953 2844 1077 2923 ipsi
1105 2843 1479 2919 necessaria,
1516 2860 1704 2923 quam
1736 2840 2081 2905 necessaria
2128 2840 2255 2903 sint
2303 2841 2621 2925 indigenti,
2661 2843 2735 2906 de
2768 2863 2891 2925 qua
2924 2866 2991 2909 re
3026 2848 3179 2912 infra

713 2943 970 3009 dicetur.
1073 2940 1081 2947 ’

802 3048 876 3109 Α.
913 3047 1218 3128 duplicem
1250 3047 1676 3111 necessitatem
1711 3046 1789 3107 ab
1821 3045 1999 3108 initio
2046 3063 2390 3126 proponens
2423 3047 2486 3109 et
2519 3045 2733 3110 deinde
2779 3050 2905 3113 tres
2940 3070 3183 3117 enume-

708 3169 871 3223 rans
909 3149 1153 3211 videtur
1188 3148 1533 3232 significare
1573 3146 1737 3227 quod
1768 3148 2082 3227 postrema
2113 3165 2235 3211 non
2269 3147 2352 3211 sit
2388 3167 2536 3211 vera
2565 3150 2919 3216 necessitas,
2958 3151 3075 3217 Sed
3107 3155 3177 3219 de

709 3252 806 3315 his
839 3250 1018 3313 infra.
1045 3249 1216 3313 Nihil
1249 3268 1494 3313 movere
1526 3248 1724 3324 debet,
1760 3248 1925 3330 quod
1957 3268 2077 3313 non
2112 3267 2322 3314 omnes
2358 3249 2494 3313 DD.
2531 3251 2837 3331 quosdam
2869 3273 3053 3319 casus
3102 3256 3175 3320 ad

709 3352 964 3417 eandem
997 3352 1379 3416 necessitatis
1429 3351 1688 3432 speciem
1721 3353 2010 3415 revocent
2044 3371 2115 3415 ac
2146 3352 2401 3433 quidam
2442 3351 2652 3416 dicant
2683 3354 2887 3418 solum
2922 3377 3173 3440 gravem

707 3456 901 3533 illam,
953 3474 1141 3538 quam
1190 3454 1296 3519 alii
1328 3454 1541 3519 dieunt
1587 3456 1924 3518 extremam
1974 3457 2084 3518 aut
2130 3455 2254 3519 fere
2297 3458 2635 3519 extremam
2688 3458 2751 3520 et
2795 3458 3127 3525 viceversa.

798 3558 1227 3623 Declaratione
1273 3557 1510 3641 indiget
1557 3558 1618 3621 3.
1654 3556 1997 3638 suppositio
2031 3558 2095 3620 et
2126 3557 2455 3620 videndum
2491 3559 2586 3620 est
2609 3560 2961 3642 quotuplici
2993 3562 3172 3627 modo

707 3663 866 3727 bona
914 3662 1199 3726 dicantur
1245 3660 1606 3725 necessaria.

793 3763 852 3829 S.
889 3766 1110 3830 Thom.
1145 3766 1207 3827 4.
1242 3764 1385 3829 dist.
1442 3766 1540 3827 15.
1581 3784 1638 3845 q.
1685 3765 1744 3826 2.
1782 3766 1899 3827 art.
1942 3764 1999 3826 1.
2034 3781 2093 3843 q.
2143 3759 2261 3825 4⁸:
2319 3786 2353 3820 «
2401 3762 2493 3826 De
2538 3764 2723 3827 rebus
2770 3767 3173 3832 exterioribus

702 3867 927 3932 dieitur
963 3869 1139 3932 nobis
1185 3868 1596 3930 necessarium
1647 3866 1884 3948 aliquid
1918 3865 2261 3946 dupliciter.
2300 3864 2438 3928 Uno
2471 3866 2683 3941 modo,
2728 3868 2857 3932 sine
2890 3889 3014 3951 quo
3056 3891 3173 3935 non

699 3973 904 4054 potest
937 3971 1161 4052 aliquis
1210 3990 1338 4033 esse
1372 3972 1484 4033 aut
1531 3970 1753 4032 vivere.
1806 3968 1946 4032 Alio
1995 3967 2178 4031 modo
2226 3966 2459 4031 dicitur
2518 3970 2693 4034 nobis
2740 3974 3171 4047 necessarium,

694 4093 814 4155 quo
866 4074 1210 4157 indigemus
1253 4072 1328 4134 ad
1377 4072 1628 4135 honeste
1677 4069 2013 4133 vivendum
2079 4069 2176 4132 vel
2224 4068 2508 4135 decenter
2556 4074 2889 4138 seeundum
2938 4080 3174 4142 statum

697 4178 978 4240 nostrum
1024 4201 1084 4239 ».

783 4277 1020 4342 Auctor
1058 4279 1135 4341 ad
1166 4276 1477 4340 decentiae
1509 4275 1944 4339 necessitatem
1995 4275 2182 4339 refert
2217 4295 2307 4354 ea,
2338 4296 2496 4358 quae
2531 4278 2609 4342 ad
2642 4280 2893 4345 alendos
2931 4302 3174 4366 quoque

692 4379 918 4442 liberos
979 4380 1318 4443 necessaria
1366 4377 1509 4441 sint.
1560 4376 1676 4441 Sed
1727 4378 1933 4442 minus
1982 4381 2303 4454 accurate3
2366 4399 2512 4444 nam
2559 4401 2670 4464 pro
2718 4382 2930 4449 liberis
2977 4404 3174 4450 neces·

694 4483 929 4547 sarium
962 4482 1280 4565 quidpiam
1311 4501 1442 4546 esse
1475 4483 1682 4565 potest
1718 4481 1813 4545 vel
1846 4482 2149 4556 absolute,
2187 4483 2285 4547 vel
2319 4484 2527 4549 solum
2563 4485 2642 4549 ad
2679 4486 3047 4554 decentiam.

783 4584 1007 4652 Melius
1040 4605 1088 4650 s.
1124 4585 1395 4651 Thomas
1431 4587 1765 4668 utrumque
1813 4586 2203 4650 necessitatis
2251 4587 2510 4652 modum
2542 4589 2732 4654 refert
2767 4591 2833 4656 et
2863 4591 2942 4655 ad
2966 4592 3164 4657 homi-
