3497 5147
332 353 448 430 [97]
1344 370 1430 410 nn
1466 371 1733 412 maner
2727 360 2800 415 67

428 461 549 537 95.
585 465 804 546 Quoad
848 467 1038 532 istam
1069 467 1510 552 ignorantiam,
1552 486 1589 532 a
1619 469 1962 552 pervicacia
1993 473 2405 548 excusantem,
2437 471 2562 535 duo
2594 490 2803 554 super-

335 572 489 636 sunt
535 569 927 634 advertenda.

521 674 589 735 1ο
625 671 807 736 Hanc
837 671 1204 748 doctrinam,
1243 672 1410 755 quod
1440 673 1798 757 ignorantia
1825 674 2126 757 impediat
2162 674 2565 757 pertinaciam
2601 675 2803 757 requi-

339 772 531 839 sitam
587 774 665 838 ad
726 774 1052 852 haeresim,
1106 774 1315 839 locum
1376 775 1617 853 habere,
1674 776 1901 841 saltem
1962 776 2024 839 in
2079 775 2216 840 foro
2270 777 2534 855 interno,
2596 776 2806 857 quoad

340 897 582 941 munem
627 876 780 957 fidei
830 878 1181 951 nuteriam,
1228 878 1475 942 etiamsi
1530 879 1761 962 agatur
1805 878 1880 941 de
1940 878 2282 960 praecipuis
2330 878 2629 943 articulis.
2680 878 2802 958 Qui

339 980 725 1044 contrarium
768 980 1006 1057 dicunt,
1046 980 1093 1044 ii
1137 980 1480 1062 loquuntur
1524 981 1590 1045 et
1631 980 2021 1065 intelligendi
2064 983 2215 1045 sunt
2242 981 2315 1047 de
2347 981 2480 1046 foro
2529 984 2797 1047 externo.

339 1081 542 1166 Lugo,
573 1100 634 1145 n.
679 1080 827 1146 195.

518 1186 586 1248 2ο
619 1184 692 1248 In
740 1184 876 1249 foro
908 1186 1158 1249 externo
1204 1184 1627 1269 ignorantiam
1657 1185 2031 1269 culpabilem
2076 1204 2199 1250 non
2230 1205 2468 1270 semper
2512 1206 2802 1252 excusare

342 1303 383 1349 a
428 1287 930 1370 praesumptione
975 1288 1317 1363 haereseoS,
1366 1288 1614 1352 etiamsi
1657 1307 1802 1353 reus
1847 1287 2033 1366 dicat,
2073 1307 2139 1352 se
2186 1307 2258 1352 ea
2302 1288 2640 1373 ignorasse.
2672 1290 2804 1354 AEi⁶

337 1388 589 1469 quando
636 1390 847 1453 tamen
893 1390 1209 1455 excusatio
1252 1390 1365 1454 illa
1407 1390 1587 1454 iuxta
1630 1390 2133 1455 circumstantias
2177 1408 2492 1473 personae,
2530 1391 2670 1468 loci,
2696 1391 2804 1457 do·-

340 1491 573 1574 gmatis
619 1494 737 1556 etc.
773 1491 984 1565 efficit,
1024 1493 1099 1557 ut
1142 1511 1339 1576 poena
1385 1493 1725 1558 minuatur.
1762 1492 1961 1577 Lugo,
1994 1512 2054 1556 n.
2094 1494 2241 1557 195.

445 1629 594 1682 XLll.
619 1629 667 1682 t.
690 1630 789 1682 Nec
815 1635 891 1683 est
915 1627 1208 1695 haereticus,
1227 1628 1310 1695 qui
1335 1628 1402 1682 ita
1431 1629 1701 1696 dispositus
1727 1639 1818 1692 est,
1839 1633 2009 1682 saltem
2038 1628 2369 1692 habitualiter,
2386 1637 2440 1683 ut
2464 1643 2491 1682 a
2512 1644 2601 1683 suo
2629 1642 2801 1684 errore

338 1721 472 1768 esset
507 1714 832 1780 discessurus,
859 1714 901 1767 si
938 1714 1089 1768 sciret
1126 1729 1235 1767 esse
1271 1713 1573 1767 contrarium
1611 1713 1742 1775 ndei,
1769 1715 2036 1767 dummodo
2065 1713 2380 1780 pertinaciam
2404 1715 2645 1769 actualem
2686 1726 2802 1768 num

339 1812 485 1863 quam
509 1798 750 1853 habuc-it.
776 1798 897 1854 ibid.
919 1807 969 1854 et
990 1800 1115 1855 Con.
1141 1801 1176 1854 l.
1200 1813 1246 1853 c.

437 1912 559 1986 88.
594 1915 747 1979 Heic
778 1916 1121 1981 notandum
1151 1934 1293 1980 cum
1325 1915 1503 2001 Lugo
1535 1915 1611 1979 de
1641 1915 1791 1980 Fid.
1825 1916 1982 1999 disp.
2018 1918 2123 1981 20.
2162 1936 2221 1980 n.
2267 1918 2437 1996 170„
2462 1935 2586 2000 quo
2617 1934 2804 1983 sensu

342 2036 563 2084 verum
610 2018 712 2095 sit,
760 2019 1274 2101 protestationem
1318 2018 1462 2082 fidei
1505 2037 1795 2083 excusare
1842 2038 1879 2082 a
1923 2019 2281 2102 pertinacia,
2329 2022 2403 2084 ut
2448 2019 2642 2105 vulgo
2679 2020 2803 2084 dici

335 2122 516 2186 solet.

421 2225 596 2289 Bene
642 2224 941 2289 observat
983 2223 1182 2308 Lugo,
1221 2223 1284 2287 id
1331 2242 1474 2288 cum
1519 2243 1714 2308 grano
1763 2225 1913 2289 salis
1960 2222 2383 2308 accipiendum
2427 2243 2577 2289 esse.
2611 2225 2695 2290 nt
2737 2225 2802 2289 in

334 2327 473 2392 foro
520 2326 775 2409 quidem
821 2326 1229 2391 conscientiae
1276 2326 1428 2391 haec
1473 2328 1844 2410 protestatio
1891 2328 2123 2410 poterit
2170 2327 2460 2410 praebere
2505 2328 2806 2391 coniecta·-

332 2448 495 2504 ram,
530 2429 695 2511 quod
745 2430 851 2494 ille
898 2430 996 2494 vel
1039 2447 1164 2494 non
1211 2430 1573 2512 peccaverit,
1607 2430 1739 2494 scil.
1790 2431 2041 2513 propter
2086 2429 2508 2513 ignorantiam
2551 2429 2805 2494 invinci-

336 2534 548 2610 bilem,
583 2532 684 2598 vel
715 2532 942 2598 saltem
973 2551 1095 2598 non
1126 2531 1315 2597 fuerit
1347 2532 1591 2616 proprie
1620 2532 1912 2610 haeresia,
1945 2531 2077 2597 scil.
2103 2534 2355 2615 propter
2380 2532 2803 2617 ignorantiam

334 2638 492 2700 utut
520 2636 895 2701 vincibilem}
924 2635 1087 2700 Nam
1119 2637 1226 2717 qni
1259 2636 1645 2718 protestatur
1675 2655 1738 2700 se
1769 2636 1927 2700 velle
1958 2654 2101 2700 cum
2123 2633 2396 2700 Ecclesia
2425 2636 2490 2700 in
2517 2635 2802 2700 omnibus

335 2739 588 2816 sentire,
619 2757 745 2803 non
792 2739 1211 2822 praesumitur
1239 2739 1399 2803 velle
1445 2739 1664 2802 statim
1695 2756 1760 2803 se
1792 2755 2097 2822 opponere
2125 2739 2452 2803 Ecclesiae.
2488 2739 2561 2803 In
2596 2738 2803 2828 rigore

334 2844 552 2908 tamen
581 2862 706 2907 non
739 2844 836 2907 est
867 2845 1307 2926 argumentum
1328 2843 1569 2905 certum
1599 2840 1673 2904 de
1703 2841 1945 2905 defectu
1977 2840 2352 2924 pertinaciae
2390 2840 2466 2904 ad
2497 2840 2802 2905 haeresim

324 2945 692 3028 requisitae,
742 2944 1105 3028 praesertim
1150 2944 1203 3008 si
1250 2944 1623 3026 protestatio
1666 2943 1780 3007 illa
1824 2961 1948 3008 non
1992 2943 2267 3026 proxime
2313 2943 2662 3025 praecessit,
2697 2943 2802 3007 sed

329 3068 483 3113 cum
527 3048 733 3111 multa
779 3046 1099 3112 distantia.
1148 3046 1333 3110 Nam·
1371 3046 1521 3110 licet
1561 3046 1812 3110 sincera
1853 3046 2245 3109 existimetur
2288 3063 2363 3109 ea
2407 3047 2800 3126 protes-tatto,

329 3150 684 3236 pertinacia
714 3151 924 3233 potest
966 3149 1031 3213 in
1069 3149 1289 3213 istanti
1325 3149 1424 3213 vel
1467 3148 1533 3212 in
1579 3148 1826 3212 morula
1858 3147 2220 3211 brevissima
2251 3149 2688 3213 consummari.
2721 3148 2803 3212 Et

328 3256 508 3320 sicut
552 3253 663 3335 qui
707 3253 1034 3336 proposuit
1079 3271 1294 3316 cavere
1341 3270 1377 3316 a
1422 3253 1695 3335 peccato,
1735 3251 1880 3333 post
1924 3251 2141 3315 horam
2187 3251 2395 3334 potest
2441 3251 2802 3316 adveniente

322 3356 704 3432 tentatione,
756 3356 1034 3441 graviter
1079 3373 1346 3438 peccare,
1397 3355 1487 3417 ita
1533 3356 1678 3437 post
1724 3353 2115 3418 voluntatem
2161 3352 2463 3416 sentiendi
2506 3373 2648 3418 cum
2696 3354 2805 3417 Ec*

323 3460 545 3536 clesia‚
594 3460 822 3542 potest,
858 3457 1218 3522 adveniente
1266 3457 1629 3533 tentatione,
1659 3455 1899 3520 mutari
1940 3455 2235 3520 voltmtas
2278 3454 2390 3518 illa
2435 3455 2499 3518 in
2537 3456 2803 3537 pertine.⁶

319 3563 495 3627 ciam
543 3561 761 3625 contra
807 3559 1142 3624 Ecclesiam
1150 3601 1167 3622 .

436 3709 613 3767 me.
638 3714 688 3766 5.
717 3710 922 3776 Rustici,
953 3709 1132 3777 aliique
1174 3709 1395 3764 homines
1432 3707 1754 3777 simpliciores
1791 3708 1838 3762 in
1879 3708 2155 3775 Germania,
2180 3709 2261 3775 qui
2302 3708 2534 3763 haeretici
2561 3691 2801 3763 hahentur

319 3805 373 3852 ct
416 3806 579 3851 tamen
622 3796 898 3864 pertinaces
925 3811 1021 3850 non
1049 3804 1179 3860 sunt,
1212 3801 1417 3863 possunt
1441 3794 1635 3849 absolvi
1662 3810 1689 3848 a
1717 3794 1820 3847 suis
1856 3794 2100 3847 parochis.
2128 3789 2271 3848 Ratio
2301 3801 2391 3858 est,
2421 3795 2534 3860 quia
2562 3807 2658 3848 non
2687 3802 2801 3849 sunt

322 3881 574 3938 haeretici
612 3883 842 3936 formales
883 3884 1161 3947 habentque
1201 3882 1344 3934 fldem
1382 3879 1685 3934 Catholicam
1724 3878 1774 3933 in
1813 3878 2061 3946 Baptismo
2103 3887 2364 3946 acceptam,
2392 3891 2515 3945 qnae
2554 3895 2649 3934 non
2688 3889 2799 3949 per‘·

317 3968 479 4032 ditur,
506 3967 601 4021 nisi
638 3969 850 4021 errando
886 3965 1214 4033 pertinaciter.
1237 3969 1404 4030 Laym.
1432 3969 1464 4017 Ι.
1493 3981 1535 4020 c.

412 4074 541 4149 97.
588 4076 836 4141 Rustici
887 4075 1191 4140 eiusmodi
1238 4076 1499 4157 possunt
1532 4074 1770 4139 absolvi
1793 4083 1844 4137 'a
1882 4074 2186 4157 parochiS,
2222 4074 2466 4156 quando
2499 4075 2562 4137 in
2595 4076 2799 4138 sinum

324 4180 647 4246 Ecclesiae
680 4178 888 4243 venire
936 4178 1189 4253 voluntz
1225 4176 1374 4259 quia
1418 4195 1543 4241 non
1589 4179 1914 4241 censentur
1944 4164 2238 4240 haeretici
2285 4177 2573 4241 formales
2613 4178 2798 4259 atque

322 4284 483 4348 adeo
532 4301 658 4348 non
706 4283 1099 4346 incurrerunt
1145 4279 1841 4344 excommunicationem
1878 4280 2083 4362 Papae
2128 4282 2527 4344 reservatam.

412 4386 643 4450 Relate
675 4384 841 4449 enim
887 4383 966 4449 ad
1002 4384 1157 4448 istos
1203 4383 1474 4447 haeresis
1522 4380 1823 4464 accipitur
1854 4400 1964 4463 pro
2011 4399 2215 4445 errore
2260 4382 2476 4445 contra
2524 4381 2810 4463 aliquam.

322 4489 471 4553 fidei
522 4488 897 4563 veritatem,
946 4487 1054 4567 qui
1099 4504 1269 4550 error
1316 4484 1516 4548 oritur
1560 4503 1633 4548 ex
1680 4483 1891 4566 aliqua
1937 4483 2097 4546 falsa
2144 4483 2537 4565 persuasione
2584 4484 2799 4546 contra

317 4590 674 4656 Ecclesiam
703 4586 1114 4663 Catholicam‚
1153 4590 1329 4654 cuius
1378 4587 1820 4651 auctoritatem
1858 4586 1962 4648 isti
2008 4585 2319 4668 ignorant,
2356 4585 2558 4665 parati
2589 4586 2798 4647 tamen
