3497 5147
786 338 896 393 510
931 351 1144 393 rnAc‘r.
1168 353 1249 393 vr.
1278 351 1439 393 snc'r.
1467 353 1532 392 11.
1552 352 1637 392 nn
1662 349 1941 393 sncmmo
1966 350 2183 392 panno,
2203 350 2532 393 nascamur.
2552 351 2680 392 cnr.
2699 352 2784 392 111.
2801 353 2928 394 nus.
2945 354 3015 393 vi.
3045 341 3159 409 [671]

878 448 1107 513 Suarez
1135 450 1208 512 de
1252 448 1384 512 Vot.
1408 448 1516 512 lib.
1545 449 1605 511 3.
1632 467 1765 530 cap.
1794 450 1854 511 5.
1882 448 2127 531 egregie
2157 447 2444 512 confutat
2477 449 2633 512 hanc
2678 449 3009 531 opinionem,
3042 469 3165 531 quae

789 552 994 634 reipsa
1041 570 1162 616 non
1201 551 1513 626 innititur,
1546 550 1666 614 nisi
1702 552 1770 613 1⁰
1808 569 1856 613 3.
1890 550 2166 614 Thomae
2211 550 2414 614 verbis
2461 552 2622 615 male
2674 551 2992 616 intellectis.
3040 550 3167 614 Nam

784 673 835 717 3.
872 655 1108 718 Doctor
1141 655 1201 716 2.
1231 655 1292 715 2.
1320 673 1377 735 q.
1407 653 1512 716 88.
1540 653 1657 716 art.
1688 653 1746 715 8.
1777 655 1839 716 et
1872 653 1932 715 9.
1959 652 2163 716 solum
2195 651 2364 728 dicit,
2391 654 2540 716 vota
2572 652 2939 736 impuberum
2965 654 3018 717 et
3043 653 3169 716 Reli·

789 756 1115 840 giosorum
1146 774 1275 818 non
1320 775 1450 819 esse
1480 753 1689 835 firma,
1723 754 1891 837 quod
1935 755 2140 818 solum
2186 753 2518 840 significat,
2553 774 2624 819 ea
2657 774 2834 837 posse
2877 755 3090 818 irritari
3123 756 3172 820 et

788 859 896 922 isti
927 858 1206 946 (Valent.
1240 858 1304 921 in
1338 859 1397 920 2.
1427 858 1486 920 2.
1522 856 1676 939 disp.
1706 857 1768 919 6.
1794 876 1851 938 q.
1881 856 1940 919 6.
1968 859 2178 940 punct.
2206 857 2298 940 6.)
2329 876 2649 940 perperam
2677 857 3023 941 intelligunt,
3044 856 3171 938 quod

784 981 914 1022 non
954 959 1231 1041 obliqent
1258 961 1402 1023 ante
1436 959 1780 1038 positivum
1825 977 2187 1022 consensum
2235 958 2589 1041 superioris.
2625 961 2693 1022 2⁰
2727 959 3006 1023 Nituntur
3043 958 3173 1023 axio·

786 1062 977 1134 mati:
1015 1061 1179 1144 quod
1213 1060 1566 1145 Religiosus
1598 1079 1718 1125 non
1768 1061 1995 1124 habeat
2027 1059 2180 1124 velle
2209 1063 2325 1123 aut
2365 1059 2530 1124 nolle
2548 1063 2891 1142 propr-ium.
2922 1061 3085 1142 Atqui
3108 1081 3171 1123 re-

786 1165 961 1248 ponit
994 1163 1219 1228 Suarez
1251 1164 1294 1226 1.
1322 1183 1373 1226 c.
1400 1183 1459 1227 n.
1486 1164 1575 1227 7.:
1602 1164 1717 1228 hoc
1759 1189 1792 1222 «
1825 1182 1946 1227 non
1986 1165 2080 1228 est
2116 1163 2208 1227 ita
2244 1163 2737 1248 intelligendum,
2764 1165 2835 1228 ut
2861 1163 3000 1228 nihil
3025 1163 3174 1247 possit

786 1268 956 1330 licite
1004 1269 1065 1330 et
1113 1266 1316 1330 valide
1363 1266 1539 1342 velle,
1575 1266 1692 1330 nisi
1726 1266 1890 1348 quod
1923 1266 2016 1330 illi
2048 1266 2311 1349 positive
2359 1266 2685 1331 ordinatur
2723 1268 2831 1330 aut
2860 1265 3169 1337 conceditur3

783 1369 934 1451 quia
983 1388 1093 1433 nec
1140 1368 1493 1453 Religiosus
1540 1369 1656 1433 hoc
1701 1368 1924 1444 voluit,
1958 1387 2070 1433 nec
2114 1371 2208 1432 est
2253 1369 2636 1444 convenienS,
2669 1369 2797 1433 imo
2827 1388 2931 1433 nec
2963 1369 3174 1432 humano

786 1471 972 1535 modo
1021 1471 1330 1554 possibile.
1381 1472 1577 1535 Debet
1624 1489 1770 1555 ergo
1815 1471 1909 1534 ita
1953 1470 2241 1554 intelligi,
2291 1473 2364 1534 ut
2417 1470 2575 1534 nihil
2625 1472 2824 1554 possit
2868 1472 3018 1536 licite
3061 1469 3176 1534 velle

784 1575 1000 1637 contra
1036 1574 1428 1637 voluntatem
1458 1573 1740 1654 praelati,
1775 1592 1970 1654 neque
2001 1572 2120 1637 sibi
2150 1573 2242 1637 ita
2274 1592 2610 1656 proponere
2649 1573 2882 1656 aliquid
2915 1573 3177 1658 agendum,

783 1677 860 1739 ut
904 1695 1027 1740 non
1074 1675 1158 1740 sit
1195 1676 1452 1759 paratus
1486 1675 1561 1739 ad
1602 1675 2016 1740 omittendum
2047 1674 2222 1751 illud,
2258 1676 2310 1740 si
2356 1676 2636 1759 superior
2669 1677 2820 1740 velit
2853 1703 2910 1738 ».
2946 1676 3017 1739 Et
3047 1675 3179 1738 omit-

789 1781 993 1843 temus
1040 1779 1221 1843 inane
1269 1780 1709 1864 argumentum
1776 1779 2033 1842 ductum
2081 1798 2149 1842 ex
2197 1778 2467 1860 quodam
2517 1781 2827 1859 putatitio
2882 1798 3088 1854 canone,
3123 1776 3177 1839 de

788 1900 913 1963 quo
948 1879 1172 1944 Suarez
1206 1880 1354 1944 ibid.
1381 1901 1441 1944 n.
1480 1881 1564 1958 6.,
1599 1881 1706 1962 qui
1752 1880 1954 1962 reipsa
2002 1900 2121 1945 non
2157 1883 2252 1946 est
2296 1900 2491 1945 canon
2526 1883 2776 1947 Decreti
2807 1881 3081 1956 Gratiani,
3104 1878 3182 1944 sed

788 1986 938 2047 sunt
984 1984 1171 2047 verba
1217 2003 1323 2066 per
1371 2003 1639 2048 errorem
1687 2001 1721 2046 a
1757 1981 2037 2048 Navarro
2087 1984 2360 2068 allegata
2406 1984 2585 2065 quasi
2624 1986 2791 2049 esset
2821 1984 3031 2049 Canon.
3071 1981 3183 2046 Heie

797 2085 1064 2160 adverte,
1102 2105 1172 2149 ex
1210 2087 1480 2167 quinque
1528 2086 1663 2149 DD.
1698 2085 1806 2167 qui
1839 2104 1874 2148 a
1907 2104 1955 2149 s.
1989 2084 2174 2167 Alph.
2215 2085 2569 2169 allegantur
2598 2105 2714 2169 pro
2763 2088 2878 2151 hac
2919 2083 3182 2158 sententia,

786 2188 1062 2267 quatuor
1097 2188 1270 2270 loqui
1302 2189 1502 2251 solum
1533 2189 1607 2252 de
1645 2186 1977 2272 Religiosis
2015 2186 2167 2268 (vid.
2203 2186 2378 2251 Suar.
2412 2187 2454 2250 l.
2496 2207 2545 2251 c.
2581 2209 2641 2252 n.
2679 2190 2775 2273 4.)
2815 2190 2890 2254 01)
2934 2187 3182 2271 sophisma

784 2290 859 2352 2⁰
888 2291 1024 2356 loco
1064 2292 1198 2355 heic
1230 2292 1519 2369 relatum,
1556 2288 1675 2355 'non
1725 2309 1869 2355 vero
1902 2290 1975 2355 de
2021 2289 2442 2354 filiisfamiliae
2476 2294 2589 2355 aut
2619 2293 2949 2369 uxoribus;
2981 2291 3070 2356 sed
3095 2287 3187 2353 Sal·

785 2394 1200 2459 manticenses
1234 2395 1416 2458 tract.
1438 2395 1542 2456 47.
1571 2413 1702 2476 cap.
1735 2394 1794 2455 1.
1822 2413 1881 2456 n.
1913 2394 2058 2456 182.
2094 2393 2206 2457 has
2254 2393 2663 2477 allegationes
2710 2396 2804 2459 ita
2842 2390 3183 2464 subiecerunt,

779 2497 966 2579 quasi
1011 2497 1357 2562 referantur
1387 2497 1475 2559 ad
1516 2515 1726 2558 omne-s
1761 2494 2056 2558 subditos.
2091 2497 2392 2559 Auctores
2426 2514 2462 2559 a
2499 2513 2547 2559 s.
2583 2495 2909 2581 Alphonso
2940 2499 3065 2582 post
3089 2493 3188 2557 Sal-

784 2601 1192 2664 manticeuses
1257 2599 1514 2682 allegati
1574 2600 1723 2663 sunt
1788 2597 2070 2675 Valerus,
2119 2596 2429 2679 Anqelus,
2478 2596 2908 2676 Marna-nlius,
2960 2597 3180 2671 Riceius,

783 2701 1066 2778 Rusella,
1115 2704 1177 2765 et
1209 2701 1590 2784 probabilem
1624 2702 1850 2766 vocant
1887 2701 2198 2777 Leander,
2239 2701 2488 2776 Tor-rw,
2528 2701 2695 2783 apud
2735 2700 3190 2767 Salmanticensae

783 2824 918 2888 cap.
955 2807 1009 2868 1.
1039 2826 1096 2869 ιι.
1126 2806 1253 2879 92.;
1296 2803 1405 2868 alii
1442 2803 1585 2881 duo,
1621 2805 1727 2885 qui
1759 2803 1832 2867 de
1864 2803 2012 2867 solis
2045 2804 2377 2887 Religiosis
2425 2805 2642 2888 agunt,
2683 2807 2838 2869 sunt
2867 2801 3190 2873 Richardus,

779 2910 847 2971 et
878 2906 1277 2971 PaIudanuS.

873 3006 1024 3079 671.
1054 3009 1231 3089 Quod
1265 3010 1338 3074 A.
1376 3010 1525 3074 dicit
1573 3010 1646 3074 de
1692 3009 1996 3093 magistro
2029 3010 2092 3072 et
2138 3009 2304 3085 herc,
2337 3008 2639 3093 intellige,
2674 3009 2731 3074 si
2765 3010 2966 3076 desint
2993 3009 3102 3074 alii.
3121 3007 3192 3071 lta

779 3113 855 3177 de
904 3113 1019 3176 hac
1065 3132 1129 3176 re
1163 3110 1388 3176 Suarez
1421 3113 1495 3176 de
1544 3111 1675 3175 Vot.
1709 3111 1817 3174 lib.
1855 3111 1914 3173 6.
1949 3129 2081 3192 cap.
2117 3110 2177 3172 6.
2211 3130 2272 3173 ιι.
2308 3110 2444 3173 23.;
2486 3135 2521 3169 <x
2555 3111 2802 3193 Inquiri
2836 3116 3049 3196 potest,
3073 3129 3132 3173 an
3156 3106 3194 3169 si

783 3219 1080 3301 parvulus
1104 3220 1187 3284 sit
1220 3238 1431 3284 servus
1466 3240 1523 3283 v.
1550 3240 1644 3305 gr.
1679 3221 1742 3283 et
1776 3218 2029 3282 orbatus
2061 3217 2441 3299 parentibus,
2475 3219 2755 3301 possitne
2787 3220 3063 3285 dominus
3081 3218 3194 3280 rota

780 3323 954 3386 illius
985 3322 1231 3388 irritare
1256 3342 1379 3387 non
1404 3325 1606 3388 solum
1638 3322 1931 3387 indirecte
1963 3323 2120 3385 etex
2145 3322 2319 3404 parte
2343 3323 2661 3400 materiae,
2688 3323 2886 3389 titulo
2912 3318 3194 3390 servitutis.

781 3425 887 3490 sed
935 3425 1127 3491 etiam
1172 3425 1399 3490 directe
1446 3427 1687 3491 ratione
1734 3424 2169 3507 impubertatis
2208 3426 2270 3487 et
2316 3424 2494 3507 quasi
2534 3424 2724 3489 titulo
2776 3426 3043 3491 tutoris?
3069 3421 3195 3487 Idem

781 3528 1000 3611 quaeri
1038 3530 1247 3612 potest
1293 3530 1357 3592 et
1403 3528 1475 3591 de
1524 3528 1743 3610 quovis
1791 3527 2070 3610 parvum,
2105 3526 2212 3608 qui
2257 3526 2616 3608 parentibus
2652 3529 2827 3593 caret
2874 3529 2937 3593 et
2978 3528 3194 3591 tutorem

789 3651 911 3696 non
963 3632 1216 3715 accepit,
1259 3650 1337 3695 an
1383 3631 1498 3707 illi,
1537 3630 1652 3695 sub
1697 3649 1963 3712 quorum
2011 3648 2159 3693 cura
2190 3647 2321 3693 esse
2368 3628 2694 3713 contingit,
2737 3629 3010 3694 habeant
3036 3628 3089 3691 in
3113 3624 3202 3686 hoc

783 3734 982 3797 vicem
1032 3735 1228 3816 patris
1267 3735 1331 3798 et
1376 3733 1651 3797 tutoris?
1697 3731 1912 3814 Aliqui
1959 3731 2276 3795 affirmant
2320 3731 2384 3794 et
2428 3731 2524 3794 est
2553 3748 2918 3795 consonum·
2937 3724 3202 3814 pietatict

787 3837 1039 3900 rationi.
1081 3836 1163 3899 Et
1209 3836 1281 3899 de
1328 3835 1578 3901 domino
1624 3837 1907 3919 respectu
1944 3835 2104 3898 servi
2136 3833 2382 3897 videtur
2420 3834 2667 3907 certius,
2695 3834 2847 3916 quia
2879 3834 3104 3898 ratione
3128 3828 3205 3891 de

785 3938 965 4002 minii
1013 3936 1090 4000 ad
1135 3936 1317 4000 illum
1365 3940 1603 4019 spectat
1649 3956 1797 4002 cura
1844 3936 2024 4001 servi.
2075 3937 2148 4000 In
2197 3936 2335 3999 aliis
2379 3954 2547 4009 ver0,
2587 3935 2692 4018 qui
2740 3955 2869 4002 non
2917 3930 3206 4000 succedunt

785 4041 967 4125 quasi
1015 4059 1129 4105 suo
1177 4040 1311 4103 iure
1354 4039 1420 4103 in
1466 4039 1820 4105 huiusmodi
1868 4058 2036 4115 cura,
2070 4038 2176 4103 sed
2221 4037 2571 4102 voluntarie
2618 4039 2786 4103 etex
2820 4037 3080 4121 quadam
3116 4031 3206 4097 mi·

780 4145 1089 4212 sei-atione
1137 4143 1313 4208 illam
1360 4142 1725 4225 suscipiunt,
1758 4162 1853 4208 res
1887 4145 1980 4206 est
2011 4142 2214 4226 magis
2261 4140 2512 4204 incerta.
2554 4140 2771 4205 Potest
2821 4159 2967 4206 vero
2999 4131 3204 4204 fundari

784 4250 848 4312 in
897 4248 1298 4332 praesumpta
1347 4245 1670 4311 voluntate
1731 4245 2023 4329 parentis
2073 4243 2169 4308 Ad
2225 4243 2524 4307 maiorem
2582 4244 2792 4308 autem
2852 4240 3206 4307 securitatem

778 4351 1225 4416 consulendum
1272 4350 1536 4423 videtur,
1573 4351 1644 4412 ut
1692 4349 1766 4411 ad
1814 4348 2115 4412 utendum
2146 4346 2264 4411 tali
2309 4346 2620 4428 potestate
2664 4346 2986 4430 proprium
3015 4356 3206 4408 munus

779 4453 1011 4520 tutoris
1046 4455 1122 4518 ab
1154 4474 1246 4530 eo,
1286 4453 1392 4537 qui
1416 4452 1698 4536 legitima
1722 4452 2034 4533 potestate
2071 4450 2227 4515 illud
2260 4448 2531 4514 conferre
2563 4450 2786 4531 potest,
2823 4446 3204 4531 suscipiant».

774 4557 895 4623 Sed
929 4556 1043 4620 hoc
1076 4561 1170 4621 est
1202 4556 1550 4622 consilium.
