3497 5147
364 370 511 439 [837]
858 382 1029 430 QUAE
1063 380 1394 424 cumauro
1431 380 1803 424 noun-tonum
1841 382 1920 421 m·
1955 382 2340 424 utrumnum
2723 370 2828 426 617

469 479 682 534 xxvn.
708 481 758 531 2.
780 480 988 533 peccant
1011 477 1126 532 item
1152 475 1385 542 graviter,
1413 478 1458 528 1.
1485 475 1529 529 si
1554 476 1791 540 gravibus
1816 475 2008 530 iniuriis
2035 477 2263 542 afficiant,
2288 476 2528 542 diabolos,
2556 493 2703 533 canes
2729 487 2822 534 etc.

357 567 623 634 appellent.
650 565 770 617 Bon.
798 566 831 616 Ι.
856 578 898 617 6.
925 570 974 616 et
997 564 1157 616 Trull.
1183 565 1214 616 Ι.
1244 562 1292 615 4.
1319 577 1363 615 6.
1395 563 1442 615 1.
1469 562 1517 613 (1.
1546 562 1595 612 6.
1624 560 1740 615 licet
1767 560 1908 614 Dian.
1934 576 1982 627 p.
2013 562 2063 614 7.
2088 570 2122 615 t.
2150 563 2202 615 7.
2223 576 2264 616 r.
2290 563 2371 616 47.
2399 571 2633 618 excusent
2658 579 2685 616 a
2718 580 2826 630 pec·

357 656 469 705 cato
508 651 650 703 talem
688 646 1049 711 contumeliam,
1078 646 1208 712 quod
1235 659 1296 698 ex
1334 645 1406 697 ira
1447 652 1495 698 et
1534 643 1939 698 indeliberatione
1976 648 2133 698 soleat
2170 632 2410 711 pr'orerri:
2439 650 2487 700 2.
2515 647 2556 700 si
2594 647 2822 702 alimenta

356 733 695 789 convenientia
736 747 832 786 non
870 734 1153 798 praebeant,
1182 732 1449 783 mercedem
1488 728 1667 782 iustam
1706 726 1994 798 (dummodo
2032 728 2241 784 fideliter
2278 730 2556 798 servierint)
2586 746 2681 786 non
2729 734 2824 787 sol·

355 825 489 881 vent,
518 820 593 871 vel
621 817 847 871 differant
885 818 1068 881 absque
1104 813 1379 869 rationabili
1416 827 1562 866 causa
1600 812 1748 866 ibid:
1777 816 1826 866 3.
1854 812 1897 866 si
1934 819 2049 866 ante
2084 818 2304 880 elapsum
2343 814 2598 869 terminum
2638 824 2822 870 temere

356 907 503 959 domo
528 905 798 970 expellam:
822 900 870 955 in
898 916 997 967 quo
1021 914 1139 954 casu
1163 899 1279 967 (nisi
1315 898 1603 964 gravissima
1643 913 1706 952 ex
1743 912 1891 951 causa
1928 898 1979 951 id
2019 898 2241 963 fecerint)
2280 906 2507 954 tenentur
2532 903 2591 954 ad
2621 901 2822 955 solutio·

353 1003 462 1044 nem
487 988 706 1053 integrae
732 985 985 1041 mercedis.
1012 987 1147 1039 Less.
1174 987 1318 1048 Ater,
1347 1000 1391 1039 c.
1425 985 1503 1037 14.
1534 999 1580 1049 q.
1611 986 1657 1036 1.
1692 983 1800 1036 Fiu.
1829 997 1876 1035 n.
1909 983 2025 1035 117.
2043 982 2212 1046 Regin.
2241 986 2352 1038 Mol.
2372 993 2465 1038 etc.
2493 988 2670 1040 Escob.
2702 993 2737 1039 t.
2767 988 2818 1040 3.

356 1087 399 1127 6.
428 1075 477 1127 9.
504 1089 552 1127 n.
594 1074 707 1126 33.:
748 1072 795 1126 4.
836 1071 877 1124 si
915 1085 1045 1135 eum,
1083 1069 1167 1136 qui
1204 1069 1389 1123 liberos
1426 1067 1615 1123 aliosve
1652 1067 1949 1121 domesticos
1985 1068 2170 1129 verbiS,
2210 1075 2435 1137 exempto
2459 1073 2556 1125 -vel
2596 1072 2819 1125 moribus

355 1157 522 1224 pravis
558 1156 827 1223 corrumpit
862 1162 909 1209 et
947 1153 1326 1221 reprehensione
1366 1168 1461 1206 non
1501 1155 1804 1219 emendatur,
1831 1167 1858 1205 e
1896 1152 2041 1205 domo
2082 1167 2177 1206 non
2216 1153 2475 1208 dimittant.
2512 1156 2634 1209 Nav.
2661 1171 2706 1209 c.
2738 1156 2819 1209 14.

354 1247 500 1305 Azor,
526 1244 683 1295 Trutt.
710 1243 759 1293 d.
787 1242 871 1295 61.
898 1256 946 1293 11.
973 1242 1022 1292 2.

441 1359 614 1432 836.
652 1361 868 1441 Quoad
914 1361 1194 1438 iniurias,
1222 1360 1294 1425 de
1327 1360 1552 1442 quibus
1584 1359 1682 1438 A„
1724 1380 1773 1423 s.
1810 1361 1994 1443 Alph.
2028 1361 2336 1425 consentit
2383 1361 2516 1425 heic
2550 1382 2822 1427 commu·

357 1466 517 1530 niter
562 1465 707 1529 illas
753 1464 1013 1528 iniurias
1061 1482 1182 1527 non
1230 1464 1460 1528 censeri
1496 1482 1738 1548 graves.
1776 1462 1946 1527 Dicit
1991 1464 2436 1542 ammanitem
2485 1465 2631 1547 quia
2677 1486 2820 1548 pen·

351 1569 457 1632 det
501 1588 571 1632 ex
617 1566 1101 1632 circumstantiis
1125 1584 1527 1649 personarum
1560 1567 1624 1628 et
1659 1565 2034 1629 famulantes
2068 1566 2190 1629 ista
2237 1567 2525 1630 tribuunt
2572 1567 2815 1651 saepius

349 1670 691 1735 dementiae
722 1670 1134 1734 dominorum.

437 1772 533 1836 Ad
565 1792 624 1837 n.
660 1773 721 1835 3.
757 1791 805 1836 s.
845 1770 1032 1854 Alph.
1067 1790 1125 1833 n.
1162 1772 1311 1833 342.
1346 1771 1490 1853 post
1528 1769 1683 1834 alios
1725 1770 1925 1847 notat,
1977 1769 2285 1834 famulum
2334 1771 2560 1835 iniuste
2609 1773 2815 1855 expul-

348 1894 506 1951 sum,
541 1875 593 1938 si
640 1876 887 1957 tempus
924 1891 1047 1937 non
1094 1872 1380 1955 implevit
1417 1890 1538 1954 quo
1573 1872 1965 1936 serviendum
1990 1873 2125 1936 erat
2156 1873 2219 1936 et
2250 1872 2366 1937 hoc
2411 1873 2536 1936 iam
2585 1874 2669 1938 sit
2693 1875 2814 1938 ela-

349 1994 549 2059 psum,
614 1995 736 2039 non
774 1975 969 2039 teneri
1014 1973 1230 2038 deinde
1279 1973 1355 2037 ad
1402 1974 1868 2057 complendum3
1936 1974 2129 2037 teneri
2178 1977 2389 2038 autem
2451 1975 2671 2039 herum
2733 1977 2810 2041 ad

347 2077 686 2142 mercedem
730 2077 1118 2160 promissam.

432 2178 499 2244 Si
545 2199 689 2245 vero
736 2179 1009 2244 famulus
1058 2179 1303 2244 nullum
1335 2178 1633 2242 damnum
1663 2197 1883 2262 passus
1916 2177 2001 2242 sit
2035 2197 2107 2242 ex
2139 2177 2514 2260 expulsione,
2565 2181 2811 2246 tenetur

340 2282 745 2347 nihilominus
791 2282 1078 2347 dominus
1111 2281 1412 2347 maiorem
1458 2282 1683 2347 saltem
1730 2300 1918 2362 quam
1967 2280 2358 2345 dimidiatam
2382 2283 2624 2363 partem
2656 2304 2811 2349 mer-

341 2386 502 2450 cedis
549 2385 786 2451 solvere
826 2385 1153 2469 (intellige,
1210 2404 1368 2466 quae
1417 2403 1528 2468 pro
1578 2385 1855 2467 tempore
1917 2383 2211 2465 explendo
2260 2383 2631 2469 deberetur),
2680 2387 2806 2452 imo

339 2488 669 2573 integram,
716 2491 791 2552 111
838 2488 977 2551 vult
1024 2487 1273 2552 Lessius
1306 2487 1346 2551 1.
1385 2489 1444 2550 2.
1473 2508 1523 2551 6.
1561 2488 1665 2550 24.
1701 2506 1761 2549 11.
1804 2487 1896 2549 8.:
1939 2487 2236 2563 attamen,
2272 2487 2477 2568 inquit
2509 2507 2556 2552 s,
2598 2489 2804 2571 Alph.;

340 2592 543 2656 solum
590 2593 733 2675 post
780 2590 1152 2655 sententiam
1200 2590 1448 2667 iudicis3
1485 2590 1633 2672 quia
1666 2592 1761 2654 est
1794 2588 2100 2672 quaedam
2131 2607 2324 2671 poena
2360 2591 2423 2652 et
2452 2591 2681 2656 iniuria
2713 2595 2808 2657 est

338 2685 547 2759 ‘solum
571 2693 831 2759 violatio
865 2692 1289 2776 promissionis
1328 2692 1534 2773 quoad
1565 2693 1892 2756 servitium
1923 2692 2228 2756 futurum.

445 2855 680 2909 xxvm.
720 2856 769 2907 3.
804 2855 964 2906 Herus
1001 2867 1097 2906 non
1137 2857 1328 2904 tenetur
1365 2850 1543 2904 ramulo
1582 2850 1776 2903 infirmo
1819 2848 2052 2916 (quandiu
2101 2855 2341 2913 aegrotat)
2378 2853 2495 2903 dare
2532 2850 2802 2919 salarium;

338 2940 432 2995 nisi
468 2941 516 2994 in
544 2949 760 2995 extrema
789 2941 870 2993 vel
895 2938 1036 3002 gravi
1062 2936 1351 2991 necessitate
1382 2938 1519 3000 (tunc
1544 2936 1670 2989 enini
1698 2937 1844 2988 debet
1876 2950 1936 2988 ex
1963 2935 2187 2998 caritate)
2212 2935 2310 2989 imo
2343 2945 2566 3004 sumptus
2604 2938 2651 2990 in
2696 2938 2802 2993 eius

336 3025 637 3080 curationem
674 3024 923 3091 impensos
962 3030 1122 3090 potest
1156 3029 1395 3089 repetere.
1419 3020 1582 3075 Molin.
1609 3020 1734 3088 disp.
1762 3021 1885 3073 505.
1911 3024 2086 3074 Escob.
2113 3028 2147 3073 t.
2177 3023 2224 3074 3.
2256 3037 2299 3074 c.
2327 3024 2376 3074 9.

425 3148 649 3214 Omnia
679 3148 879 3212 clara:
908 3146 1013 3211 sed
1043 3146 1254 3211 confer
1283 3145 1537 3210 dicenda
1585 3144 1648 3208 in
1682 3144 2082 3209 Tractatione
2115 3144 2188 3208 de
2222 3143 2677 3224 &onir-actibus,
2726 3148 2799 3213 (16

336 3251 691 3317 Locatione.

441 3388 632 3442 ΧΧΙΧ.
654 3389 801 3453 Resp.
831 3387 880 3437 2.
899 3384 1087 3438 Famuli
1116 3383 1360 3449 ceterique
1390 3382 1574 3436 subditi
1594 3390 1819 3436 tenentur
1838 3382 1943 3435 suis
1961 3381 2172 3435 dominis
2192 3390 2240 3436 et
2263 3384 2604 3448 superioribus
2636 3387 2797 3451 aliquo

332 3473 480 3525 modo
503 3473 690 3533 eadem,
719 3483 844 3535 quae
881 3468 966 3522 mii
1007 3467 1306 3535 parentibus,
1336 3467 1560 3520 nimirum
1595 3482 1825 3529 amorem,
1851 3465 2176 3519 reverentiam
2215 3473 2264 3518 et
2300 3466 2626 3521 obedientiam
2661 3484 2798 3534 prae-

332 3563 480 3610 stare.
507 3556 650 3609 Ratio
687 3562 821 3622 patet
858 3569 917 3607 ex
958 3553 1117 3616 dictis»,
1146 3551 1256 3619 quia
1297 3559 1409 3605 sunt
1449 3551 1545 3604 iltis
1583 3551 1724 3616 quasi
1763 3553 1873 3605 loco
1915 3556 2185 3616 parentum.
2215 3553 2264 3603 S.
2293 3553 2387 3604 Tb.
2415 3554 2464 3603 2.
2505 3554 2554 3604 2.
2581 3568 2627 3618 q.
2671 3555 2791 3605 103.

333 3639 506 3704 Regin.
532 3642 563 3692 1.
591 3642 675 3692 20.
704 3654 753 3692 n.
782 3642 867 3692 26.

423 3752 598 3826 837.
633 3756 668 3794 *
694 3754 994 3820 Doctrina
1039 3752 1114 3819 Α.
1149 3753 1317 3818 clara
1355 3754 1477 3817 est:
1504 3752 1677 3816 locus
1724 3771 1774 3816 S.
1815 3751 2090 3816 Thomae
2123 3752 2201 3815 ab
2232 3771 2303 3817 eo
2350 3753 2582 3818 citatus
2613 3754 2794 3821 debet

333 3877 462 3924 esse
501 3878 573 3922 ex
598 3877 653 3922 a.
690 3859 751 3920 4.
780 3877 840 3938 q.
878 3858 1024 3921 103.
1068 3857 1130 3920 in
1170 3858 1229 3919 2.
1268 3858 1327 3920 2.
1363 3855 1460 3919 Ibi
1491 3855 1654 3919 enim
1680 3854 1772 3918 ait
1795 3873 1843 3918 s.
1878 3853 2150 3917 Thomas
2196 3855 2455 3937 loquens
2479 3856 2553 3921 de
2576 3857 2790 3924 dulia:

337 3985 375 4021 ι
410 3961 553 4026 Alio
599 3960 785 4025 modo
817 3961 1026 4043 potest
1062 3958 1291 4043 (dulia)
1330 3959 1493 4023 sumi
1540 3957 1773 4036 stricte,
1813 3959 2002 4041 prout
2048 3957 2384 4023 secundum
2433 3979 2589 4038 eam,
2629 3981 2794 4026 reve-

329 4064 594 4128 rentiam
633 4062 880 4128 exhibet
910 4080 1123 4126 servus
1155 4062 1424 4126 domino,
1459 4060 1623 4124 Nam
1647 4060 1818 4124 dulia
1865 4058 2132 4124 servitus
2164 4059 2409 4139 dicitur,
2443 4064 2519 4126 ut
2555 4063 2793 4127 dictum

328 4170 443 4232 est.
478 4166 560 4229 Et
606 4163 944 4230 secundum
989 4165 1124 4238 hoc,
1175 4182 1296 4228 non
1334 4163 1633 4228 dividitur
1678 4162 1908 4246 (dulia)
1954 4162 2018 4225 in
2068 4162 2340 4228 diversas
2388 4164 2635 4246 species»,
2686 4165 2792 4229 sed

327 4270 424 4334 est
466 4288 591 4333 una
625 4267 967 4351 specierum
998 4265 1444 4341 observantiae,
1478 4285 1667 4347 quam
1699 4266 1944 4330 Tullius
1978 4264 2172 4347 ponit,
2214 4285 2284 4331 eo
2323 4265 2487 4347 quod
2534 4267 2658 4330 alia
2690 4288 2791 4333 ra-

327 4371 494 4436 tione
540 4389 757 4436 servus
788 4368 1105 4433 reveretur
1150 4367 1489 4443 dominum,
1522 4367 1701 4432 miles
1757 4368 1995 4444 ducem,
2028 4367 2368 4450 discipulus
2412 4370 2790 4454 magistrum

326 4475 390 4537 et
435 4474 523 4538 sic
559 4474 633 4538 de
666 4472 806 4536 aliis
838 4469 1193 4535 huiusmodi
1227 4493 1286 4531 ».
1322 4468 1446 4532 Ubi
1490 4469 1647 4532 nihil
1692 4470 1864 4534 aliud
1894 4469 2104 4543 habes,
2137 4490 2326 4553 quam
2364 4471 2528 4553 quod
2565 4474 2788 4540 relatio

327 4576 484 4641 servi
534 4575 613 4639 ad
646 4574 969 4639 dominum
1001 4573 1096 4636 est
1132 4568 1436 4652 quaedam
1482 4569 1654 4634 dulia
1690 4571 1752 4634 h.
1796 4591 1847 4636 e.
1881 4572 2178 4637 servitus:
2213 4574 2288 4637 ut
2318 4573 2541 4639 idcirco
2574 4595 2789 4643 servus
