3497 5147
344 362 495 438 [112]
1360 378 1511 426 Qun>
1552 379 1646 420 εῖτ
1683 379 1826 421 spus
2745 371 2817 425 33

354 475 465 558 qui
512 473 963 539 beatitudinem
995 476 1251 542 obtinet.
1286 476 1374 541 Ex
1424 478 1538 541 hoc
1584 477 1747 541 enim
1794 478 1930 561 ipso
1963 480 2196 562 accepit
2225 500 2347 544 non
2386 482 2589 547 solum
2627 482 2817 547 facul-

355 580 554 643 tatem
585 577 689 642 sed
729 577 923 642 etiam
954 579 1384 643 necessitatem
1417 579 1728 661 quandam
1761 600 2078 662 nunquam
2117 582 2405 664 peccandi
2435 585 2539 648 sed
2577 603 2817 669 semper

351 680 767 765 permanendi.
810 680 892 744 Et
922 681 1057 746 ideo
1090 682 1373 747 totaliter
1404 681 1651 747 tollitur
1680 682 1843 747 ratio
1876 683 2005 765 spei
2038 708 2098 747 ».

447 781 677 847 Munus
728 784 941 847 autem
988 784 1250 867 speciale
1294 784 1423 867 spei
1470 787 1748 864 respectu
1783 784 1976 848 ardui
2011 786 2098 850 sic
2134 787 2379 852 exhibet
2425 808 2472 853 s.
2521 790 2815 868 Thomas,

355 889 417 950 3.
454 886 597 951 dist.
634 885 739 950 26.
774 907 832 969 q.
881 887 936 949 1.
974 889 1091 951 art.
1129 889 1186 951 1.
1224 887 1300 951 ad
1331 888 1422 951 1.:
1466 912 1501 946 ‹
1533 888 1928 970 Appetitivae
1960 889 2156 971 partis
2189 888 2412 972 duplex
2444 892 2539 955 est
2583 894 2814 970 motuS,

356 991 591 1056 scilicet
623 990 971 1073 prosecutio
1005 992 1068 1054 et
1097 989 1269 1075 fuga.
1304 990 1628 1055 Obiectum
1661 992 1872 1055 autem
1909 991 2057 1075 spei,
2100 991 2262 1073 quod
2301 994 2398 1056 est
2427 994 2658 1059 bonum
2705 995 2818 1060 dif-

354 1093 513 1157 ficile
546 1096 610 1157 et
642 1093 926 1169 arduum,
967 1094 1208 1158 ratione
1239 1112 1387 1158 suae
1419 1093 1719 1159 bonitatis
1758 1096 1978 1159 natum
2017 1095 2113 1159 est
2147 1114 2395 1160 movere
2426 1095 2503 1160 ad
2536 1116 2817 1181 prosecu-

357 1196 610 1271 tionem,
652 1195 756 1260 sed
795 1195 1034 1259 ratione
1073 1214 1221 1260 suae
1253 1194 1643 1260 difficultatis
1675 1198 1896 1260 natum
1928 1198 2024 1261 est
2052 1215 2300 1262 movere
2325 1198 2401 1262 ad
2425 1199 2660 1283 fugam.
2696 1201 2816 1267 Hic

357 1304 567 1365 tamen
629 1299 840 1363 motus
901 1297 1257 1362 retardatur
1316 1318 1423 1381 per
1483 1318 1655 1381 spem
1703 1301 1767 1363 et
1815 1298 1949 1364 ideo
1998 1319 2138 1383 spes
2196 1299 2500 1383 importat
2546 1303 2816 1385 primum

359 1406 690 1477 motum...,
718 1403 927 1466 tamen
960 1421 1101 1465 cum
1134 1401 1341 1483 quiete
1372 1402 1653 1485 privante
1677 1403 2014 1469 secundum
2037 1405 2303 1479 motum,
2329 1406 2436 1487 qui
2461 1408 2557 1470 est
2578 1407 2729 1491 fuga
2754 1434 2815 1471 ».

364 1506 691 1588 Proprium
722 1503 920 1587 igitur
952 1503 1081 1586 spei
1113 1505 1207 1567 est
1239 1505 1578 1587 prohibere,
1614 1525 1687 1570 ne
1721 1505 2057 1571 difficultas
2088 1507 2235 1572 boni
2273 1510 2482 1573 arceat
2513 1509 2591 1572 ab
2622 1509 2816 1592 ipsius

361 1606 806 1690 prosecutione.

446 1708 636 1773 Addit
673 1727 723 1772 s.
763 1707 1058 1785 ThomaS‚
1100 1727 1170 1772 ex
1203 1709 1572 1773 difficultate
1610 1710 1753 1773 addi
1791 1712 2100 1792 quandam
2139 1713 2299 1778 bono
2339 1714 2813 1797 pretiositatem.

362 1815 466 1879 Ita
493 1815 538 1877 l.
572 1834 622 1878 0.
659 1815 773 1877 art.
802 1813 863 1876 2.
899 1812 977 1876 ad
1020 1813 1108 1875 1.:
1151 1837 1186 1871 ‹
1218 1811 1484 1876 Difficile
1515 1813 1615 1876 vel
1647 1811 1912 1876 arduum
1944 1811 2117 1876 addit
2147 1815 2458 1896 quandam
2490 1816 2817 1898 specialem

365 1916 670 1981 rationem
700 1914 1016 1991 bonitatiS,
1068 1914 1303 1979 scilicet
1338 1914 1793 1997 pretiositatem
1840 1914 2169 1997 quandam,
2210 1934 2282 1980 ex
2320 1917 2435 1982 hoc
2470 1917 2605 2001 ipso
2652 1919 2816 2001 quod

363 2038 484 2083 non
519 2018 593 2082 de
624 2017 787 2081 facili
818 2018 1103 2096 habetur,
1139 2017 1303 2081 sicut
1334 2015 1561 2081 dicitur
1593 2036 1772 2081 omne
1794 2036 2027 2096 rarum,
2061 2036 2275 2082 carum
2307 2044 2368 2082 ».

450 2118 583 2193 112.
622 2121 712 2185 Ex
747 2121 931 2186 dictis
957 2122 1166 2204 patere
1199 2120 1396 2199 debet,
1424 2121 1676 2202 quinam
1702 2120 1787 2185 sit
1816 2120 2133 2185 character
2163 2122 2449 2204 proprius
2483 2124 2659 2189 actus
2689 2124 2820 2207 spei

350 2228 419 2290 et
465 2222 777 2307 quomodo
812 2241 949 2306 spes
1000 2242 1036 2286 a
1068 2222 1367 2287 desiderio
1401 2221 1661 2287 differat.
1696 2221 1921 2286 Differt
1950 2241 2184 2305 nempe,
2218 2242 2340 2288 non
2379 2225 2560 2306 quasi
2597 2225 2676 2289 ab
2706 2226 2822 2290 ele-

355 2330 566 2393 mento
592 2326 795 2392 alieno
827 2345 937 2389 nec
969 2325 1149 2408 quasi
1182 2325 1469 2390 excludat
1492 2325 1726 2408 ipsum;
1761 2325 1888 2389 imo
1921 2343 2065 2390 vero
2097 2344 2234 2408 spes
2273 2327 2568 2409 supponit
2590 2327 2820 2393 deside-

356 2433 517 2496 rium
552 2433 616 2495 et
647 2431 740 2495 ita
773 2429 1087 2513 supponit,
1116 2430 1189 2492 ut
1220 2427 1525 2503 includat3
1561 2427 1664 2491 sed
1690 2427 2009 2510 quidpiam
2034 2427 2225 2505 addit,
2259 2428 2424 2510 quod
2448 2429 2818 2496 desiderium

358 2554 463 2619 per
494 2552 558 2600 se
592 2552 716 2599 non
762 2532 1084 2616 importat,
1118 2529 1486 2596 removendo
1533 2528 1770 2615 fugam,
1805 2549 1995 2613 quam
2026 2530 2170 2596 boni
2209 2530 2546 2597 difficultas
2585 2551 2692 2598 seu
2726 2551 2820 2598 ar-

364 2637 570 2702 duitas
603 2636 861 2701 suadere
894 2635 1043 2699 nata
1074 2635 1188 2698 est.

449 2737 718 2818 Quinam
743 2738 920 2801 actus
957 2737 1021 2801 in
1054 2756 1159 2819 spe
1190 2755 1301 2801 ceu
1334 2735 1635 2800 elementa
1666 2736 2119 2815 contineantur,
2146 2737 2234 2801 sic
2265 2737 2460 2801 tradit
2495 2738 2817 2824 Laymann

354 2842 463 2906 lib.
500 2842 561 2904 2.
601 2842 680 2904 tr.
718 2840 779 2903 2.
814 2859 946 2922 cap.
991 2840 1047 2903 1.
1083 2859 1141 2902 n.
1195 2837 1292 2901 6.:
1326 2861 1362 2897 ‹
1388 2836 1697 2920 Superest,
1731 2839 1808 2902 ut
1838 2838 2206 2921 explicemus
2239 2839 2653 2904 definitionem
2686 2841 2817 2924 spei

356 2945 536 3008 iuxta
587 2943 962 3007 strictiorem
1009 2942 1140 3006 eius
1188 2940 1605 3024 acceptionem
1653 2939 1952 3005 traditam
2000 2960 2035 3005 a
2082 2942 2467 3006 scholasticis
2500 2963 2641 3007 cum
2677 2944 2818 3008 Ma-

355 3048 555 3132 gistro
606 3046 666 3110 3.
718 3045 861 3109 dist.
915 3045 1057 3108 26.:
1108 3042 1516 3123 Exspectatio
1562 3046 1733 3107 certa
1766 3042 2172 3107 beatitudinis
2207 3065 2285 3107 ex
2329 3044 2459 3108 Dei
2501 3047 2714 3127 qratia
2758 3050 2821 3110 et

355 3149 601 3212 nostris
646 3147 907 3210 meritis.
957 3143 1115 3210 Cum
1163 3144 1392 3209 dicitur
1445 3145 1841 3228 exspectatio,
1889 3145 2040 3210 nota
2087 3145 2200 3210 hos
2247 3146 2593 3212 voluntatis
2641 3147 2816 3212 actus

358 3250 799 3316 subordinatos
847 3269 997 3326 esse,
1032 3249 1139 3329 qui
1170 3249 1318 3312 sunt
1346 3267 1543 3321 amor,
1592 3246 1986 3326 desiderium,
2035 3249 2300 3313 intentio
2331 3253 2392 3312 et
2425 3251 2815 3330 exspectatio.

356 3353 523 3418 Nam
555 3372 733 3415 amor
755 3352 948 3417 latius
980 3352 1173 3435 patet,
1207 3369 1397 3431 quam
1429 3349 1833 3414 desiderium:
1868 3369 2151 3415 amamus
2177 3353 2338 3416 enim
2363 3372 2504 3416 cum
2537 3353 2817 3417 absentia

356 3456 495 3519 tum
531 3454 900 3538 praesentia,
936 3453 1352 3519 desideramus
1377 3452 1627 3516 tantum
1653 3452 1951 3516 absentia.
1985 3450 2390 3516 Desiderium
2419 3455 2609 3519 latius
2644 3456 2819 3538 patet

356 3557 700 3621 intentione
734 3558 798 3620 et
829 3556 1282 3639 expectatione3
1310 3555 1457 3637 quia
1489 3553 1860 3619 desiderium
1882 3555 2028 3618 boni
2061 3555 2330 3619 absentis
2357 3555 2524 3618 aliud
2556 3558 2652 3620 est
2676 3557 2820 3621 sim-

361 3660 516 3743 plex,
569 3678 691 3741 quo
741 3658 1159 3723 desideramus
1197 3658 1386 3722 etiam
1425 3677 1516 3732 ea,
1552 3676 1710 3739 quae
1741 3654 1920 3721 valde
1952 3657 2228 3722 difficilia
2262 3658 2375 3720 aut
2408 3656 2818 3740 impossibilia

364 3763 671 3844 acquisitu
704 3760 1050 3826 iudicamus
1088 3759 1345 3842 ideoque
1377 3760 1773 3843 desperamus
1803 3777 1912 3823 nec
1943 3759 2231 3841 consequi
2262 3758 2658 3838 intendimuS,
2693 3780 2815 3844 quo

362 3866 543 3932 modo
569 3884 712 3930 reus
738 3863 1039 3947 supplicio
1067 3862 1423 3927 afficiendus
1447 3862 1645 3926 vitam
1668 3861 2011 3946 longiorem
2036 3860 2360 3938 desiderat,
2395 3881 2584 3945 quam
2609 3866 2817 3929 tamen

358 3968 644 4052 desperat
675 3969 740 4031 et
769 3966 1081 4030 interdum
1114 3965 1386 4030 obtinere
1416 3984 1538 4029 non
1570 3964 1855 4029 intendit.
1896 3963 2084 4029 Aliud
2116 3984 2259 4030 vero
2307 3966 2402 4030 est
2447 3963 2817 4030 desiderium

358 4072 576 4135 efficax
621 4069 767 4135 boni
816 4068 1085 4132 absentis
1123 4086 1230 4131 seu
1278 4067 1550 4133 nondum
1589 4067 1874 4151 possessi,
1908 4067 2071 4149 quod
2109 4067 2415 4150 quatenus
2462 4087 2569 4150 per
2613 4067 2816 4132 media

360 4174 669 4257 acquisita
708 4170 999 4256 possibile
1036 4171 1366 4247 iudicatur,
1402 4170 1627 4235 dicitur
1658 4170 1956 4246 intentio;
2007 4173 2314 4252 quatenus
2351 4189 2496 4236 vero
2531 4170 2814 4249 arduum,

360 4279 568 4341 tamen
618 4274 820 4358 reipsa
869 4271 1308 4355 acquirendum
1354 4272 1667 4337 iudicatur
1712 4274 1963 4356 propter
1991 4272 2338 4337 mediorum
2385 4273 2817 4338 efficacitatem

361 4381 486 4444 sive
536 4378 788 4461 propter
834 4376 1149 4460 propriam
1193 4375 1560 4440 facultatem
1606 4375 1734 4438 sive
1790 4374 1867 4439 ob
1919 4374 2176 4439 alterius
2223 4375 2543 4444 auxilium,
2592 4376 2818 4439 dicitur

358 4481 726 4565 expectatio.
760 4480 850 4544 Ex
887 4498 1011 4562 quo
1045 4480 1319 4562 apparet,
1359 4476 1523 4560 quod
1563 4479 1739 4542 actus
1778 4477 2218 4560 expectationis
2252 4497 2360 4540 seu
2397 4477 2527 4559 spei
2562 4475 2817 4539 modum

362 4582 667 4665 quendam
715 4581 1034 4646 firmitatis
1089 4579 1462 4663 superaddat
1510 4578 1678 4642 actui
1732 4578 2093 4642 intentionis
2141 4580 2389 4660 propter
2434 4577 2816 4658 perspectam

366 4683 681 4750 obtinendi
717 4683 1083 4748 facultatem
1114 4708 1175 4746 ›.
