3497 5147
328 331 463 408 [538]
849 364 861 376 ·
1224 346 1376 394 Qum
1413 347 1507 388 srr
1544 346 1956 389 mmmmm
2670 337 2778 391 411

409 442 500 506 Ad
553 443 793 525 praxim
829 443 993 524 quod
1047 445 1306 526 spectat,
1353 445 1631 519 interest,
1680 445 1756 507 ut
1801 443 2229 520 confessarius,
2279 444 2388 509 ubi
2434 463 2590 526 opus
2636 464 2770 510 esse

330 545 506 622 videt,
536 545 896 630 interroget,
943 564 1067 611 non
1112 546 1297 611 modo
1335 564 1492 628 quae
1538 546 1726 610 verba
1773 546 1913 628 quis
1958 547 2373 630 usurpaverit,
2414 547 2519 611 sed
2563 549 2772 631 magis

330 668 443 730 qua
490 648 850 712 intentzbne.
890 648 1053 713 Nam
1099 649 1363 714 intentio
1409 649 1598 726 valet,
1632 649 1708 713 ut
1752 648 2174 733 dignoscatur,
2209 668 2288 713 an
2327 649 2388 712 vi
2433 650 2771 715 iuramenti

328 749 456 831 quis
501 749 787 814 teneatur
831 750 910 814 ad
957 750 1330 834 implendam
1377 750 1848 834 promissionem
1885 751 1950 814 et
2008 769 2086 814 an
2132 751 2415 833 periurus
2464 752 2565 815 sit.
2615 751 2775 816 Dein

329 851 593 927 scitetur,
630 870 707 915 an
741 852 917 930 sciat,
944 852 1091 935 quid
1125 853 1208 917 sit
1239 870 1379 917 vere
1414 853 1858 917 iuramentum.

409 947 580 1022 536.
621 951 879 1032 Quando
896 953 1272 1037 disputatur,
1308 973 1613 1036 quaenam
1642 954 1948 1020 formulae
1979 954 2185 1038 quoad
2217 954 2422 1020 forum
2453 959 2774 1022 externum

329 1053 585 1118 habeant
630 1055 937 1120 rationem
981 1056 1335 1132 iuramenti,
1386 1057 1444 1120 id
1504 1057 1826 1139 quaeritur
1871 1058 2140 1123 maxime
2187 1058 2252 1121 in
2300 1057 2509 1122 ordine
2557 1059 2636 1122 ad
2681 1057 2773 1122 iu-

328 1156 473 1222 dicia
524 1159 638 1223 aut
680 1160 865 1242 pacta
909 1160 1202 1225 humana.
1251 1161 1514 1226 Proinde
1559 1161 1861 1226 formulas
1892 1162 2075 1226 hasce
2104 1180 2350 1227 noscere
2390 1161 2662 1244 oportet3
2696 1162 2775 1225 ut

329 1261 376 1325 si
417 1260 661 1342 quando
712 1261 1013 1345 obligatio
1051 1281 1163 1327 nos
1198 1264 1423 1347 urgeat
1451 1262 1717 1341 iurandi,
1752 1283 1855 1328 eas
1900 1263 2134 1329 formas
2171 1282 2561 1347 usurpemuS‚
2613 1282 2774 1344 quae

328 1362 687 1447 obligationi
717 1363 1124 1428 satisfaciant.
1159 1364 1295 1429 Hoc
1341 1364 1458 1428 sibi
1490 1365 1646 1430 velle
1687 1366 1974 1430 videntur
2010 1365 2304 1430 Auctoris
2338 1365 2545 1429 verba.

408 1462 696 1530 Ceterum
741 1467 891 1532 bene
937 1469 1191 1532 monent
1237 1467 1372 1531 DD.
1420 1467 1572 1549 (vid.
1621 1467 1798 1532 Suar.
1838 1469 1881 1531 l.
1937 1488 1988 1532 c.
2030 1487 2161 1549 cap.
2200 1467 2303 1530 11.
2337 1488 2397 1531 n.
2441 1468 2531 1548 5.)
2579 1467 2771 1530 etiam

326 1566 683 1633 iuramentis
731 1569 808 1634 ad
855 1569 1303 1646 testimonium,
1353 1570 1798 1654 obligationem
1828 1570 2311 1654 (promissionis)
2356 1572 2419 1633 et
2449 1569 2606 1634 alios
2638 1587 2778 1633 con-

327 1669 558 1734 tractus
603 1671 909 1736 humanos
957 1671 1250 1736 adhibitis
1289 1690 1410 1735 non
1443 1689 1574 1735 esse
1620 1691 1727 1754 per
1771 1690 1836 1735 se
1881 1671 2224 1736 necessaria
2269 1670 2476 1745 verba,
2510 1670 2616 1733 sed
2653 1669 2778 1732 suf-

326 1770 491 1835 ficere
541 1773 1021 1856 aequipollentia
1052 1775 1251 1857 signa.
1300 1773 1507 1837 Verba
1539 1774 1751 1837 autem
1782 1774 2125 1837 necessaria
2163 1774 2328 1850 sunt,
2363 1771 2608 1854 quando
2635 1790 2776 1836 con-

333 1873 466 1948 stet,
499 1873 701 1958 legem
746 1874 1084 1940 humanam
1117 1876 1194 1940 ad
1247 1876 1361 1940 hos
1398 1876 1618 1939 illosve
1663 1875 1915 1940 effectus
1962 1875 2155 1940 talem
2207 1873 2450 1939 iurandi
2499 1872 2765 1938 formam

329 1976 655 2056 postulare.
686 1976 785 2042 An
818 1997 961 2043 vero
1007 1978 1176 2062 leges
1219 1979 1530 2043 humanae
1577 1979 1770 2043 talem
1799 1978 2135 2042 formulam
2165 1976 2669 2060 praescripserint
2712 1975 2777 2039 in

326 2077 526 2161 aliquo
559 2099 729 2158 casu,
780 2101 816 2145 a
846 2082 1221 2165 iurisperitis
1248 2082 1581 2165 petendum
1604 2081 1717 2147 est.
1753 2080 1979 2147 Suarez
2008 2083 2053 2146 l.
2087 2101 2138 2146 c.
2172 2102 2233 2146 n.
2268 2081 2328 2145 6.

427 2229 502 2280 ΙΙΙ.
522 2230 572 2282 2.
600 2229 809 2296 Quando
835 2229 1033 2282 dubium
1061 2238 1136 2283 est
1160 2231 1221 2284 de
1246 2229 1448 2283 iurantis
1471 2229 1755 2293 intentione,
1786 2229 1988 2283 iudicari
2013 2232 2140 2283 solet
2164 2232 2430 2282 secundum
2462 2243 2766 2281 communem

320 2311 644 2378 acceptionem
671 2315 952 2376 verborum,
975 2313 1153 2379 quibus
1176 2321 1252 2368 est
1278 2329 1415 2367 usuS.

403 2417 571 2491 53¹1.
610 2421 785 2486 Haec
813 2423 935 2487 dici
966 2423 1043 2487 ab
1066 2424 1141 2486 A.
1176 2424 1464 2488 videntur
1493 2423 1567 2488 de
1601 2422 1739 2488 foro
1772 2425 2040 2488 externo.
2079 2422 2245 2487 Nam
2290 2422 2471 2487 iudex
2505 2422 2777 2486 attendit

322 2523 395 2588 ad
423 2524 757 2590 verborum
787 2524 1071 2590 formam.

402 2625 578 2707 Quod
613 2628 671 2692 si
701 2646 902 2693 sermo
935 2629 1018 2693 sit
1049 2629 1122 2693 de
1147 2628 1279 2693 foro
1313 2629 1740 2704 conscientiae,
1769 2627 2112 2692 communis
2145 2626 2418 2710 acceptio
2445 2628 2773 2692 verborum

316 2728 389 2793 ad
410 2730 525 2794 hoc
572 2729 867 2807 deservit,
892 2732 985 2809 ut,
1019 2732 1073 2795 si
1106 2750 1177 2795 ea
1209 2731 1442 2795 claram
1487 2731 1846 2796 contineant
1882 2730 2218 2794 iuramenti
2265 2730 2531 2793 formam
2577 2749 2775 2814 eaque

311 2829 412 2896 ille
447 2832 846 2910 intellexerit,
880 2852 990 2916 pro
1022 2833 1372 2898 iuramento
1405 2833 1874 2916 praesumatur;
1925 2832 2073 2915 quia
2119 2835 2282 2897 recte
2327 2832 2771 2915 praesumitur,

317 2936 593 3000 animum
646 2936 970 3001 accessisse
1016 2937 1222 3001 sensui
1267 2937 1614 3001 verborum.
1650 2933 1715 2999 Si
1762 2955 1903 3000 vero
1952 2935 2136 3000 verba
2183 2956 2306 3000 non
2344 2939 2568 3001 sonant
2614 2957 2777 3001 com-

312 3038 584 3103 muniter
631 3038 1072 3114 iuramentum,
1134 3058 1256 3104 non
1325 3039 1745 3123 praesumitur
1790 3038 1895 3102 sed
1949 3038 2199 3120 probari
2250 3037 2515 3110 deberet,
2574 3039 2776 3122 reipsa

314 3141 592 3205 animum
644 3139 889 3205 iurandi
937 3140 1203 3204 affuisse.
1237 3139 1303 3205 Si
1348 3141 1607 3222 denique
1645 3141 1772 3205 sint
1801 3141 1988 3204 verba
2035 3140 2329 3225 ambigua
2367 3141 2430 3204 et
2476 3139 2549 3204 de
2585 3140 2781 3205 inten-

310 3242 476 3309 tione
508 3263 642 3308 non
673 3243 934 3320 constet,
967 3243 1117 3306 tunc
1146 3262 1256 3307 nec
1286 3243 1358 3307 de
1393 3243 1744 3307 iuramento
1778 3244 2026 3307 constat
2063 3244 2249 3325 atque
2283 3243 2433 3307 adeo
2474 3242 2778 3327 obligatio

311 3346 481 3411 nulla
520 3346 723 3410 adest.

413 3486 499 3538 1V.
529 3486 584 3538 3.
610 3486 794 3537 Veram
831 3483 1067 3537 rationem
1104 3481 1365 3535 iuramenti
1403 3485 1581 3535 habent
1618 3486 1711 3535 hae
1750 3484 2018 3536 formulae:
2057 3485 2227 3536 testor
2267 3483 2442 3535 Deum
2466 3484 2544 3535 vel
2572 3483 2766 3537 invoco

314 3568 489 3622 Deum
527 3571 738 3623 testem.
766 3571 884 3621 item
922 3567 1033 3635 auf
1060 3567 1293 3622 meinem
1320 3565 1434 3629 Eid,
1475 3565 1558 3620 bei
1593 3565 1826 3620 mei-nem
1851 3566 1971 3631 Eid,
2000 3566 2093 3620 nisi
2131 3566 2262 3620 aliud
2301 3568 2362 3620 de
2393 3566 2669 3633 usurpantis
2706 3565 2776 3620 in·

312 3652 527 3706 tentione
547 3658 745 3706 constet
753 3666 770 3719 ;
791 3651 902 3717 quia
930 3652 1068 3706 multi
1093 3652 1159 3705 ita
1179 3654 1461 3718 loquuntur,
1480 3666 1525 3704 v.
1546 3666 1592 3715 g.
1613 3650 1698 3705 ich
1716 3650 1960 3706 schwo‘re
1985 3649 2077 3705 dir
2102 3651 2192 3704 ein
2212 3649 2320 3706 Eid
2340 3653 2415 3705 vel
2439 3649 2521 3705 bei
2536 3651 2772 3706 meinem

312 3735 415 3791 Eia
437 3737 541 3793 hoc
566 3735 659 3791 vel
680 3735 824 3790 illud
846 3734 1082 3805 faciam;
1103 3751 1310 3803 quorum
1338 3744 1496 3790 tamen
1527 3750 1663 3788 mens
1689 3750 1785 3789 non
1811 3743 1886 3789 est
1910 3735 2040 3789 serio
2065 3735 2116 3789 id
2141 3735 2314 3800 iurare,
2341 3739 2429 3790 sed
2458 3743 2643 3790 tantum
2671 3737 2769 3791 ira·

310 3826 466 3879 eunde
506 3831 557 3879 et
594 3823 802 3888 gravius
837 3827 1095 3877 affirmare.
1121 3826 1289 3888 Laym.
1318 3826 1348 3878 l.
1376 3840 1419 3877 c.
1446 3839 1490 3878 c.
1520 3826 1569 3876 2.

396 3928 583 4004 538.
618 3932 714 3996 De
750 3933 966 4016 primis
1011 3934 1256 3998 nullum
1303 3933 1594 4009 dubium;
1621 3933 1772 4014 quia
1803 3936 1898 3998 est
1927 3932 2240 3999 invocatio
2274 3934 2389 4000 Dei
2414 3935 2479 4000 in
2518 3937 2770 4003 testem:

311 4052 468 4115 quae
516 4037 620 4100 est
668 4034 1004 4100 iuramenti
1048 4034 1345 4101 definitio.

411 4138 507 4202 De
564 4136 857 4201 formulis
901 4136 1028 4201 illis
1090 4139 1476 4221 germanicis,
1534 4138 1810 4203 iudicent
1865 4140 2046 4222 periti
2107 4161 2179 4204 ex
2234 4140 2548 4205 communi
2603 4158 2776 4202 acce-

312 4240 544 4321 ptione.

396 4339 791 4419 Generatim,
840 4342 893 4406 si
939 4341 1079 4426 quis
1124 4342 1308 4407 dicit:
1356 4344 1497 4407 iuro
1542 4364 1639 4408 me
1692 4344 2025 4423 facturum,
2077 4344 2276 4420 aiunt,
2324 4343 2490 4424 quod
2535 4343 2600 4406 in
2662 4342 2783 4407 for-

312 4447 485 4512 mula
531 4464 669 4510 non
714 4446 1064 4511 continetur
1106 4446 1419 4512 invocatio
1466 4467 1576 4512 nec
1621 4449 1717 4513 est
1759 4448 2199 4523 iuramentum,
2233 4447 2353 4511 nisi
2399 4447 2538 4529 quis
2586 4445 2649 4509 id
2693 4446 2787 4509 in-

316 4549 553 4614 tendat.
588 4547 883 4612 Escobar.
908 4548 1091 4613 tract.
1134 4549 1238 4611 29.
1274 4568 1333 4611 n.
1372 4550 1429 4612 7.
1470 4549 1554 4612 Et
1582 4549 1890 4614 consentit
1920 4568 1968 4613 s.
2003 4548 2188 4631 Alph.
2223 4547 2338 4612 Sed
2371 4567 2502 4612 esse
2532 4546 2781 4611 videtur
