3497 5147
398 385 545 460 [865]
1436 402 1520 441 nm
1560 402 1831 444 3111011110
2758 394 2862 449 641

396 495 703 573 1131113110,
737 496 790 560 31
830 514 1018 560 031133
1066 496 1164 561 vel
1210 497 1551 561 necessaria
1589 500 1688 562 vel
1721 500 1896 563 utilis
1934 499 1996 564 id
2029 500 2257 585 exigat,
2293 501 2438 566 licet
2476 502 2686 580 sciam,
2724 524 2867 569 usu-

393 597 631 662 rarium
677 596 895 662 illicite
943 616 1165 662 usuras
1213 600 1577 663 exacturum
1624 619 1776 665 esse.

481 698 686 765 Causa
720 703 932 766 autem
963 701 1132 766 iusta
1165 719 1296 765 esse
1329 703 1556 784 potest,
1592 704 1666 767 111
1698 723 1758 767 V.
1786 723 1880 787 gr.
1907 703 2129 769 liberes
2164 705 2320 769 alios
2353 704 2724 771 innocentes,
2763 710 2861 772 Ita

392 822 440 867 s.
475 802 833 868 Theodotus
873 803 1128 886 (caupo)
1160 805 1420 887 martyr,
1456 804 1565 886 qui
1603 806 1871 889 tyranno
1921 825 1986 870 se
2031 806 2321 889 prodidit,
2358 809 2430 871 ut
2467 827 2530 872 se
2566 807 2740 872 reum
2773 810 2861 873 fa-

391 906 627 969 teretur
671 906 1026 988 ereptorum
1073 925 1400 988 corporum
1447 924 1528 970 ss.
1564 906 1939 991 Martyrum,
1973 909 2225 991 propter
2270 908 2434 990 quod
2467 909 2708 974 furtum
2748 911 2856 975 alii

389 1007 649 1072 coniecti
679 1008 743 1071 in
775 1026 1081 1072 carcerem
1127 1007 1377 1072 fuerant
1409 1009 1473 1071 et
1503 1008 1638 1072 vita
1671 1010 2203 1092 periclitabantur.
2240 1008 2444 1074 Causa
2481 1011 2698 1076 itidem
2723 1032 2855 1077 esse

388 1111 615 1193 potest,
650 1111 724 1174 ut
771 1110 1048 1174 animum
1097 1110 1287 1174 addas
1336 1130 1392 1174 v.
1427 1131 1521 1195 gr.
1563 1111 2020 1195 trepidantibus
2067 1113 2131 1176 in
2177 1112 2320 1176 fidei
2366 1115 2678 1179 constanti
2714 1135 2854 1180 con-

385 1210 669 1286 fessione,
703 1214 777 1275 ut
809 1212 1199 1296 evangelium
1244 1212 1578 1296 praedices,
1614 1215 1689 1277 ut
1734 1213 2096 1278 scandalum
2128 1214 2413 1279 cohibeas
2446 1216 2509 1279 et
2541 1216 2664 1279 alia
2697 1218 2853 1281 eius-

384 1313 573 1378 modi.
614 1313 979 1397 Exemplum
1026 1316 1121 1379 est
1167 1314 1473 1391 monachi,
1513 1317 1622 1397 qui
1658 1316 1930 1399 prosiliit
1975 1317 2039 1380 in
2087 1335 2337 1380 arenam
2384 1317 2848 1399 amphitheatri,

387 1418 458 1480 111
494 1416 675 1481 111ᾶο3
706 1416 1115 1501 gladiatorios
1142 1418 1241 1482 vel
1264 1436 1505 1502 pugnas
1539 1438 1679 1482 cum
1712 1418 1928 1483 bestiis
1962 1419 2306 1501 impediret.
2335 1418 2512 1483 Unde
2535 1419 2851 1485 Honorius

384 1517 687 1583 eiusmodi
733 1519 914 1584 ludos
963 1519 1243 1585 sustulit.

470 1619 727 1699 Quando
768 1640 912 1685 vero
951 1622 1123 1685 nulla
1172 1622 1557 1687 necessitatis
1598 1624 1709 1687 aut
1740 1641 2008 1707 magnae
2054 1622 2355 1686 utilitatis
2386 1622 2550 1687 ratio
2586 1624 2845 1700 adesset,

380 1724 542 1787 certe
587 1724 802 1788 teneor
848 1722 1143 1807 impedire
1191 1725 1448 1789 alterius
1496 1725 1840 1807 peceatum.

469 1825 604 1891 Imo
651 1826 857 1910 (Lugo
890 1826 1070 1910 ibid.)
1108 1826 1239 1890 fieri
1284 1828 1511 1909 potest,
1545 1829 1619 1891 ut
1666 1826 1857 1891 etiam
1905 1827 2110 1910 petere
2157 1830 2219 1890 et
2265 1827 2582 1891 consulere
2613 1829 2846 1910 possim

380 1929 642 2011 tyranno
678 1928 1044 1993 occisionem
1090 1929 1391 1993 iniustam
1437 1929 1579 2006 mei,
1615 1929 1720 1993 ubi
1769 1948 1893 1993 non
1941 1930 2100 1993 hanc
2146 1928 2395 2011 quidem
2443 1930 2842 2006 intenderem,

377 2029 481 2095 sed
526 2031 1039 2115 impedimentum
1086 2031 1339 2096 maioris
1385 2031 1571 2109 mali:
1622 2052 1768 2096 nam
1816 2032 2005 2096 simul
2054 2051 2125 2095 ac
2172 2033 2550 2096 alterutrum
2604 2033 2843 2097 malum

376 2133 540 2196 certe
587 2135 946 2198 secuturum
995 2137 1108 2211 est,
1149 2149 1417 2216 quorum
1465 2132 1635 2197 aliud
1683 2134 1908 2211 maius,
1946 2133 2116 2197 aliud
2154 2133 2380 2212 111111113,
2416 2152 2670 2217 1103311111
2704 2154 2844 2200 sua-

377 2233 517 2298 dere
563 2237 749 2317 atque
797 2237 1002 2318 petere
1050 2255 1121 2300 30
1150 2255 1391 2320 rogare,
1427 2237 1499 2300 ut
1529 2234 1736 2299 minus
1785 2235 2084 2319 eligatur:
2127 2255 2324 2317 neque
2371 2237 2535 2300 enim
2581 2237 2644 2300 in
2693 2258 2842 2301 03311

377 2336 703 2401 consilium
750 2339 813 2402 et
860 2338 1204 2422 postulatio
1237 2337 1387 2402 sunt
1418 2336 1714 2420 quiddam
1763 2337 2142 2415 absolutum,
2178 2337 2278 2401 sed
2321 2337 2837 2416 conditionatum,

375 2438 628 2516 scilicet,
663 2442 737 2503 ut
783 2439 838 2503 si
884 2460 916 2504 e
962 2440 1204 2505 duobus
1250 2439 1516 2523 peccatis
1566 2440 1942 2504 alterutrum
1990 2438 2339 2504 faciendum
2387 2442 2502 2518 est,
2536 2442 2840 2525 tyrannus

371 2541 487 2607 hoc
531 2542 742 2626 potius
788 2542 997 2609 minus
1044 2545 1354 2628 perpetret
1399 2562 1497 2608 me
1546 2541 1894 2610 occidendo.

460 2645 756 2724 Quaestio
806 2646 948 2710 addi
985 2648 1193 2730 potest
1239 2647 1312 2710 de
1359 2647 1857 2721 circulatoribus,
1890 2646 1998 2728 qui
2045 2645 2260 2711 confisi
2300 2646 2583 2711 antidoto
2615 2646 2839 2712 bibunt

369 2767 620 2827 venena,
654 2748 923 2813 morderi
953 2768 1019 2813 se
1054 2749 1383 2832 patiuntur
1416 2768 1451 2812 a
1484 2749 1709 2831 viperis
1742 2751 1807 2813 et
1853 2749 2275 2832 serpentibus:
2310 2750 2462 2814 item
2495 2750 2568 2815 de
2599 2750 2839 2815 funam-

372 2849 535 2914 bulis
567 2851 682 2914 etc.
710 2850 803 2914 De
835 2851 1061 2933 quibus
1099 2851 1429 2936 Fagundez
1464 2870 1595 2933 cap.
1628 2851 1730 2913 12.
1759 2871 1819 2914 n.
1849 2852 1953 2913 25.
1982 2853 2045 2915 et
2076 2870 2124 2914 s.
2151 2851 2337 2935 Alph.
2372 2873 2431 2916 n.
2461 2852 2611 2917 369.
2639 2853 2702 2917 in
2730 2854 2833 2918 fin.

368 2953 737 3035 respondent
765 2952 1059 3017 illicitum
1091 2972 1239 3030 esse,
1275 2953 1394 3017 nisi
1433 2952 1807 3036 experientia
1839 2953 2100 3030 constet,
2137 2953 2420 3018 antidoto
2459 2956 2676 3020 veneni
2707 2957 2836 3020 vim

374 3053 519 3117 elidi
553 3073 623 3117 ae
658 3055 721 3119 in
762 3055 895 3119 arte
925 3054 1276 3119 funambuli
1309 3056 1519 3119 abesse
1551 3054 1894 3139 periculum
1935 3055 2013 3119 ob
2050 3055 2179 3120 vim
2211 3058 2274 3121 et
2305 3056 2758 3121 dexteritatem.

474 3216 558 3270 Vl.
585 3214 636 3270 4.
662 3213 767 3269 Etsi
792 3213 1147 3270 carthusianus
1183 3213 1233 3268 in
1270 3222 1489 3269 extrema
1516 3214 1823 3281 aegritudine
1848 3215 2006 3282 possit
2032 3231 2232 3270 servare
2274 3216 2424 3271 vitam
2455 3221 2697 3272 vescendo
2723 3233 2832 3271 car-

365 3297 525 3363 nibuS,
550 3298 699 3365 idque
736 3299 1059 3366 probabiliter
1094 3298 1139 3353 ei
1169 3306 1268 3352 tum
1295 3299 1439 3353 liceat
1464 3307 1610 3365 atque
1636 3301 1761 3353 adeo
1789 3314 1885 3353 non
1914 3310 2097 3367 peccet,
2125 3301 2208 3366 qui
2233 3301 2388 3355 inscio
2418 3305 2670 3367 praeberet
2694 3303 2832 3357 011103

364 3396 426 3436 ex
450 3382 681 3436 carnibus
707 3386 884 3436 Sancb.
907 3382 1048 3436 Dian.
1077 3399 1124 3450 p.
1154 3385 1201 3435 8.
1226 3389 1258 3436 t.
1285 3384 1335 3436 7.
1360 3398 1400 3434 r.
1428 3385 1542 3449 70.;
1570 3383 1701 3436 licite
1733 3390 1894 3437 tamen
1921 3390 1970 3437 et
1996 3384 2305 3438 laudabiliter
2329 3385 2475 3437 etiam
2503 3391 2605 3438 tum
2631 3387 2830 3453 omittit,

363 3482 476 3521 eum
513 3473 651 3521 certo
690 3466 909 3534 periculo
946 3466 1135 3531 mortis,
1163 3473 1214 3519 ut
1252 3473 1420 3519 contra
1462 3467 1613 3532 Vasq.
1648 3474 1697 3520 et
1724 3470 1874 3521 Gran.
1901 3470 2045 3521 docet
2085 3467 2225 3521 Dian.
2263 3485 2311 3535 p.
2339 3469 2388 3521 5.
2416 3470 2465 3521 d.
2495 3469 2543 3521 4.
2571 3484 2612 3521 r.
2644 3473 2729 3522 32.
2769 3485 2828 3521 ex

361 3551 496 3605 Vict.
523 3554 638 3605 Lor.
664 3559 785 3621 ete.;
812 3551 925 3619 quia
952 3550 1311 3605 rationabiliter
1335 3550 1536 3615 negligit
1563 3550 1712 3604 vitam
1740 3566 1832 3618 pro
1861 3553 1989 3604 bono
2017 3552 2262 3605 communi
2287 3552 2501 3606 OrdiniS.
2521 3554 2665 3630 C.·de
2691 3557 2830 3616 Lugo

362 3643 410 3693 d.
444 3638 509 3693 to
554 3656 599 3697 n.
626 3644 710 3697 35.
737 3649 909 3696 contra
932 3644 1081 3708 Azor,
1108 3648 1156 3695 et
1182 3642 1359 3694 Eseob.
1389 3648 1424 3693 t.
1452 3640 1502 3691 6.
1533 3654 1575 3693 c.
1602 3640 1652 3692 7.
1680 3638 1764 3692 ubi
1803 3642 1963 3701 docet,
1990 3639 2142 3694 teneri
2169 3639 2400 3692 carnibus
2435 3638 2585 3699 vesei,
2610 3638 2652 3691 si
2677 3638 2830 3700 exigit

361 3727 643 3794 necessitas,
669 3729 736 3783 ita
762 3735 818 3783 ut
844 3728 983 3783 aliter
1011 3729 1159 3782 vitam
1195 3741 1495 3781 conservare
1533 3741 1628 3780 non
1671 3726 1855 3792 possit:
1881 3729 2013 3791 quod
2046 3729 2223 3780 Sancb.
2251 3740 2298 3791 p.
2329 3728 2375 3778 2.
2403 3739 2540 3779 cons.
2568 3728 2599 3777 l.
2630 3725 2678 3777 5.
2707 3739 2751 3778 0.
2781 3727 2828 3776 «Ι-

358 3815 407 3865 d.
434 3813 518 3866 35.
545 3828 656 3868 011111
679 3812 790 3867 atiis
813 3827 901 3866 sex
925 3812 993 3865 ita
1031 3811 1300 3878 distinguit,
1327 3810 1369 3865 si
1402 3809 1670 3865 necessitas
1707 3810 1938 3864 vescendi
1968 3810 2033 3864 sit
2057 3812 2117 3863 ab
2141 3809 2426 3872 intrinseco,
2453 3823 2502 3862 v,
2531 3824 2604 3873 gr.
2636 3811 2830 3870 morbo,

358 3911 421 3951 ex
440 3913 553 3964 quo,
573 3897 759 3952 iudicio
778 3897 1097 3959 medicorum,
1117 3900 1465 3951 convalescere
1486 3911 1581 3949 non
1602 3895 1774 3963 possit,
1797 3894 1890 3949 nisi
1910 3910 1998 3949 esu
2018 3895 2255 3959 carnium,
2276 3895 2343 3950 ait
2371 3894 2678 3962 probabilius
2703 3909 2829 3956 esse,

358 3995 468 4035 eum
508 3997 604 4036 non
643 3981 793 4035 teneri
820 3981 955 4035 vesci
980 3979 1196 4052 (tametsi
1223 3981 1354 4036 licite
1382 3980 1591 4048 possit>3
1619 3979 1732 4046 quia
1773 3979 2011 4034 morietur
2050 3980 2337 4034 naturaliter
2376 3995 2438 4034 ex
2465 3983 2657 4046 morbo,
2683 3979 2826 4033 cuius

356 4066 461 4134 ipse
488 4082 583 4121 non
610 4075 685 4121 est
711 4082 887 4121 eausa:
916 4067 957 4120 si
984 4082 1105 4120 vero
1133 4067 1197 4121 sit
1221 4070 1283 4120 ab
1314 4066 1610 4131 extrinseco,
1644 4082 1689 4120 v.
1716 4081 1790 4130 gr.
1821 4064 1861 4119 si
1889 4069 1952 4118 ob
1978 4065 2192 4134 inopiam
2220 4066 2429 4120 aliorum
2454 4065 2675 4118 ciborum
2708 4068 2830 4116 lamo

355 4151 658 4206 moriendum
696 4161 844 4216 esset,
871 4151 1026 4205 teneri
1068 4151 1220 4217 vesei,
1245 4150 1358 4217 quia
1396 4166 1532 4205 mors
1568 4151 1672 4218 illa,
1701 4166 1812 4205 cum
1852 4149 1915 4205 sit
1955 4150 2187 4215 violenta,
2212 4150 2308 4218 ipsi
2346 4151 2690 4216 imputaretur.

445 4271 617 4345 865.
658 4274 837 4359 Lugo
871 4274 1026 4356 disp.
1081 4274 1183 4336 10.
1221 4293 1279 4336 11.
1324 4273 1465 4336 35.:
1522 4297 1557 4331 «
1594 4273 1942 4338 Monachus
1985 4273 2424 4337 carthusianus
2473 4289 2615 4333 cum
2661 4271 2828 4334 certo

353 4377 574 4442 mortis
612 4377 885 4461 periculo
932 4376 1141 4460 potest
1177 4374 1353 4439 iuxta
1399 4394 1792 4441 communem
1825 4376 2200 4441 sententiam
2235 4394 2271 4438 a
2315 4373 2603 4438 carnibus
2636 4373 2831 4437 absti-

352 4498 493 4544 nere
540 4505 602 4543 ».
654 4479 902 4543 Βο1111111
948 4476 1195 4541 Ordinis
1234 4495 1557 4540 commune
1603 4478 1737 4542 heic
1780 4478 2162 4563 intelligitur
2210 4477 2598 4541 conservatio
2647 4476 2830 4540 disci-

353 4582 558 4665 plinae
606 4582 811 4665 quoad
844 4582 1115 4667 rigorem
1171 4578 1599 4643 abstinentiae.
1650 4579 1716 4645 Si
1764 4582 1926 4645 enim
1976 4580 2303 4664 disciplina
2352 4599 2461 4645 seu
2507 4580 2604 4643 lex
2642 4579 2829 4643 absti-

512 4706 800 4752 Batulum.
828 4728 883 4737 —
910 4702 1080 4748 Horol-
1110 4695 1261 4744 'roiano
1288 4700 1359 4744 Π.
2612 4700 2664 4742 41
