3497 5147
706 311 813 366 594
1029 321 1241 363 macr.
1261 321 1342 362 vr.
1364 317 1525 361 sinor.
1553 318 1644 359 111.
1671 318 1758 358 on
1775 316 2000 359 ‘rnn‘rro
2018 317 2236 360 punc.
2263 317 2593 361 vacuom.
2613 319 2757 362 nun.
2792 320 2846 360 v.
3024 304 3169 379 [806]

704 420 1152 503 correptionem
1181 416 1382 501 possit
1408 415 1612 479 fflium
1643 413 1815 478 domi
1845 414 2128 490 clausum
2158 415 2440 492 retinere,
2474 417 2596 479 etsi
2624 416 2727 480 hic
2755 415 3017 480 Missam
3048 434 3169 480 non

704 523 955 589 audiat:
989 519 1154 603 quod
1192 520 1561 583 excusentur
1605 515 1847 594 famuli,
1881 515 1990 597 qui
2028 516 2184 580 alias
2230 536 2373 582 cum
2409 518 2590 602 gravi
2639 516 3033 582 dominorum
3075 519 3171 582 in-

701 623 1025 691 commodo
1059 622 1381 706 proprium
1404 640 1476 685 ac
1506 619 1922 684 necessarium
1952 618 2369 684 ministerium
2394 619 2775 684 omitterent.
2802 619 2973 684 Haec
3004 623 3170 685 certa

702 728 871 793 sunt.
905 725 989 790 Et
1024 725 1186 789 circa
1218 723 1335 788 hoc
1382 724 1768 806 postremum
1813 721 1876 785 id
1924 740 2120 785 unum
2152 721 2422 798 adverte,
2455 740 2580 787 non
2626 720 2973 787 consentire
3009 722 3170 798 DD.,

702 829 1018 912 quodnam
1048 826 1468 892 ministerium
1498 823 1563 888 in
1610 823 1725 887 hac
1771 843 1837 887 re
1884 823 2007 888 dici
2050 823 2272 888 debeat
2315 824 2770 900 necessarium;
2808 843 2952 888 cum
2984 845 3042 888 v,
3074 845 3169 909 gr.

701 931 1021 995 Mazzotta
1068 927 1262 1012 (apud
1308 947 1357 991 s,
1390 926 1576 1008 AJph.
1615 926 1657 989 l.
1699 927 1781 1008 c.)
1827 925 2145 1010 intelligat
2191 926 2264 992 de
2311 946 2383 992 eo
2432 926 2746 1008 obsequio,
2781 926 2950 1007 quod
2993 927 3174 991 iuxta

666 1021 675 1038 ⁵
704 1053 1082 1098 communem
1104 1029 1355 1094 vivendi
1374 1027 1631 1094 modum
1656 1028 1886 1093 differri
1909 1030 2175 1110 nequeat
2198 1050 2256 1094 v.
2270 1031 2633 1115 gr.iungere
2657 1047 2870 1112 equOS,
2887 1031 3171 1095 comitari

702 1135 1045 1211 dominum,
1072 1135 1137 1197 in
1161 1133 1369 1198 forum
1390 1131 1478 1194 ire
1503 1129 1581 1194 ad
1606 1149 1701 1194 res
1734 1130 2022 1194 emendas
2046 1132 2421 1197 necessarias
2446 1134 2560 1196 etc.
2579 1131 2709 1195 Nec
2730 1150 2946 1197 censeo
2970 1132 3172 1215 reipsa

703 1236 1029 1300 dissentire
1060 1254 1109 1300 s.
1144 1234 1353 1318 Alph.,
1387 1233 1495 1315 qui
1528 1232 1807 1313 alioquin
1837 1232 1989 1296 haec
2020 1234 2207 1298 verba
2238 1233 2559 1298 Mazzotta
2591 1235 2918 1316 temperat,
2954 1235 3168 1300 aiendo

709 1364 746 1397 ‹
777 1338 1251 1423 intelligendum
1282 1337 1413 1401 sine
1449 1334 1717 1399 notabili
1755 1336 2128 1399 incommodo
2166 1334 2556 1400 dmninorum
2580 1362 2641 1400 ».
2671 1335 2970 1401 Notabile
3005 1339 3168 1402 enim

700 1440 765 1504 in
798 1441 914 1504 hac
943 1460 1011 1505 re
1043 1440 1299 1518 dicetur,
1334 1437 1501 1521 quod
1533 1437 1826 1502 abhorret
1861 1457 1904 1500 a
1934 1439 2243 1501 conantum·
2269 1439 2517 1502 vivendi
2545 1439 2744 1502 modo,

790 1539 966 1614 806.
1011 1542 1307 1623 Quaestio
1345 1541 1480 1605 heic
1513 1541 1726 1605 autem
1764 1539 2009 1623 proprie
2046 1539 2138 1616 fit,
2165 1540 2411 1622 quando
2445 1540 2543 1605 vel
2580 1540 2763 1604 nulla
2793 1541 2891 1605 vel
2920 1542 3174 1622 insuffi-

699 1649 889 1713 cienti
923 1666 1112 1712 causa
1159 1645 1446 1711 dominus
1493 1643 1821 1720 famulum,
1857 1643 1956 1708 vel
2003 1644 2453 1725 paterfamilias
2502 1663 2758 1709 uxorem
2807 1647 2920 1710 aut
2964 1644 3183 1710 filium·

698 1752 885 1816 vexat
914 1751 1025 1827 ita,
1053 1751 1127 1814 ut
1151 1749 1251 1812 hic
1281 1766 1405 1812 non
1437 1746 1635 1830 possit
1659 1746 1920 1810 Missam
1955 1745 2185 1824 audire,
2206 1747 2355 1828 quin
2386 1765 2644 1830 gravem
2675 1746 3168 1831 indignationem

702 1853 877 1917 illius
912 1852 1209 1915 incurrat.

790 1952 1152 2018 Communis
1186 1969 1333 2035 ergo
1357 1950 1640 2015 doctrina
1671 1952 1785 2027 est,
1814 1949 2135 2014 dominum
2158 1950 2256 2014 vel
2287 1950 2803 2032 patremfamilias
2827 1950 2893 2015 in
2929 1969 3004 2017 eo
3038 1971 3172 2034 peo-

700 2074 865 2121 care:
894 2073 1016 2119 non
1040 2072 1287 2136 peccare
1314 2054 1525 2117 autem
1549 2071 1672 2129 eOS,
1701 2052 1811 2135 qui
1835 2051 2137 2116 eiusmodi
2169 2052 2530 2116 violentiam
2558 2053 2912 2135 patiuntur3
2940 2054 3170 2137 quippe

700 2176 958 2243 gravem
987 2155 1166 2220 illam
1195 2154 1688 2238 indignationem
1717 2155 2026 2218 incurrere
2063 2155 2159 2219 est
2193 2174 2385 2239 grave
2416 2154 2895 2220 incommodum.

789 2258 1050 2339 Quando
1073 2276 1218 2323 vero
1250 2257 1548 2322 censenda
1585 2257 1672 2321 sit
1701 2256 1912 2341 gravis
1943 2256 2294 2340 indignatio
2320 2258 2507 2338 atque
2532 2256 2684 2322 adeo
2715 2275 2907 2341 grave
2937 2257 3170 2322 incom-

696 2363 974 2437 modum,
1009 2361 1249 2425 desumi
1286 2361 1467 2424 debet
1498 2379 1568 2424 ex
1600 2359 2086 2424 circumstantiis
2118 2378 2518 2442 personarum
2552 2361 2616 2423 et
2648 2360 2917 2424 aliorum
2954 2359 3171 2424 adiun-

698 2467 963 2541 ctorum,
993 2464 1216 2544 prouti
1242 2462 1317 2526 de
1348 2466 1514 2526 metu
1544 2462 1671 2524 clici
1698 2460 1887 2536 solet;
1921 2460 2061 2524 aliis
2095 2460 2259 2526 enim
2291 2461 2512 2546 magiS,
2550 2462 2689 2526 aliis
2736 2462 2942 2527 minus
2972 2481 3165 2546 grave

695 2568 1006 2654 contingit
1037 2567 1261 2631 habere
1292 2564 1669 2649 superiorem
1706 2562 2023 2628 offensum.
2058 2562 2252 2628 Nulla
2284 2583 2430 2650 ergo
2468 2564 2774 2649 generalis
2804 2563 3021 2649 regula
3057 2563 3166 2629 de·

694 2673 948 2755 sumpta
971 2690 1043 2735 ex
1074 2669 1423 2734 conditione
1453 2667 1649 2750 ipsius
1681 2667 1790 2743 rei,
1817 2685 1976 2747 quae
2006 2666 2397 2732 incommoda
2422 2667 2669 2743 dicitur,
2696 2669 2895 2732 statui
2919 2670 3160 2751 potoet3

697 2792 841 2837 eum
872 2772 1153 2857 gravitas
1191 2771 1276 2835 sit
1305 2769 1592 2833 relativa.

784 2875 1021 2939 Auctor
1052 2873 1283 2949 subdit,
1320 2871 1490 2935 aliud
1522 2872 1795 2935 medium
1841 2871 2282 2953 quaerendum,
2316 2871 2368 2935 si
2400 2871 2463 2935 id
2494 2873 2619 2937 fere
2650 2891 2889 2955 semper
2929 2874 3166 2938 contin·

692 2980 903 3061 geret;
939 2995 1097 3059 quae
1130 2976 1314 3040 verba
1351 2974 1642 3039 videntur
1671 2994 2013 3057 supponere
2052 2975 2423 3057 opinionem,
2464 2976 2732 3042 famulos
2765 2996 2873 3059 per
2919 2977 3164 3060 aliquas

693 3080 857 3144 vices
882 3098 1120 3161 semper
1145 3076 1443 3142 excusari.
1469 3075 1639 3155 Quae
1663 3078 1913 3158 quidem
1947 3077 2152 3159 opinio
2177 3096 2301 3142 non
2333 3078 2582 3143 videtur
2604 3078 2883 3144 arrisisse
2908 3098 2957 3144 s.
2972 3080 3159 3163 Alph.

692 3182 735 3244 1.
771 3201 822 3245 c.
859 3182 1001 3262 post
1032 3178 1234 3256 Croix,
1264 3178 1510 3261 quando
1542 3178 1766 3242 famuli
1796 3179 2038 3261 possint
2069 3179 2264 3243 alium
2296 3179 2616 3245 dominum
2650 3181 2942 3247 invenire.

782 3281 1017 3345 Verum
1041 3299 1114 3345 ea
1136 3280 1429 3346 Auctoris
1456 3280 1683 3362 opinio,
1710 3299 1870 3361 quae
1902 3283 1996 3346 est
2027 3281 2219 3346 etiam
2253 3280 2494 3365 Sporer,
2529 3282 2890 3349 Salmantic.
2920 3288 2984 3350 et
3007 3284 3163 3350 alio-

692 3404 856 3458 rum,
882 3403 1004 3449 non
1037 3386 1131 3448 est
1161 3382 1628 3449 irrationabilis.
1653 3382 1820 3448 Nam
1857 3385 1922 3446 1⁰
1948 3383 2113 3466 quod
2144 3386 2387 3468 possint
2416 3385 2630 3451 deinde
2662 3386 2935 3453 deserere
2966 3388 3162 3454 domi-

691 3507 860 3565 num,
887 3505 1011 3552 non
1043 3486 1303 3568 impedit
1332 3487 1718 3568 praesentem
1751 3486 2168 3551 vexationem:
2199 3486 2267 3550 20
2287 3487 2430 3569 Ipsa
2460 3488 2794 3553 necessitas
2826 3489 3160 3571 quaerendi

691 3591 885 3654 alium
925 3589 1247 3654 dominum
1282 3606 1405 3652 non
1437 3589 1532 3652 est
1561 3587 1695 3651 leve
1732 3588 2195 3653 incommodum
2231 3589 2449 3653 multis
2482 3589 2555 3654 de
2593 3592 2816 3656 causis.

779 3691 1037 3771 Quando
1072 3710 1219 3775 ergo
1251 3709 1375 3755 non
1412 3690 1485 3755 de
1524 3690 1734 3772 aliqua
1775 3691 1923 3767 vice,
1966 3690 2071 3756 sed
2104 3691 2177 3755 de
2208 3710 2379 3756 more
2410 3691 2535 3757 fere
2566 3696 2863 3776 perpetuo
2905 3698 3155 3779 agatur,

687 3795 963 3858 famulus
988 3796 1235 3858 tenetur
1255 3792 1539 3858 resistere
1572 3793 1636 3856 et
1666 3793 1874 3858 solum
1898 3796 2047 3857 tunc
2070 3794 2466 3858 excusabitur
2489 3813 2524 3859 a
2550 3795 2799 3861 domino
2824 3795 3155 3862 deserendo

686 3895 953 3978 (invitus
979 3898 1091 3960 aut
1114 3897 1379 3980 sponte),
1406 3896 1653 3978 quando
1686 3914 1810 3959 non
1833 3895 2043 3976 posset
2071 3893 2252 3959 facile
2275 3895 2549 3961 invenire
2583 3898 2778 3962 alium
2811 3897 3151 3964 dominum.

685 3998 857 4080 Quae
897 3999 1233 4063 difficultas
1270 3998 1449 4063 valde
1486 3996 1911 4082 perpendenda
1950 3998 2045 4060 est
2078 4014 2114 4059 a
2161 3997 2554 4077 confessario,
2590 4002 2926 4084 antequam
2956 4001 3156 4067 famu-

685 4102 819 4166 lum
858 4101 936 4166 ad
967 4101 1030 4166 id
1066 4101 1300 4185 adigat.

771 4202 949 4282 Quod
980 4203 1305 4268 excusetur
1340 4201 1532 4265 etiam
1579 4216 1753 4275 uxor,
1788 4197 1840 4262 si
1889 4218 1960 4263 ex
1994 4218 2240 4266 accessu
2274 4200 2351 4267 ad
2399 4203 2720 4268 ecclesiam
2757 4204 2981 4269 timeat
3009 4223 3150 4289 gra-

679 4329 820 4373 vem
866 4310 1358 4395 indignationem
1405 4306 1522 4371 viri
1572 4305 1851 4369 iracundi
1900 4309 2011 4371 aut
2045 4308 2332 4392 zelotypi,
2366 4327 2756 4373 communem
2803 4310 3151 4375 doctrinam

681 4410 831 4475 dicit
870 4430 917 4475 s.
942 4413 1126 4496 Alph.
1154 4412 1195 4475 1.
1224 4430 1298 4486 c.;
1336 4408 1441 4474 sed
1473 4407 1714 4473 subdit:
1758 4432 1793 4467 «
1827 4407 1952 4473 Sed
1985 4408 2093 4474 hoc
2131 4431 2281 4475 raro
2311 4411 2762 4476 admittendum
2786 4438 2846 4476 ».

768 4514 853 4576 At
898 4514 1021 4578 ista
1067 4514 1253 4578 verba
1299 4529 1422 4576 non
1469 4510 1846 4595 significant,
1903 4532 2156 4579 uxorem
2204 4515 2265 4579 in
2328 4533 2478 4579 casu
2524 4535 2646 4581 non
2693 4517 2991 4595 excusari,
3041 4514 3150 4581 sed
