3497 5147
703 329 818 384 412
873 338 1084 378 macr.
1112 337 1193 377 vr.
1221 334 1381 376 sacr.
1410 334 1474 374 11.
1504 333 1590 373 mn
1613 329 1892 373 smcmmo
1920 330 2138 371 paam.
2165 329 2492 372 nncAnom.
2518 331 2656 372 CAP.
2679 330 2745 371 11.
2770 331 2913 374 mm.
2942 332 2981 374 1.
3017 316 3162 392 [539]

703 440 921 503 contra
970 452 1221 498 sensum
1269 449 1688 506 communem;
1738 427 2048 511 quomodo
2112 427 2275 492 enim
2333 445 2457 492 non
2503 428 2694 505 iurat,
2756 429 2864 510 qui
2910 428 3062 493 dicit
3103 448 3161 492 se

705 541 962 604 iurare?
994 535 1155 600 unde
1185 533 1673 600 concludendum
1721 531 1944 596 saltem
1990 530 2170 608 foret,
2217 530 2412 594 iurari
2445 530 2523 594 ob
2559 530 2987 606 intentionem,
3013 549 3161 612 quae

708 641 903 717 adest,
952 638 1229 709 iurandi:
1279 637 1427 701 licet
1470 636 1671 700 forma
1719 635 1797 699 ad
1843 634 1906 698 id
1953 634 2038 698 sit
2081 633 2289 697 minus
2333 632 2589 697 idonea:
2638 634 2926 714 quamvis
2956 635 3020 697 et
3053 633 3161 698 hoc

705 741 954 807 difficile
993 740 1080 804 sit
1123 739 1477 816 intellectu3
1518 739 1659 802 iuro
1691 739 1856 802 enim
1903 738 2111 801 valet:
2162 737 2374 798 invoco
2410 734 2616 799 Deum
2657 738 2886 810 testem,
2920 736 2974 799 si
3009 735 3161 800 iura-

706 845 988 909 mentum
1037 844 1132 906 est
1176 841 1489 905 invocatio
1523 841 1638 905 Dei
1670 841 1731 904 in
1766 842 2009 905 testem.
2045 838 2273 903 Suarez
2309 839 2352 901 l.
2379 857 2429 901 c.
2465 857 2515 902 c.
2554 838 2656 901 13.
2692 858 2753 901 n.
2786 840 2849 902 4.
2882 837 2999 901 Sed
3030 857 3160 923 sup-

706 946 966 1029 ponunt,
1033 945 1348 1009 hominem
1392 962 1515 1008 non
1565 942 1811 1025 assequi
1858 960 2103 1007 sensum
2166 941 2355 1006 verbi.
2406 939 2584 1004 Certe
2632 941 2711 1003 ab
2765 959 2838 1004 ea
2898 941 3160 1024 generali

708 1049 1046 1112 assertione
1094 1047 1319 1128 excipit
1365 1065 1413 1110 s.
1454 1046 1637 1129 Alph.
1677 1065 1738 1109 n.
1781 1046 1925 1109 136.
1975 1044 2094 1108 nisi
2125 1044 2187 1108 id
2233 1043 2458 1107 fiatad
2496 1043 2756 1106 alterius
2803 1043 3162 1125 postulatio-

706 1171 866 1228 nem,
909 1152 1017 1232 qui
1047 1150 1466 1213 iuramentum
1504 1150 1739 1233 exigat3
1792 1153 1939 1212 tunc
1986 1165 2132 1210 sane
2163 1145 2401 1210 dicens:
2426 1145 2589 1220 ium,
2627 1145 2988 1209 vere'iurat.

816 1326 879 1376 V.
909 1325 958 1378 4.
985 1323 1127 1376 Fides
1148 1337 1173 1375 a
1200 1322 1549 1377 Sacerdotibus
1573 1320 1689 1375 loco
1712 1320 1968 1373 iuramenti
1993 1319 2122 1383 exigi
2148 1318 2290 1372 solita
2318 1333 2405 1383 per
2430 1333 2600 1372 eorum
2628 1318 3064 1381 consecrationem,
3091 1319 3158 1372 uti

704 1416 755 1462 et
794 1411 998 1461 formula
1023 1406 1107 1460 illa
1148 1405 1443 1473 principum,
1471 1405 1554 1459 bei
1577 1405 1790 1459 meister
1811 1402 2142 1474 fiirstlichen
2180 1403 2326 1458 Ehre
2362 1401 2485 1455 und
2517 1403 2691 1456 Treue
2718 1399 2975 1456 betheum
3003 1401 3084 1457 ich
3107 1417 3158 1458 es

707 1491 827 1546 und
853 1491 1159 1547 beschwb're
1182 1504 1237 1545 es
1262 1494 1457 1555 (meam,
1484 1490 1564 1555 qui
1591 1489 1817 1556 princeps
1843 1502 1966 1551 sum,
1996 1486 2276 1540 fidelitatem
2305 1493 2353 1539 et
2379 1491 2610 1539 bonorem
2640 1485 2892 1548 obstringo
2922 1489 2999 1539 vel
3025 1488 3156 1539 obte-

705 1577 831 1645 stor)
857 1575 947 1629 etsi
976 1591 1069 1628 non
1098 1575 1193 1628 sint
1218 1573 1564 1634 iuramentum.
1593 1580 1752 1627 tamen
1778 1572 1826 1624 in
1856 1575 1956 1624 [oro
1986 1570 2076 1624 rori
2103 1572 2408 1638 accipiuntur
2431 1572 2541 1624 loco
2567 1570 2757 1623 iuratae
2797 1569 3153 1636 promissionis:

705 1659 776 1712 uti
802 1668 850 1713 et
885 1658 928 1712 si
953 1675 978 1711 a
1007 1658 1233 1726 personis
1260 1658 1537 1712 illustribus
1574 1662 1650 1710 vel
1690 1656 1938 1711 nobilibus
1973 1657 2197 1709 dicatur:
2228 1655 2312 1710 bei
2345 1654 2560 1712 meiner
2594 1654 2847 1726 adeliqen
2875 1656 3025 1711 Ekre
3047 1654 3158 1711 aad

708 1742 960 1799 Glauben
990 1742 1108 1797 und
1142 1745 1317 1798 Treue
1342 1742 1647 1798 beschwo're
1671 1742 1758 1797 ach
1782 1756 1838 1796 es
1856 1745 2056 1808 (meum,
2075 1741 2159 1807 qui
2186 1756 2292 1794 sum
2320 1740 2514 1803 nobiliS,
2535 1745 2788 1805 bonorem,
2812 1744 2959 1795 fldem
2987 1749 3035 1796 el
3055 1744 3159 1795 flde-

705 1828 887 1882 litatem
915 1832 1175 1895 obtestor).
1207 1831 1266 1881 V.
1295 1831 1463 1893 Laym.
1490 1831 1522 1883 Ι.
1550 1844 1593 1881 c.
1619 1845 1661 1881 c.
1691 1831 1739 1881 2.

797 1964 969 2036 539.
1007 1967 1217 2031 Sermo
1265 1969 1360 2032 est
1405 1967 1478 2030 de
1515 1967 1634 2030 fide
1682 1987 1717 2030 a
1766 1966 2190 2031 sacerdotibus
2231 1966 2368 2031 loco
2415 1967 2752 2031 iuramenti
2783 1967 2950 2052 exigi
2982 1969 3158 2032 solita

710 2088 819 2151 per
865 2087 1077 2131 eorum
1124 2068 1710 2132 consecrationem...
1773 2068 1950 2133 Hanc
1998 2068 2136 2132 fidei
2190 2069 2718 2151 interpositionem
2777 2089 2900 2134 non
2967 2072 3156 2136 solum

711 2171 936 2235 habere
982 2170 1282 2235 maiorem
1322 2170 1633 2252 quandam
1682 2172 1809 2235 vim
1858 2192 2114 2254 eamque
2161 2171 2517 2256 religiosam
2550 2192 2622 2237 ac
2651 2173 2880 2238 habeat
2914 2175 3158 2257 simplex

704 2274 1052 2357 promissiO,
1088 2273 1191 2337 sed
1239 2274 1367 2338 vim
1405 2274 1627 2338 habere
1659 2275 1991 2338 iuramenti
2039 2275 2312 2357 plerique
2333 2276 2692 2340 canonistae
2717 2277 2991 2342 tenuere.
3018 2276 3159 2342 Con·

705 2377 969 2440 trariam
1005 2394 1150 2440 vero
1199 2377 1571 2440 sententiam
1618 2377 1893 2460 plerique
1940 2376 2161 2441 docent
2203 2377 2501 2462 theologi.

798 2479 995 2560 Atqui
1027 2498 1148 2542 non
1180 2479 1405 2542 habere
1452 2480 1579 2543 vim
1610 2480 1965 2556 iuramenti,
2000 2480 2162 2542 clare
2199 2481 2438 2543 eruitur
2469 2500 2539 2545 ex
2571 2500 2704 2545 can.
2732 2480 2809 2545 Si
2835 2484 2982 2564 quis
3013 2482 3159 2546 Pre-

705 2582 919 2664 sbyter
955 2584 1016 2645 4.
1058 2601 1226 2646 cauS.
1264 2584 1323 2645 2.
1363 2584 1603 2663 quaest.
1647 2584 1728 2658 5..
1764 2583 1870 2646 ubi
1904 2583 2162 2647 dicitur:
2221 2607 2255 2641 ‹
2287 2582 2352 2648 Si
2400 2585 2538 2666 quis
2585 2586 2909 2670 presbyter
2954 2590 3158 2652 contra

706 2685 937 2749 laicum
984 2683 1082 2747 vel
1137 2684 1334 2748 laicus
1391 2686 1607 2748 contra
1670 2685 2097 2769 presbyterum
2161 2687 2436 2767 aliquam
2496 2688 2686 2752 habet
2745 2691 3161 2772 querimoniae

708 2786 1216 2863 controversiam,
1250 2786 1535 2870 episcopo
1562 2787 1993 2871 praecipiente,
2026 2788 2155 2852 sine
2185 2807 2586 2871 personarum
2613 2792 2969 2874 acceptione
2998 2792 3162 2858 finia-

704 2891 811 2953 tur
857 2893 919 2954 et
971 2890 1167 2954 laicus
1215 2911 1321 2974 per
1366 2893 1808 2969 iuramentum,
1843 2892 1926 2973 (si
1962 2911 2202 2957 necesse
2233 2894 2345 2977 sit)
2369 2913 2434 2958 se
2480 2896 2813 2979 expurget:
2849 2899 3161 2983 presbyter

704 3012 871 3068 vero,
907 2993 1038 3057 vice
1069 2993 1422 3071 iuramenti,
1473 3013 1581 3076 per
1626 2995 1907 3058 sanctam
1954 2996 2473 3060 consecrationem
2520 2996 2970 3082 interrogetur3
3019 3002 3156 3084 quia

702 3096 1051 3161 sacerdotes
1089 3116 1159 3160 ex
1204 3096 1327 3160 levi
1360 3115 1580 3161 caussa
1609 3096 1816 3160 iurare
1839 3114 1959 3160 non
1992 3096 2214 3161 debent
2246 3121 2306 3161 ».

790 3199 1207 3283 Interrogatio
1255 3218 1402 3284 ergo
1450 3218 1557 3283 per
1600 3200 1882 3264 sanctam
1919 3200 2441 3265 consecrationem
2470 3220 2594 3265 non
2624 3202 2721 3266 est
2749 3206 2993 3270 exactio
3031 3225 3159 3290 pro-

702 3302 832 3385 prie
880 3300 1029 3363 dicti
1067 3300 1419 3376 iuramenti,
1454 3301 1558 3365 sed
1590 3301 1992 3365 commonitio
2032 3304 2093 3365 et
2125 3302 2362 3367 exactio
2410 3302 2552 3366 fidei
2598 3307 3007 3387 praestandae
3053 3310 3159 3373 aut

700 3402 990 3467 dicendae
1038 3403 1342 3480 veritatis,
1376 3403 1563 3466 sicuti
1606 3402 1984 3466 sacerdotem
2032 3403 2216 3481 decet,
2249 3423 2372 3468 non
2404 3424 2579 3469 secus
2611 3425 2682 3470 ac
2713 3408 2764 3471 si
2807 3409 3157 3495 Religiosus

699 3508 762 3573 in
810 3508 929 3572 fide
976 3506 1277 3594 Religiosi
1325 3509 1388 3572 et
1432 3507 1810 3573 christianus
1856 3507 2120 3589 quilibet
2150 3508 2212 3572 in
2249 3507 2367 3572 fide
2397 3508 2665 3574 hominis
2696 3511 3024 3579 christiani
3053 3515 3157 3579 ali-

701 3612 849 3694 quid
897 3611 1065 3674 dicat
1101 3611 1200 3676 vel
1246 3612 1597 3695 promittat,
1647 3612 1721 3675 ut
1767 3609 1991 3675 Suarez
2038 3612 2221 3675 notat
2266 3610 2340 3674 de
2399 3610 2632 3693 Recrq„
2680 3616 2759 3678 tr.
2811 3616 2873 3679 5.
2933 3617 3040 3681 lib.
3099 3618 3150 3680 l.

697 3733 831 3795 cap.
876 3715 978 3777 13.
1012 3733 1071 3776 n.
1111 3716 1212 3777 19.

789 3819 958 3880 Haec
983 3837 1163 3900 porro
1211 3822 1443 3885 mentio
1477 3822 1954 3886 consecrationis
1992 3840 2099 3885 seu
2133 3821 2457 3906 dignitatis
2496 3821 2897 3889 sacerdotalis
2930 3826 2991 3890 in
3025 3846 3149 3910 pro-

698 3919 1097 3983 missionibus
1144 3921 1570 4004 episcoporum
1617 3926 1680 3988 et
1716 3923 2215 4008 presbyterorum
2261 3925 2323 3988 in
2373 3925 2561 3989 sacris
2623 3926 2963 3993 canonibus
3008 3927 3149 4009 fidei

697 4023 858 4106 (scil.
887 4023 1315 4107 sacerdotalis)
1333 4028 1680 4103 praestatio
1705 4047 1811 4092 seu
1839 4028 2225 4106 interpositio
2249 4029 2545 4110 appellari
2568 4028 2835 4106 videtur,
2872 4031 2946 4094 ad
2981 4032 3143 4095 cuius

706 4126 1199 4191 observationem
1247 4144 1367 4190 non
1415 4128 1620 4194 minus
1652 4148 1843 4211 quam
1889 4130 2241 4207 iuramenti,
2290 4131 2354 4193 in
2400 4130 2648 4195 externo
2695 4129 2830 4195 foro
2879 4133 3141 4196 ecclesia-

700 4229 857 4291 stico
905 4227 1188 4308 compelli
1237 4227 1523 4308 debeant:
1579 4234 1644 4294 1⁰
1677 4233 1823 4313 quia
1871 4233 2021 4297 haec
2067 4233 2225 4296 sacri
2273 4232 2502 4297 ordinis
2534 4237 3038 4299 commemoratio
3082 4235 3134 4297 in

706 4327 1217 4411 promissionibus
1264 4330 1430 4396 sacta
1472 4352 1766 4417 magnam
1802 4334 2272 4399 similitudinem
2311 4336 2642 4400 iuramenti
2671 4337 2869 4420 gerit:
2906 4340 2974 4400 2⁰
3002 4336 3130 4419 quia

697 4431 762 4493 in
810 4430 1006 4494 totius
1054 4431 1351 4499 clericalis
1401 4438 1515 4500 aut
1559 4437 1959 4501 sacerdotalis
1993 4438 2197 4500 status
2229 4456 2482 4521 gravem
2529 4438 2936 4523 ignominiam
2967 4436 3130 4509 cedit,

699 4535 754 4598 si
802 4535 948 4599 fides
998 4536 1111 4600 tali
1158 4538 1357 4603 forma
1405 4558 1476 4603 ac
1522 4540 1706 4604 modo
1739 4541 1888 4604 data
1936 4541 2238 4604 violetur:
2291 4540 2361 4604 3⁰
2391 4541 2538 4623 quia
2585 4540 2864 4623 alioquin
2909 4540 3135 4624 privile·
