3497 5147
333 306 470 381 [502]
1300 325 1573 369 summa.
1611 328 1861 372 pomum
2693 321 2803 375 385

335 419 485 484 Sixti
541 419 617 484 V.
655 419 927 502 (Girald.
980 423 1103 486 vol.
1146 425 1205 486 2.
1256 443 1398 508 pag.
1436 427 1616 509 572.)
1671 447 1832 510 quae
1887 429 2106 513 incipit
2159 431 2525 496 Pastor-alis
2591 432 2806 513 Officii

340 522 434 586 13.
466 521 633 607 Aug.
680 524 871 588 1587.
913 525 977 588 et
1021 544 1145 607 qua
1194 526 1365 609 Papa
1412 527 1705 594 beneficia
1754 532 2044 596 vacantia
2097 533 2339 598 ratione
2395 533 2802 599 confidentiae

333 625 636 707 permittit
688 626 919 692 liberae
975 628 1295 693 collationi
1351 630 1807 696 ordinariorum
1870 633 2264 712 collatorum,
2315 636 2562 719 perinde
2620 656 2691 700 ac
2746 637 2800 701 si

332 747 645 809 nunquam
682 729 948 795 fuissent
977 731 1311 809 reservata,
1362 731 1697 798 dummodo
1731 734 2063 800 collatores
2095 756 2219 801 non
2251 737 2484 802 fuerint
2522 740 2798 803 criminis

334 831 657 914 participes
706 834 821 897 aut
857 834 1336 899 consentientes:
1384 835 1661 918 itemque
1697 837 1941 903 fructus
1985 838 2151 903 male
2183 841 2503 923 perceptos
2552 842 2799 925 erogari

331 932 602 998 concedit
647 934 712 998 in
744 953 929 1000 usum
962 955 1032 1000 ac
1063 937 1519 1020 reparationem
1553 940 1954 1004 ecclesiarum
2000 959 2109 1005 seu
2155 943 2680 1008 monasteriorum
2726 963 2798 1008 ac

331 1034 780 1115 beneficiorum,
806 1038 968 1102 circa
1000 1057 1157 1121 quae
1190 1040 1417 1104 crimen
1445 1040 1786 1107 admissum
1821 1043 1933 1106 est.

412 1133 588 1209 502.
639 1139 918 1205 Dubium
964 1140 1247 1206 nonnulli
1290 1146 1641 1221 moverunt,
1679 1165 1756 1208 an
1813 1164 2040 1229 poenas
2079 1147 2460 1225 huiusmodi,
2524 1147 2795 1212 inflictas

329 1241 449 1305 scil.
490 1260 602 1324 pro
650 1242 870 1324 quavis
907 1243 1173 1309 simonia
1219 1246 1285 1309 et
1328 1264 1463 1328 sup.
1496 1248 1851 1326 recensitas,
1891 1249 2211 1312 incurrant
2242 1249 2335 1313 illi
2383 1269 2649 1334 quoque,
2685 1249 2794 1333 qui

326 1344 651 1409 simoniam
682 1345 1091 1411 committunt
1119 1348 1370 1411 tantum
1401 1351 1618 1413 contra
1649 1350 1748 1414 ius
1781 1350 2285 1428 ecclesiasticum,
2325 1373 2384 1416 v.
2413 1373 2507 1436 gr.
2535 1354 2602 1417 in
2633 1373 2794 1418 com-

326 1445 670 1511 mutatione
707 1447 1142 1513 beneficiorum
1194 1450 1443 1532 propria
1496 1452 1892 1517 auctoritate.
1942 1452 2363 1517 Movebantur
2417 1455 2629 1518 autem
2678 1456 2792 1519 hac

325 1548 579 1627 ratione,
620 1549 786 1632 quod
834 1570 976 1615 cum
1023 1569 1254 1634 poenae
1302 1553 1429 1618 sint
1494 1553 1761 1631 odiosae,
1827 1554 2157 1619 videantur
2203 1556 2666 1642 restringendae
2715 1557 2792 1620 ad

325 1650 517 1715 solam
552 1643 882 1717 simoniam
919 1653 1074 1718 iuris
1112 1654 1441 1719 naturalis.

412 1753 529 1819 Sed
560 1754 969 1834 communiUS‚
993 1756 1202 1837 inquit
1250 1754 1625 1842 Schmalzgr.
1660 1758 1721 1821 h.
1763 1758 1864 1822 tit.
1899 1780 1959 1823 n.
2001 1760 2152 1823 275.
2187 1761 2251 1824 et
2295 1760 2479 1844 longe
2511 1761 2793 1843 probabi-

325 1857 445 1921 lius
475 1857 790 1923 affirmant
818 1858 955 1922 DD.
989 1857 1178 1922 Ratio
1227 1859 1375 1941 quia
1413 1877 1491 1924 ss.
1521 1857 1801 1925 Canones
1846 1862 2190 1946 generatim
2238 1865 2301 1927 et
2342 1862 2792 1928 indiscrimina-

327 1960 439 2024 tim
471 1960 856 2026 detestantur
886 1962 951 2026 et
980 1960 1251 2044 puniunt
1303 1961 1652 2026 simoniam.
1710 1963 1910 2045 Atqui
1948 1967 2188 2029 certum
2229 1966 2344 2042 est,
2401 1965 2585 2047 pacta
2625 1966 2787 2030 circa

320 2063 627 2143 beneficia,
667 2064 915 2148 propria
963 2064 1339 2130 auctoritate
1376 2065 1554 2142 inita,
1599 2066 1853 2131 tametsi
1902 2069 2150 2131 tantum
2201 2070 2419 2133 contra
2463 2068 2665 2153 legem
2697 2087 2789 2133 ec-

317 2167 744 2244 clesiasticam,
808 2166 1091 2232 damnari
1139 2169 1213 2232 ut
1260 2166 1641 2232 continentia
1708 2168 1915 2233 labem
1981 2169 2303 2235 simoniae.
2369 2170 2504 2234 Imo
2575 2171 2786 2253 aperte

316 2289 390 2335 ss.
424 2267 709 2336 Canones
747 2289 883 2334 eam
922 2288 1168 2353 quoque
1205 2269 1747 2353 comprehendunt,
1784 2290 1944 2353 quae
1993 2273 2090 2336 est
2124 2269 2281 2335 iuris
2310 2272 2563 2336 tantum
2594 2273 2785 2337 eccle-

314 2374 566 2439 siastici.
604 2373 705 2437 Ita
753 2371 1043 2438 Urbanus
1081 2373 1197 2437 III.
1232 2373 1297 2437 in
1345 2392 1477 2456 cap.
1535 2373 1902 2454 Quaesitum
1949 2375 2010 2437 5.
2058 2371 2160 2437 De
2205 2392 2420 2436 rerum
2464 2378 2786 2453 per-mutae

316 2476 506 2541 tione:
565 2500 604 2535 ‹
642 2474 1031 2541 Generaliter
1074 2475 1286 2558 itaque
1332 2477 1563 2552 teneas,
1620 2475 1786 2557 quod
1832 2471 2355 2540 commutationes
2405 2476 2784 2558 praebenda·-

312 2598 445 2644 rum
481 2580 558 2645 de
598 2580 734 2644 iure
778 2578 913 2643 fieri
974 2597 1097 2643 non
1150 2581 1431 2662 possunt,
1472 2578 1837 2662 praesertim
1885 2579 2176 2661 pactione
2215 2579 2575 2662 praemissa,
2622 2598 2782 2661 quae

310 2682 463 2747 cirea
509 2681 871 2767 spiritualia
918 2681 1017 2746 vel
1049 2699 1316 2745 connexa
1356 2681 1808 2764 spiritualibuS‚
1843 2681 2047 2745 labem
2078 2699 2320 2764 semper
2349 2680 2666 2745 continent
2698 2682 2782 2745 si—

309 2786 549 2850 moniae
587 2810 650 2849 ».
683 2784 767 2848 Et
798 2804 931 2868 cap.
975 2781 1132 2849 Cum
1163 2782 1313 2847 olim
1353 2784 1411 2847 7.
1448 2782 1579 2847 eod.
1623 2783 1723 2846 tit.
1761 2783 2156 2847 Innocentius
2190 2783 2329 2847 HL:
2370 2805 2406 2840 «
2437 2780 2596 2847 Cum
2632 2800 2780 2868 ergo

307 2888 477 2954 nobis
525 2889 867 2967 constaret,
902 2887 1066 2971 quod
1098 2888 1229 2971 ipse
1276 2887 1349 2952 B.
1385 2906 1568 2952 suum
1606 2886 1994 2970 praestiterit
2039 2886 2488 2970 permutationi
2533 2906 2783 2952 consen-

309 3009 460 3069 sum,
499 2991 863 3077 praedictus
896 2993 1107 3056 autem
1153 2990 1455 3076 magister
1501 3008 1686 3055 suum
1734 2990 1980 3072 publice
2018 2988 2320 3054 fateretur
2356 3009 2665 3065 errorem3
2715 2993 2780 3055 et

305 3094 462 3158 hunc
492 3094 934 3179 praepositura
967 3094 1030 3157 et
1064 3092 1245 3157 illum
1279 3092 1784 3158 archidiaconatu
1824 3093 2181 3157 curavimus
2212 3092 2479 3175 spoliare
2503 3116 2565 3155 ».

390 3195 624 3261 Subdit
655 3196 862 3260 tamen
900 3194 1317 3272 InnocentiuS,
1349 3194 1533 3259 licere
1564 3194 1869 3278 Episcopo
1900 3195 2146 3258 mutare
2176 3211 2468 3277 personas
2506 3196 2622 3259 etc.
2657 3194 2776 3259 Sed

304 3301 371 3366 de
402 3302 523 3380 his,
565 3300 679 3366 ubi
716 3300 789 3365 de
822 3299 1129 3365 beneficiis
1162 3318 1498 3381 eorumque
1537 3299 1996 3382 permutatione
2027 3298 2090 3362 in
2139 3299 2321 3362 tract.
2372 3298 2447 3361 de
2496 3296 2779 3362 Statibus

295 3401 820 3484 particularibus.

384 3506 502 3571 Est
536 3507 606 3571 et
637 3504 902 3570 simonia
923 3503 1109 3569 realis
1139 3504 1204 3568 in
1240 3502 1458 3567 officiis
1491 3503 1922 3567 ecclesiasticis
1956 3521 2115 3585 quae
2146 3502 2510 3581 3ρὶήὴιαῖτά
2533 3521 2776 3565 censen-

302 3608 420 3685 tur,
456 3608 751 3692 spectant
773 3626 989 3690 nempe
1015 3605 1091 3671 ad
1117 3625 1322 3670 rerum
1348 3605 1772 3688 spiritualium
1806 3604 2435 3668 administrationem:
2468 3604 2774 3669 eiusmodi

302 3713 443 3775 sunt
478 3710 691 3775 officia
725 3707 935 3792 leyatz‘,
976 3708 1218 3782 vicarii,
1258 3705 1658 3782 coadiutoriS,
1692 3706 2018 3784 sacristae,
2058 3705 2413 3785 cappellani
2441 3709 2587 3781 etc.;
2613 3726 2774 3789 quae

303 3813 503 3878 officia
554 3813 610 3878 si
660 3832 848 3888 emaS,
890 3811 1220 3877 simoniam
1266 3810 1420 3874 iuris
1468 3809 1869 3874 ecclesiastici
1917 3809 2280 3887 committi8‚
2331 3810 2554 3875 saltem
2601 3812 2655 3875 si
2703 3830 2775 3876 ex

298 3914 372 3979 fis
409 3916 561 3993 sint,
591 3933 751 3998 quae
784 3934 819 3979 a
856 3914 1169 3998 potestate
1202 3912 1615 3978 ecclesiastica
1664 3910 2070 3977 conferuntur
2117 3913 2182 3975 et
2218 3912 2454 3978 clericis
2499 3913 2770 3996 quidem,

301 4037 419 4083 non
444 4018 633 4083 laicis
674 4018 860 4101 atque
914 4036 1035 4082 non
1091 4017 1240 4082 sunt
1278 4015 1637 4081 amovibilia
1672 4014 1747 4079 ad
1782 4015 2027 4079 nutum.
2080 4014 2324 4079 Poenae
2378 4016 2590 4079 autem
2634 4016 2772 4098 ipso

296 4117 457 4185 facto
505 4119 911 4185 incurrendae
956 4138 1068 4202 pro
1116 4119 1231 4182 tali
1279 4119 1543 4183 simonia
1588 4118 1799 4183 nullae
1831 4119 1982 4182 sunt
2014 4116 2101 4198 (n.
2138 4117 2340 4200 481.).
2375 4114 2467 4179 cf.
2502 4116 2774 4179 D’Anni-

294 4223 428 4289 bale
468 4224 591 4288 ΙΙΙ.
632 4223 777 4286 113.
813 4241 862 4286 s.
897 4221 1081 4305 Alph.
1116 4221 1233 4285 111.
1272 4221 1420 4285 112.

457 4576 751 4619 ΒΑΗ-κιαι.
770 4599 822 4609 -
843 4576 1009 4620 Horat.
1041 4576 1177 4619 Tom.
1206 4574 1275 4617 11.
2553 4574 2608 4615 25
