3497 5147
305 343 435 411 [353]
964 357 1401 399 memma-mn.
1440 359 1607 399 vana
1645 359 2072 401 onsssnvnurm
2651 344 2758 402 257

302 453 529 518 catione
577 453 875 519 adorandi
925 455 1295 532 creaturam,
1347 454 1475 518 sine
1521 454 1866 520 intentione
1914 455 2142 519 cultus.
2193 452 2285 519 Cf.
2338 454 2585 533 Suarez‚
2621 457 2663 519 l.
2702 477 2754 520 c.

312 576 357 619 c.
390 554 447 618 6.
482 576 543 619 11.
580 558 640 619 5.
677 556 710 593 *

399 712 577 764 xxm.
601 713 750 776 Resp.
773 715 822 764 9..
840 710 1117 765 idololatria
1144 720 1220 764 est
1244 712 1451 776 duplex:
1474 710 1567 763 alia
1597 710 1858 764 Mater-ielis
1883 710 1991 764 sive
2018 710 2263 774 simulata,
2297 718 2347 764 ut
2371 726 2481 765 cum
2510 712 2621 779 quis
2647 712 2755 767 sine

305 796 483 848 interno
510 798 704 859 affectu,
731 810 793 849 ex
821 803 952 849 metu
981 795 1169 859 mortiS,
1197 799 1380 849 cultum
1421 795 1554 847 idolo
1580 795 1796 848 exbibet.
1825 795 1931 848 Alia
1961 795 2199 849 Formalis
2225 809 2282 848 ac
2310 796 2507 862 propria
2537 799 2612 849 vel
2641 811 2758 863 per·

303 883 429 942 tecta,
459 888 510 932 ut
548 895 658 933 cum
685 880 797 946 quis
822 882 995 933 adorat
1019 880 1223 944 idolum,
1252 883 1382 945 quod
1422 895 1482 934 ex
1508 880 1797 934 infidelitate
1831 886 1969 946 putat
1995 894 2104 933 esse
2135 882 2316 934 Deum:
2347 882 2424 933 vel
2450 879 2754 947 imperfecta,

304 979 398 1017 cum
424 964 533 1030 quis
561 965 639 1018 vel
659 979 719 1018 ex
749 964 863 1017 odio
886 964 992 1026 Dei,
1018 966 1095 1018 vel
1122 980 1183 1017 ex
1206 968 1378 1017 affectu
1403 964 1584 1029 aliquid
1607 979 1632 1016 a
1656 966 1893 1018 daemone
1920 964 2078 1017 aliave
2100 971 2327 1017 creatura
2356 964 2624 1027 othnendi‚
2645 965 2758 1032 ipsi,

305 1049 429 1114 quasi
458 1052 577 1113 Deo,
603 1052 789 1102 cultum
818 1051 989 1102 desert.
1019 1050 1187 1114 Laym.
1220 1051 1251 1101 1.
1279 1064 1320 1101 0.
1348 1063 1408 1102 ex
1438 1064 1475 1101 S.
1507 1052 1625 1113 Aug.
1654 1056 1701 1101 et
1732 1063 1770 1099 s,
1799 1051 1893 1103 Th.

382 1176 499 1240 Res
536 1178 635 1241 est
670 1176 864 1240 clara.

1279 1332 1343 1397 U
1334 1334 1452 1395 nde
1499 1331 1786 1396 resolve-5¹.

400 1506 587 1559 XXlV.
618 1508 667 1557 ⁴.
696 1502 977 1557 ldololatria
1003 1503 1261 1569 aliquando
1290 1501 1599 1566 coniungitur
1635 1516 1745 1555 cum
1771 1501 2059 1557 infidelitate
2086 1506 2165 1556 vel
2194 1504 2399 1567 haeresi,
2428 1519 2536 1558 cum
2571 1505 2759 1559 scilicet

301 1596 511 1641 uentura
552 1590 754 1641 adorata
792 1587 841 1641 in
879 1586 1127 1641 intellectu
1169 1589 1377 1640 habetur
1418 1600 1507 1652 pro
1545 1588 1669 1648 Dec,
1696 1586 1959 1651 aliquando
1999 1602 2109 1640 non.

398 1673 565 1726 XXV.
586 1675 636 1725 2.
657 1670 940 1725 idololatria
966 1671 1111 1725 etiam
1138 1668 1406 1724 materialis
1432 1677 1481 1724 et
1507 1672 1619 1723 fleta
1644 1677 1719 1723 est
1744 1685 1897 1733 grave
1925 1676 1974 1724 et
2003 1675 2210 1725 mortale
2235 1679 2492 1737 peccatum
2505 1687 2523 1739 3
2542 1672 2654 1738 quia
2686 1681 2760 1726 est

299 1759 461 1810 saltem
502 1755 807 1809 mendacium
847 1753 1173 1822 perniciosum
1212 1761 1261 1807 et
1299 1761 1469 1807 contra
1507 1754 1810 1818 religionem.
1838 1770 1984 1822 saepe
2023 1755 2169 1808 etiam
2206 1763 2376 1810 contra
2404 1756 2757 1811 contessionem

301 1840 410 1893 ndei
434 1847 699 1894 externam.
727 1842 902 1893 Sanch.
929 1841 962 1894 1.
998 1841 1041 1892 ⁴.
1070 1855 1113 1893 c.
1141 1840 1226 1891 37.
1257 1855 1303 1892 n.
1336 1841 1420 1891 21.
1448 1838 1595 1904 Mor,
1626 1841 1672 1891 1¹.
1702 1854 1748 1905 p.
1780 1842 1811 1891 Ι.
1839 1841 1888 1892 9.
1919 1855 1960 1893 c.
1997 1843 2073 1893 Η.

405 1926 591 1979 XXVI.
618 1927 666 1977 3.
691 1924 974 1979 Idololatria
1013 1924 1296 1991 imperim-,ta
1326 1925 1390 1975 ob
1420 1922 1652 1976 malitiam
1692 1923 1962 1977 voluntatis
1988 1932 2064 1977 est
2091 1933 2342 1990 peccatum
2370 1924 2587 1989 gravius,
2612 1940 2760 1991 quam

299 2012 522 2073 perfecta.
555 2011 613 2061 V.
642 2011 806 2074 Laym.
836 2010 869 2063 1.
898 2008 945 2062 «ί.
975 2016 1009 2061 t.
1042 2011 1125 2061 40.
1152 2024 1194 2060 c.
1226 2010 1274 2061 2.
1304 2011 1480 2061 Sancti.
1509 2009 1541 2060 Ι.
1569 2023 1613 2059 e.

379 2163 559 2238 353.
594 2168 628 2205 *
662 2166 759 2231 Ad
792 2166 998 2231 Resol.
1039 2166 1119 2227 1ιιι
1155 2164 1255 2229 Ita
1288 2161 1555 2228 Sanchez
1593 2164 1635 2226 1.
1672 2182 1722 2226 0.
1759 2182 1808 2226 0.
1845 2163 1950 2226 37.
1985 2183 2045 2226 n.
2083 2164 2187 2227 22.
2233 2163 2600 2229 Idololatria
2632 2166 2762 2230 sive

294 2269 544 2334 interior
593 2269 724 2333 sive
772 2267 1036 2332 exterior
1083 2266 1292 2350 potest
1338 2264 1691 2349 contingere
1748 2264 1979 2346 absque
2034 2264 2272 2329 haeresi
2320 2267 2383 2329 et
2436 2286 2579 2330 cum
2627 2267 2758 2331 illa.

295 2369 618 2457 Contingit
663 2390 807 2436 cum
854 2369 1111 2446 haeresi,
1162 2368 1407 2450 quando
1454 2366 1790 2431 idololatra
1836 2368 2023 2450 putat
2055 2370 2405 2432 creaturam
2440 2388 2476 2432 a
2524 2389 2588 2433 se
2620 2368 2763 2433 ado-

294 2474 490 2537 ratam
524 2492 661 2537 esse
699 2473 937 2537 Deum:
981 2472 1210 2554 absque
1242 2469 1498 2547 haeresi,
1533 2468 1779 2551 quoties
1812 2488 1935 2534 non
1968 2469 2163 2533 credit
2194 2489 2330 2533 eam
2370 2489 2498 2535 esse
2532 2471 2757 2549 Deum,

294 2576 428 2641 vult
471 2579 689 2642 tamen
737 2595 878 2640 vere
924 2575 1019 2639 illi
1065 2575 1361 2639 honorem
1408 2572 1687 2637 divinum
1735 2571 1986 2637 deferre.
2037 2571 2138 2636 Ita
2186 2571 2348 2636 clare
2396 2593 2444 2636 a.
2485 2572 2758 2638 Thomas

293 2697 348 2760 q.
385 2680 485 2742 94.
521 2699 586 2744 a.
621 2681 682 2742 3.
736 2678 811 2742 ad
856 2679 911 2741 1.
956 2675 1213 2757 Quando
1262 2677 1473 2740 autem
1522 2674 1880 2738 idololatria
1927 2677 2022 2739 est
2070 2675 2299 2757 absque
2347 2675 2603 2753 haeresi,
2654 2676 2759 2740 sed

290 2781 418 2845 sola
450 2781 747 2858 exterior,
787 2781 959 2845 nulla
1007 2798 1263 2845 censura
1299 2777 1671 2853 incurritur3
1722 2777 1872 2859 quia.
1916 2797 2130 2859 reapse
2177 2778 2349 2843 nulla
2398 2781 2602 2844 exstat
2648 2798 2759 2862 pro

288 2881 399 2947 hoc
429 2884 715 2959 crimine,
751 2884 824 2947 ut
854 2883 1036 2945 notat
1069 2879 1293 2946 Suarez
1328 2880 1370 2943 l.
1404 2900 1454 2943 c.
1490 2900 1548 2943 n.
1579 2881 1684 2942 20.

370 2985 465 3050 Ad
489 2986 711 3050 Resol.
743 2986 826 3048 2¹¹·
854 2984 1032 3063 Quod
1057 2985 1294 3048 Auctor
1318 2982 1470 3047 dicit
1500 2981 1926 3046 idololatriam
1949 2981 2162 3046 fictam
2185 3002 2316 3047 esse
2339 3003 2520 3065 saepe
2544 2986 2764 3048 contra

283 3088 740 3155 confessionem
763 3088 923 3166 fidei,
954 3087 1062 3152 alii
1088 3086 1303 3151 dicunt
1326 3085 1690 3169 simpliciter
1720 3103 1853 3148 esse
1884 3087 2100 3149 contra
2124 3085 2569 3150 confessionem
2600 3085 2761 3163 fidei,

286 3194 356 3255 ut
386 3191 626 3257 Suarez
661 3191 725 3255 et
754 3189 1076 3276 Laymann
1109 3190 1176 3253 11.
1212 3209 1296 3253 cc.
1333 3186 1449 3253 Sed
1481 3187 1546 3251 hi
1581 3188 1696 3251 hoc
1734 3187 2059 3270 peccatum
2091 3187 2155 3251 in
2181 3188 2536 3253 christianis
2569 3187 2765 3253 consi-

287 3292 525 3376 derant,
565 3294 681 3377 qui
728 3294 1016 3358 tenentur
1063 3293 1389 3375 praecepto
1437 3289 1820 3355 confitendae
1868 3288 2044 3353 fidei:
2078 3289 2317 3354 Auctor
2349 3291 2763 3356 universalius

286 3396 592 3479 loquitur,
629 3397 1043 3479 complectens
1090 3395 1281 3459 etiam
1328 3413 1378 3458 e.
1415 3414 1508 3478 gr.
1542 3391 1956 3475 Philosophos
2002 3393 2287 3521 gentileS‚
2336 3394 2445 3475 qui
2476 3395 2592 3458 hoc
2632 3414 2764 3477 pec-

286 3503 498 3566 catum
547 3500 738 3564 fictae
782 3497 1175 3563 idololatriae
1223 3494 1659 3560 admittebant.

372 3606 471 3670 Ad
503 3605 725 3671 Resol.
755 3605 839 3666 3¹¹¹
866 3603 1053 3668 Ratio
1103 3603 1215 3678 est,
1258 3601 1349 3665 ait
1380 3598 1703 3683 Laymann
1740 3599 1784 3661 1.
1819 3617 1872 3662 c.
1906 3618 1967 3662 n.
2001 3599 2086 3677 4.,
2122 3599 2260 3663 tum
2293 3598 2440 3680 quia
2479 3599 2595 3662 hoc
2629 3616 2764 3681 pec-

285 3710 499 3774 catum
550 3727 629 3773 611
675 3724 848 3771 mera
872 3705 1217 3770 voluntatis
1249 3702 1495 3767 malitia
1528 3700 1965 3779 committitur,
2000 3701 2109 3765 ubi
2141 3702 2204 3765 et
2234 3700 2434 3766 maior
2467 3700 2583 3764 Dei
2620 3718 2766 3764 con-

286 3811 568 3897 temptus
607 3810 894 3894 apparet:
929 3808 1097 3892 prior
1136 3806 1347 3871 autem
1380 3805 1458 3869 ob
1489 3804 1912 3889 ignorantiam
1945 3804 2154 3886 aliquo
2186 3803 2371 3869 modo
2405 3803 2762 3882 excusatum

284 3915 421 3978 tum
470 3914 631 3997 quia
690 3911 967 3993 aliquam
1028 3909 1221 3974 etiam
1283 3906 1748 3973 simulationem
1795 3907 1859 3971 et
1903 3906 2293 3972 mendacium
2355 3907 2765 3991 perniciosum

285 4014 545 4101 Deoque
585 4013 966 4080 iniuriosum
999 4012 1293 4077 continet.
1330 4011 1362 4048 *

371 4117 466 4184 Cf.
510 4117 843 4203 praeterea
889 4134 1047 4198 quae
1096 4112 1377 4179 dedimus
1416 4112 1491 4177 de
1532 4109 1813 4177 Caritate
1858 4131 1919 4175 n.
1956 4112 2129 4188 299„
2165 4130 2323 4193 quae
2371 4112 2491 4175 huc
2521 4128 2766 4192 quoque

286 4224 504 4291 referri
538 4223 831 4307 possunt.

456 4619 758 4661 Rammium.
789 4635 841 4645 —
876 4610 1042 4655 Moral-
1073 4610 1205 4654 Tom.
1239 4609 1308 4652 11.
2562 4603 2615 4644 17
