3497 5147
303 373 434 442 [389]
1114 384 1530 427 3101111301οΜ
1568 386 1843 428 ransom
1851 389 1929 427 nn
2646 377 2753 432 287

303 485 643 568 opinionem
677 482 754 547 ad
779 484 1104 567 sacrilegia
1128 486 1519 548 revocantem
1551 484 1864 565 quaslibet
1889 485 2022 549 voti
2052 486 2324 551 cuiusvis
2357 487 2752 552 infractiones

298 586 539 664 invexit,
580 604 769 668 quam
803 587 1127 668 propterea
1166 587 1363 650 etiam
1401 585 1673 650 Billuart
1718 586 1793 650 de
1824 586 2036 669 Reliq.
2077 589 2336 653 Dissert.
2382 592 2482 653 10.
2517 589 2753 653 fatetur

296 711 334 753 a
385 688 697 752 communi
738 688 1051 750 sententia
1102 687 1381 751 alienam
1425 707 1576 761 esse,
1636 691 1971 771 utcumque
2017 692 2149 773 ipse
2205 692 2476 774 excipere
2531 694 2750 756 votum

300 791 601 856 castitatis
650 790 965 865 maluerit,
1013 790 1220 853 minus
1270 790 1611 866 advertens,
1661 792 1996 857 cuiuslibet
2030 794 2261 876 privati
2290 795 2424 858 voti
2455 793 2754 858 conditio-

298 914 444 969 nem,
479 892 692 974 quoad
722 912 858 955 rem
887 892 1280 973 efficiendam
1324 913 1590 967 sacram,
1643 895 1891 959 omnino
1925 916 2134 978 parem
2167 898 2474 961 exsistere.
2509 897 2591 961 Et
2636 897 2753 960 hoc

300 996 533 1077 quidem
580 994 723 1058 inde
786 1013 1031 1076 quoque
1077 997 1295 1072 elucet,
1354 995 1518 1077 quod
1564 1015 1634 1059 ex
1684 998 1960 1061 omnium
2008 1018 2308 1063 consensu
2356 999 2749 1082 sacrilegium

298 1099 452 1162 circa
498 1116 793 1181 personas
838 1117 979 1160 vere
1015 1117 1232 1161 sacras
1278 1098 1697 1163 committitur
1729 1119 1849 1164 non
1883 1101 2086 1164 solum
2124 1120 2231 1184 per
2261 1103 2439 1165 actus
2471 1101 2752 1166 castitati

301 1200 627 1283 oppositoS,
654 1199 759 1263 sed
787 1200 977 1263 etiam
1003 1219 1111 1282 per
1135 1200 1474 1264 violentam
1498 1201 1560 1264 in
1594 1201 1761 1283 ipsas
1792 1221 2092 1267 manuum
2117 1203 2529 1268 iniectionem.
2553 1202 2752 1268 Nemo

296 1304 498 1367 autem
547 1302 732 1365 illum
778 1320 890 1366 ceu
922 1301 1233 1386 sacrilegii
1277 1321 1452 1366 reum
1483 1302 1724 1381 habuit,
1760 1304 1961 1385 quiin
2008 1323 2334 1387 personam
2365 1307 2610 1388 privato
2658 1325 2753 1370 ca-

297 1404 527 1468 stitatis
559 1404 709 1468 voto
751 1403 1098 1487 obligatam
1127 1422 1350 1467 manus
1380 1403 1675 1468 iniecerit.

374 1501 550 1575 389.
601 1504 1119 1585 Quandoquidem
1164 1523 1310 1569 vero
1356 1505 1430 1569 de
1478 1504 1703 1570 Suarez
1736 1507 2016 1572 doctrina
2065 1526 2264 1572 sermo
2311 1509 2546 1586 incidit,
2594 1509 2750 1572 illud

290 1608 513 1671 iuverit
546 1608 746 1672 obiter
790 1607 1064 1679 innuere,
1118 1626 1508 1689 nequaquam
1542 1627 1696 1690 opus
1729 1627 1860 1673 esse
1895 1610 2071 1673 illam
2111 1628 2355 1691 quoque
2391 1611 2616 1674 Eximii
2649 1610 2753 1675 do-

288 1710 478 1774 ctoris
529 1709 821 1792 amplecti
868 1709 1262 1785 sententiam,
1312 1727 1435 1790 qua
1482 1710 1729 1788 statuit,
1780 1713 2071 1774 naturam
2118 1729 2226 1775 seu
2260 1713 2590 1775 essentiam
2636 1711 2752 1775 sol-

286 1810 634 1875 lemnitatis
656 1814 947 1877 votorum
986 1812 1318 1876 consistere
1350 1812 1421 1874 in
1450 1812 1678 1875 virtute
1709 1812 2019 1876 irritandi
2053 1813 2354 1895 quosdam
2388 1818 2566 1878 actus
2595 1816 2752 1878 votis

282 1915 645 1977 contrarios
674 1932 800 1992 sen,
838 1914 912 1977 ut
943 1913 1072 1996 ipse
1110 1914 1391 1994 loquitur
1420 1913 1495 1977 de
1529 1913 1687 1978 Stat.
1728 1914 1940 1997 Reliy.
1973 1916 2080 1979 lib.
2119 1918 2177 1979 2.
2217 1936 2350 1999 cap.
2389 1917 2490 1981 14.
2525 1938 2585 1980 n.
2625 1918 2749 1993 10„

280 2017 357 2079 in
403 2018 471 2078 vi
514 2014 966 2080 inhabilitandi
1012 2035 1356 2095 personam
1414 2016 1503 2079 ad
1543 2016 1796 2095 effectus
1841 2017 2140 2099 quosdam
2187 2018 2473 2094 morales,
2535 2037 2752 2102 nempe

279 2118 610 2198 efficiendi,
649 2121 724 2183 ut
753 2118 1136 2183 sollemniter
1157 2117 1416 2201 professi
1465 2119 1592 2182 sint
1636 2120 1957 2202 incapaces
2004 2120 2405 2184 contrahendi
2434 2121 2753 2185 matrimo-

282 2220 453 2284 nium
488 2222 606 2284 aut
640 2220 995 2301 acquirendi
1044 2220 1384 2284 dominium
1421 2222 1533 2284 aut
1568 2220 1832 2285 firmiter
1869 2224 2225 2286 contractus
2254 2223 2531 2299 ineundi3
2573 2223 2753 2304 quasi

280 2323 518 2387 scilicet
549 2322 850 2387 sollemne
884 2323 1100 2386 votum
1133 2341 1263 2387 esse
1310 2326 1594 2403 nequeat,
1628 2323 1747 2387 nisi
1795 2324 1977 2388 hosce
2011 2323 2261 2388 effectus
2308 2326 2531 2407 pariat.
2581 2322 2752 2404 Quae

276 2426 531 2508 quidem
565 2424 779 2509 opinio
826 2444 966 2489 cum
1015 2424 1249 2489 solidae
1279 2426 1528 2508 cupiam
1572 2426 1804 2490 rationi
1848 2445 1971 2491 non
2004 2427 2314 2502 innititur,
2349 2429 2486 2491 tum
2533 2428 2752 2491 multis

271 2528 763 2594 difficultatibus
794 2528 858 2592 et
888 2526 1294 2593 incommodis
1326 2527 1522 2609 iisque
1554 2547 1675 2592 non
1706 2528 1946 2594 levibus
1978 2528 2242 2594 laborat.

353 2634 545 2699 Secus
579 2635 800 2715 itaque
835 2633 1223 2717 gravissimis
1272 2634 1410 2696 aliis
1460 2633 1813 2718 Theologis,
1848 2634 2194 2698 cuiusmodi
2227 2637 2374 2699 sunt
2403 2635 2591 2700 Mich.
2627 2636 2752 2700 Me·

264 2738 409 2803 dina
443 2738 625 2803 Trid.
662 2736 809 2821 Syn.
844 2736 1193 2821 theologus
1243 2733 1423 2800 Card.
1478 2736 1913 2812 Bellarminus,
1949 2736 2139 2801 Gabr.
2179 2737 2483 2819 Vasquez,
2537 2739 2747 2804 Ioann.

260 2842 447 2918 Azor,
488 2839 685 2904 Card.
737 2839 830 2902 De
876 2838 1072 2922 Lug0,
1114 2839 1205 2903 Io.
1252 2837 1589 2914 MalderuS,
1641 2841 1780 2915 etc.,
1828 2839 2033 2902 visum
2070 2841 2165 2903 est
2200 2839 2273 2903 de
2310 2840 2428 2905 hac
2457 2861 2522 2904 re
2554 2842 2753 2906 decer-

260 2942 568 3008 nendum.
625 2939 909 3022 Cumque
940 2960 1011 3004 ex
1059 2938 1628 3004 Constitutionibus
1666 2940 2043 3023 Apostolicis
2073 2942 2375 3006 inhabiles
2409 2942 2487 3005 ad
2531 2944 2751 3008 matri-

264 3046 555 3108 monium
609 3042 994 3125 reperiamus
1042 3041 1456 3106 Scholasticos
1503 3042 1638 3112 Soc.
1674 3043 1838 3115 Iesu,
1887 3043 2134 3125 insuper
2168 3063 2313 3108 vero
2347 3043 2749 3110 Coadiutores

260 3145 555 3211 Formati
582 3142 870 3208 eiusdem
900 3143 1229 3209 Societatis
1262 3163 1383 3208 non
1416 3145 1800 3209 matrimonii
1824 3146 2046 3222 solum,
2080 3146 2187 3209 sed
2210 3148 2481 3212 cuiusvis
2507 3168 2750 3230 quoque

256 3248 525 3312 dominii
553 3266 639 3311 ac
665 3245 1066 3328 proprietatis
1090 3245 1410 3328 incapaces
1427 3247 1835 3323 declarentur,
1862 3247 2009 3311 licet
2024 3249 2407 3331 simplicibus
2424 3251 2752 3315 dumtaxat

253 3353 419 3416 votis
454 3350 682 3415 eidem
730 3347 1025 3411 Societati
1059 3348 1379 3411 constricti
1412 3348 1656 3429 utrique
1688 3350 1845 3424 sint;
1883 3369 1955 3413 ex
2000 3350 2256 3415 adverso
2306 3355 2516 3416 autem
2540 3373 2753 3434 quam-

250 3454 431 3536 plura
465 3449 775 3531 exempla
806 3449 1109 3526 evincant,
1154 3448 1309 3512 alias
1344 3451 1489 3514 vota
1538 3451 1860 3514 sollemnia
1895 3451 1960 3515 in
1992 3452 2265 3516 Ecclesia
2297 3453 2477 3517 hosce
2502 3455 2752 3519 effectus

246 3558 481 3622 sortita
515 3573 662 3620 non
699 3551 917 3626 fuisse;
972 3570 1236 3634 pronum
1283 3554 1379 3617 est
1423 3551 1799 3629 concludere,
1844 3555 1972 3617 vim
2017 3555 2195 3619 illam
2242 3556 2544 3637 quosdam
2577 3559 2752 3621 actus

249 3658 553 3724 irritandi
606 3674 741 3720 non
788 3655 908 3737 ipsi
956 3654 1363 3719 sollemnitati
1422 3657 1710 3719 votorum
1759 3659 2102 3722 necessario
2149 3658 2405 3723 insitam
2459 3661 2520 3722 et
2566 3659 2755 3741 quod-

246 3762 551 3828 ammodo
608 3757 1011 3823 essentialem
1056 3757 1278 3834 inesse,
1330 3757 1437 3821 sed
1478 3758 1853 3822 extrinsecus
1898 3758 2014 3842 ipsi
2066 3759 2349 3825 advenire
2383 3780 2453 3826 ex
2485 3763 2753 3845 positivo

247 3864 499 3930 decreto
526 3858 882 3934 Ecclesiae,
909 3859 1084 3922 cuius
1111 3859 1214 3923 ius
1248 3861 1434 3923 estet
1465 3861 1762 3942 potesta8‚
1799 3861 1869 3923 ut
1895 3861 1984 3925 ait
2009 3862 2422 3929 Bellarminus
2448 3865 2520 3928 de
2546 3866 2750 3931 Matr.

243 3967 347 4031 lib.
386 3970 449 4030 1.
488 3984 645 4047 cap.
690 3962 819 4036 21„
870 3959 1175 4024 eiusmodi
1219 3967 1578 4026 contractus
1618 3962 1927 4044 leyitimos
1971 3964 2070 4028 vel
2115 3964 2476 4049 illcyitv'mos
2522 3968 2761 4034 decreto

242 4089 351 4136 suo
384 4067 704 4141 reddere,
734 4083 1007 4143 prorsus
1039 4061 1279 4127 habiles
1309 4063 1405 4127 vel
1434 4065 1746 4130 inhabiles
1793 4066 2139 4146 efficiendo.
2173 4069 2263 4134 Ac
2310 4090 2384 4135 ne
2431 4071 2590 4136 forte
2620 4092 2757 4137 con-

251 4175 490 4251 cludas,
554 4167 737 4234 nihil
790 4167 985 4250 igitur
1044 4184 1359 4248 superesse
1406 4168 1785 4249 [discriminis
1847 4172 2009 4236 inter
2070 4173 2286 4237 votum
2343 4175 2636 4239 sollemne
2684 4195 2755 4239 ac

253 4278 544 4360 simplex,
590 4271 709 4336 fac
740 4286 811 4331 ea
843 4267 1139 4345 conferaS,
1191 4287 1347 4350 quae
1383 4270 1675 4336 laudatus
1708 4273 2125 4340 Bellarminus
2173 4277 2250 4339 ad
2280 4276 2464 4341 finem
2499 4279 2756 4364 allegati

250 4377 495 4462 Capitis
547 4371 884 4456 sapienter
915 4389 1024 4453 pro
1077 4389 1246 4434 more
1292 4389 1405 4435 suo
1453 4373 1701 4439 disserit
1731 4377 1796 4440 et
1828 4395 1984 4458 quae
2016 4379 2202 4460 paulo
2235 4380 2379 4460 post
2410 4380 2752 4454 tradentur,

168 4507 171 4510 ¹
251 4483 351 4546 ubi
399 4483 481 4547 de
515 4477 737 4542 Voto.

332 4585 426 4649 Ex
468 4583 579 4647 his
617 4576 1045 4646 concluditur,
1082 4577 1481 4641 violationem
1517 4579 1833 4643 sollemnis
1869 4581 1998 4644 voti
2033 4581 2161 4644 sive
2194 4583 2255 4644 in
2289 4602 2379 4658 60,
2417 4586 2524 4665 qui
2548 4604 2755 4648 sacros
