3497 5147
772 400 881 454 486
917 415 1129 455 macr.
1150 413 1230 454 vr.
1252 411 1412 453 sacr.
1440 412 1504 451 11.
1530 413 1615 451 mc
1635 411 1914 455 sncunno
1934 412 2151 453 Panno.
2177 410 2506 454 pacamur.
2528 410 2661 453 oar.
2680 412 2762 454 111.
2785 412 2914 456 nun.
2943 411 3010 452 iv.
3040 395 3163 470 [6331

886 508 1074 562 ΧΧΧΙ.
1105 510 1155 560 6.
1181 509 1304 562 Cum
1331 509 1475 560 heres
1501 512 1720 560 teneatur
1743 509 1941 560 solvere
1970 515 2082 561 vota
2125 507 2273 560 realia
2312 506 2544 575 defuncti,
2573 522 2669 561 non
2702 513 2880 561 tenetur
2904 506 2948 560 vi
2970 506 3071 569 voti,
3091 510 3158 559 sed

775 607 834 646 ex
872 591 1083 659 iustitia5
1111 591 1256 646 sicuti
1284 599 1477 646 tenetur
1515 591 1610 644 alia
1649 590 1784 645 iliius
1821 591 2000 657 debita,
2042 595 2198 657 legata
2237 600 2329 647 etc.
2357 594 2571 647 solvere.
2601 593 2722 647 lbid.

866 714 1041 788 633.
1082 718 1386 783 Videlicet
1433 719 1627 795 heres,
1676 717 1806 783 sive
1852 718 2231 783 necessarius
2279 719 2364 783 sit
2395 719 2524 784 sive
2571 720 2957 797 voluntarius,
2984 720 3161 801 recipit

778 822 941 886 bona
988 840 1059 886 eo
1095 840 1274 886 onere
1306 820 1604 904 obligata.

865 926 993 993 Nec
1038 930 1246 1012 potest
1292 946 1519 992 vovens
1556 926 1910 1011 deobligare
1943 927 2225 992 heredem
2273 947 2310 992 a
2356 930 2504 994 voto
2542 929 2863 1013 implendo,
2907 928 3048 993 sicut
3070 945 3166 992 non

780 1031 987 1115 potest
1017 1031 1278 1094 eximere
1312 1030 1388 1094 ab
1422 1029 1560 1093 aliis
1592 1028 1816 1093 debitis
1848 1029 2174 1094 solvendis

866 1133 1138 1197 Tenetur
1174 1133 1347 1196 heres
1379 1132 1615 1196 solvere
1654 1132 1803 1195 vota
1850 1133 1994 1196 ante
2042 1132 2167 1196 alia
2212 1133 2315 1216 pia
2362 1134 2607 1219 legata3
2657 1135 2804 1217 quia
2845 1133 3032 1217 legata
3055 1133 3172 1194 sunt

778 1237 975 1301 libera
1013 1236 1076 1299 et
1132 1234 1409 1318 gratiosa
1457 1232 1618 1298 dona
1664 1233 1990 1298 testantis:
2032 1235 2262 1300 solutio
2311 1237 2521 1301 autem
2568 1237 2702 1302 voti
2761 1235 2955 1301 debita
2995 1234 3072 1298 est
3119 1251 3174 1296 ex

786 1337 1185 1423 obligatione.

871 1438 1276 1504 Praeferenda
1322 1440 1531 1503 tamen
1577 1440 1727 1503 sunt
1770 1439 1979 1504 debita
2011 1459 2081 1504 ex
2113 1439 2386 1519 iustitia3
2422 1441 2570 1524 quia
2602 1460 2830 1507 vovens
2873 1458 2986 1505 non
3019 1436 3179 1521 potuit

781 1544 931 1610 vota
975 1541 1194 1618 facere,
1249 1560 1408 1624 quae
1469 1541 1645 1606 bonis
1711 1541 1928 1606 alienis
1975 1541 2420 1626 implerentur:
2469 1543 2576 1609 sed
2621 1542 2927 1629 implenda
2969 1543 3091 1606 sunt
3126 1557 3180 1602 ex

783 1646 960 1711 bonis
991 1644 1187 1728 ipsius
1229 1644 1528 1709 voventis,
1562 1643 1702 1708 Non
1751 1646 1898 1709 sunt
1943 1646 2157 1710 autem
2201 1646 2362 1710 bona
2409 1646 2693 1711 voventis
2742 1666 2813 1711 ea
2856 1645 3020 1721 bona,
3061 1658 3183 1723 quae

785 1751 924 1816 aliis
962 1769 1034 1814 ex
1068 1749 1314 1815 iustitia
1346 1749 1663 1813 debentur.
1699 1747 1891 1813 Salm.
1925 1768 2059 1832 cap.
2098 1750 2156 1814 1.
2199 1769 2300 1814 nn.
2341 1751 2489 1814 124.
2528 1751 2677 1815 125.

876 1852 1067 1918 Addit
1096 1872 1144 1916 s.
1172 1851 1357 1935 Alph.
1391 1872 1449 1915 n.
1486 1851 1636 1915 215.
1672 1851 1920 1917 omnino
1946 1852 2297 1929 tenendum,
2331 1871 2454 1918 non
2486 1871 2666 1936 posse
2690 1855 2928 1936 patrem
2950 1851 3013 1913 in
3037 1851 3187 1911 morte

788 1976 897 2039 per
941 1956 1089 2021 vota
1134 1955 1409 2018 minuere
1436 1953 1789 2038 legitimam
1835 1953 2140 2030 filiorum;
2190 1954 2338 2037 quia
2373 1953 2658 2039 legitima
2686 1955 2824 2020 iure
2854 1954 3085 2018 debetur
3106 1967 3188 2012 nec

788 2057 1144 2125 voluntario
1181 2055 1388 2120 debito
1421 2058 1628 2139 potest
1659 2057 1910 2141 gravari
1953 2057 2140 2122 sicuti
2185 2075 2381 2140 neque
2410 2058 2637 2142 legatis
2674 2058 2869 2122 etiam
2912 2055 3037 2139 piis.
3065 2053 3191 2136 Ergo

788 2159 948 2226 solvi
978 2159 1201 2224 debent
1231 2159 1379 2222 vota
1411 2176 1533 2222 non
1565 2158 1816 2240 quidem
1847 2179 1919 2223 ex
1949 2159 2199 2224 cumulo
2231 2159 2432 2225 totius
2455 2158 2842 2236 hereditatiS,
2877 2157 2975 2223 sed
3004 2176 3067 2221 ex
3093 2172 3192 2238 por·

789 2263 978 2338 tione,
1011 2261 1086 2326 de
1117 2279 1241 2343 qua
1287 2260 1606 2344 disponere
1642 2261 1831 2325 libere
1878 2263 2161 2344 parentes
2185 2263 2465 2345 possunt.
2499 2260 2640 2327 Vid.
2676 2260 2899 2327 Sanch.
2925 2261 2992 2324 in
3024 2252 3199 2323 Decal.

790 2366 899 2430 lib.
934 2366 995 2428 4.
1035 2382 1169 2446 cap.
1207 2363 1309 2427 15.
1343 2383 1403 2427 11.
1432 2363 1538 2427 38.

879 2466 1124 2532 Dicitur
1153 2466 1225 2528 in
1254 2470 1448 2528 morte
1459 2485 1482 2542 ,·
1520 2465 1667 2547 quia
1698 2465 1862 2530 sicut
1893 2467 2167 2530 modicas
2199 2465 2564 2532 donationes
2596 2467 2659 2531 et
2689 2467 3093 2551 eleemosynas
3124 2477 3200 2544 per

787 2573 1114 2637 decursum
1143 2568 1342 2634 factas
1375 2567 1705 2652 prudenter
1753 2587 1825 2633 ac
1869 2588 1980 2652 pro
2027 2568 2211 2635 modo
2247 2569 2633 2635 substantiae
2665 2572 2728 2636 et
2762 2569 3062 2655 qualitate
3100 2583 3201 2649 per·

788 2694 995 2749 sonae,
1029 2691 1152 2737 non
1199 2673 1486 2736 tenentur
1516 2674 1801 2755 parentes
1832 2674 2192 2755 computare
2228 2672 2293 2737 in
2339 2676 2536 2757 parte,
2569 2673 2642 2739 de
2674 2694 2803 2758 qua
2843 2676 3134 2758 disponere
3153 2666 3206 2730 li·

794 2778 935 2841 bere
968 2777 1226 2858 possunt
1247 2773 1313 2838 in
1359 2775 1586 2849 morte;
1619 2773 1712 2837 ita
1760 2773 1814 2837 si
1846 2776 2134 2857 ageretur
2164 2773 2237 2839 de
2274 2777 2423 2841 voto
2455 2776 2626 2859 prius
2660 2776 2793 2841 iam
2831 2776 3012 2852 fact0,
3037 2769 3204 2837 eadem

788 2878 953 2943 ratio
1001 2875 1280 2941 habenda
1326 2876 1458 2940 eius
1506 2879 1686 2953 esset,
1739 2894 1810 2940 ac
1856 2875 2265 2942 donationum
2309 2896 2418 2961 per
2452 2877 2621 2942 vitae
2653 2877 3006 2954 decursum3
3050 2888 3206 2954 neque

793 2980 957 3045 enim
1002 2978 1122 3043 dici
1154 2980 1363 3062 posset
1384 2979 1603 3043 votum
1641 2978 1879 3041 factum
1911 2979 1981 3041 in
2013 2977 2244 3042 Morte.
2281 2978 2421 3043 Vid.
2455 2979 2676 3045 Sanch.
2709 2979 2787 3043 de
2821 2979 3023 3045 Matr.
3046 2976 3136 3040 lib.
3157 2971 3202 3034 6.
3357 2988 3358 3001 ’

798 3082 953 3165 disp.
1004 3081 1110 3145 36.
1160 3101 1219 3144 n.
1259 3081 1361 3144 11.

909 3224 1118 3276 ΧΧΧΙΙ.
1143 3223 1194 3274 7.
1222 3224 1404 3276 Eodem
1433 3224 1595 3285 modo,
1622 3221 1665 3275 si
1690 3222 2015 3276 communitas
2042 3221 2225 3289 aliquid
2253 3223 2406 3289 vovit,
2433 3222 2484 3277 in
2511 3225 2641 3290 quod
2668 3224 2855 3291 posteri
2885 3239 2981 3279 non
3004 3229 3214 3277 consense-

798 3315 926 3371 runt,
954 3322 1047 3360 non
1073 3313 1299 3360 tenentur
1323 3307 1372 3359 id
1403 3321 1606 3361 servare
1639 3306 1687 3360 vi
1714 3307 1834 3374 voti,
1868 3310 1954 3361 scd
1980 3306 2225 3361 interdum
2252 3308 2443 3362 ratione
2468 3307 2615 3376 pacti,
2640 3309 2814 3363 statuti
2842 3312 2922 3365 vel
2955 3314 3110 3372 longae
3129 3316 3214 3357 con-

800 3391 1087 3447 suetudiniS.
1119 3393 1180 3445 V.
1210 3394 1379 3456 Laym.
1409 3390 1489 3445 hic
1527 3406 1569 3445 c.
1599 3393 1651 3445 3.

887 3516 1063 3592 634.
1098 3521 1266 3585 Dum
1295 3518 1533 3584 Auctor
1564 3517 1715 3583 dicit
1753 3544 1788 3577 «
1821 3519 1884 3584 vi
1908 3520 2083 3599 pacti
2127 3520 2241 3584 aut
2267 3520 2493 3583 statuti
2536 3522 2649 3585 aut
2694 3518 3140 3585 consuetudim‘s
3179 3538 3206 3567 »

799 3625 992 3691 teneri
1039 3622 1551 3689 communitatem
1584 3640 1827 3686 servare
1860 3623 2026 3698 vota,
2061 3621 2296 3686 indicat
2342 3622 2549 3688 varios
2592 3624 2811 3689 modos
2846 3643 2886 3688 a
2927 3624 3059 3688 DD.
3083 3634 3224 3684 exco-

800 3729 1038 3812 gitatos
1063 3725 1138 3789 ad
1171 3724 1293 3790 duo
1326 3723 1725 3800 concilianda,
1760 3723 1824 3787 id
1855 3725 1951 3789 est
1978 3723 2046 3788 1⁰
2071 3723 2516 3807 obligationem
2540 3744 2611 3790 ex
2634 3725 2936 3810 religione
2969 3715 3222 3806 implendi

803 3831 1043 3904 votum,
1105 3846 1292 3910 quam
1338 3826 1777 3892 communitati
1820 3827 2171 3892 incumbere
2232 3844 2443 3892 omnes
2504 3827 2807 3893 fatentur:
2872 3830 2948 3893 20
2977 3820 3224 3913 generale

804 3930 1192 4015 principium,
1225 3928 1531 3993 neminem
1570 3929 1765 3994 teneri
1796 3929 1944 3994 voto
1980 3928 2259 3994 alteriuS.
3351 4000 3352 4005 ἵ

895 4033 1075 4098 Hanc
1102 4031 1527 4114 quaestionem
1560 4032 1794 4095 tractat
1809 4029 2034 4095 Suarez
2067 4029 2142 4094 de
2183 4030 2333 4096 Veto
2364 4031 2471 4096 lib.
2505 4033 2567 4096 4.
2595 4051 2728 4116 cap.
2767 4034 2826 4098 9.
2862 4037 2930 4098 et
2967 4030 3033 4096 1⁰
3062 4027 3232 4095 reiicit
3350 4032 3352 4151 4

805 4158 866 4202 11.
904 4137 963 4201 6.
998 4135 1369 4201 sententiam
1398 4133 1756 4210 dicentium,
1790 4134 1854 4197 in
1900 4152 2047 4197 casu
2094 4151 2217 4198 non
2267 4133 2533 4220 obligari
2579 4154 2772 4200 unum
2818 4138 2972 4200 voto
3006 4130 3234 4198 alterius

808 4240 914 4304 sed
946 4239 1146 4322 ipsam
1178 4256 1521 4321 personam,
1570 4236 1871 4300 moralem
1916 4235 2168 4309 scilicet,
2203 4236 2405 4317 qualis
2442 4237 2538 4301 est
2568 4238 3004 4311 communitas,
3041 4249 3233 4299 vovere

813 4342 878 4405 et
906 4340 1160 4423 implere
1191 4341 1443 4404 votum:
1478 4341 1615 4403 tum
1643 4337 1713 4400 2⁰
1735 4337 2090 4416 dicentium,
2124 4358 2183 4403 n.
2215 4339 2294 4415 7.,
2322 4357 2699 4405 successores
2731 4339 2997 4424 obligari
3023 4338 3082 4401 vi
3105 4329 3245 4420 pacti

809 4462 916 4507 seu
962 4442 1385 4526 promissionis
1417 4460 1574 4524 quae
1620 4440 1684 4504 in
1723 4440 2134 4506 universalem
2172 4460 2586 4508 successorem
2616 4442 2876 4507 transit:
2907 4445 3049 4506 tum
3073 4441 3140 4502 3⁰
3169 4435 3247 4499 di-

807 4544 1097 4620 centium,
1132 4565 1190 4607 n.
1228 4546 1310 4620 9„
1367 4544 1517 4607 haec
1564 4544 1711 4606 vota
1761 4542 2037 4628 obligare
2068 4563 2140 4608 ex
2169 4544 2631 4611 consuetudine.
2690 4544 2849 4610 Tum
2895 4562 3046 4609 vero
3092 4556 3251 4605 suam

805 4648 1004 4731 aperit
1035 4646 1434 4710 sententiam:
1490 4645 1642 4709 haec
1690 4647 1837 4708 vota
1884 4665 2006 4710 non
2054 4646 2330 4732 obligare
2377 4648 2628 4732 propria
2674 4647 3062 4733 obligatione
3109 4640 3244 4713 voti,
