3497 5147
641 327 710 382 18
1011 340 1225 381 macr.
1264 342 1317 381 v.
1358 339 1521 382 anor.
1558 340 1598 379 1.
1637 340 1722 379 Dm
1761 309 2136 380 ruamur-ris
2175 338 2364 379 From.
2404 338 2603 381 CAPUT
2640 340 2705 381 11.
2985 327 3106 403 [25]

640 444 715 490 est
753 434 992 501 professio
1031 435 1144 488 ssdei
1182 434 1401 489 exterior
1429 436 1505 489 vel
1533 449 1593 487 ex
1615 442 1874 501 praecepto
1900 433 2168 487 eliciendus
2193 440 2268 487 est
2298 440 2437 488 actus
2477 434 2679 488 alterius
2708 435 2919 500 virtutis,
2947 451 2995 491 v.
3024 454 3096 503 gr.

639 519 771 587 Spei,
797 519 1045 583 Caritatis,
1076 518 1419 581 poenitentiae,
1448 534 1571 584 quae
1609 521 1752 573 fldem
1793 525 2049 586 supponat,
2077 520 2256 572 Bonae.
2295 534 2374 585 qu.
2404 522 2453 572 2.
2481 534 2528 586 p.
2570 522 2617 572 2.
2660 521 2748 573 His
2785 521 2920 575 addit
2961 524 3104 577 Hurt.

639 612 806 658 contra
834 607 1008 658 Sancti.
1036 606 1085 657 6.
1112 607 1162 657 111
1197 607 1319 656 bora
1346 603 1518 657 mortis
1543 609 1591 656 et
1617 605 1668 656 7.
1698 608 1847 657 semel
1875 601 2148 669 quotannis.
2175 602 2300 657 Vide
2328 603 2467 656 Dian.
2497 619 2542 671 p.
2571 606 2620 657 3.
2648 610 2681 657 t.
2715 606 2797 657 13.
2825 620 2865 659 r.
2904 608 2978 659 19.
3003 609 3105 661 Hae

639 690 702 742 de
740 703 793 742 re
832 689 943 742 vide
984 690 1185 754 Propos.
1224 690 1269 740 1.
1297 691 1457 742 damn.
1488 690 1547 740 ab
1588 689 1727 741 Alex.
1761 690 1860 740 vu.
1884 695 1933 741 et
1972 690 2031 740 ab
2072 690 2232 740 innoc.
2264 689 2347 741 Xl.
2376 689 2581 754 propos·
2614 690 2695 741 46.
2728 690 2809 742 17.
2838 698 2886 744 et
2914 692 2997 745 65.

1670 875 1773 939 De
1797 877 2039 956 pueris,

728 1051 850 1125 25.
886 1053 1156 1119 Sanchez
1191 1051 1411 1117 Decal.
1445 1052 1553 1117 lib.
1582 1054 1641 1115 2.
1668 1071 1802 1135 cap.
1841 1054 1898 1116 1.
1935 1072 1994 1115 11.
2029 1053 2126 1116 3.:
2161 1052 2495 1117 «Infantes
2520 1053 2825 1137 baptizati
2855 1055 2920 1118 et
2941 1055 3102 1120 inter

636 1157 846 1221 fideles
878 1155 1122 1233 nutriti,
1164 1175 1306 1220 cum
1341 1155 1705 1238 perveniunt
1738 1154 1814 1218 ad
1863 1174 2047 1219 usum
2092 1155 2353 1219 rationis
2392 1175 2464 1219 ac
2492 1155 2636 1220 fidei
2666 1157 2964 1241 mysteria
2999 1177 3103 1222 au·

637 1260 820 1323 diunt
864 1259 928 1322 et
976 1257 1446 1340 apprehendunt
1489 1255 1674 1321 fidem
1720 1257 1819 1320 uti
1863 1258 2277 1321 necessarium
2325 1257 2402 1321 ad
2434 1258 2702 1323 salutem
2735 1277 2844 1323 nec
2875 1258 3103 1324 habent

638 1360 916 1443 aliquam
946 1359 1273 1423 dubitandi
1319 1360 1970 1437 rationem‚·tenentur
2018 1360 2236 1423 statim
2282 1359 2586 1424 credere...
2636 1361 2709 1423 In
2747 1361 2923 1443 praxi
2953 1381 3104 1427 nun·

639 1481 828 1545 quam
866 1461 1176 1545 contingit
1222 1462 1333 1526 hos
1381 1479 1602 1544 pueros
1640 1479 1772 1525 esse
1808 1461 1872 1524 in
1904 1480 2114 1537 mora;
2150 1481 2293 1525 cum
2324 1462 2397 1526 de
2445 1482 2508 1526 re
2553 1462 2728 1526 nulla
2765 1464 2970 1528 minus
3007 1483 3105 1530 co-

638 1566 862 1649 gitent,
895 1584 1085 1646 quam
1115 1564 1189 1628 de
1221 1563 1690 1629 contradicendo
1716 1564 1813 1627 vel
1837 1581 1978 1649 non·
1998 1563 2314 1629 credendo.
2341 1564 2430 1628 At
2459 1565 2592 1629 fieri
2622 1568 2849 1649 potest,
2877 1568 2951 1631 ut
2980 1587 3100 1632 non

639 1666 893 1731 eliciant
916 1669 1127 1731 actum
1159 1666 1302 1730 fidei
1334 1666 1606 1741 divinae;
1646 1665 1794 1747 quia
1825 1684 2007 1750 saepe
2038 1683 2159 1729 non
2184 1669 2614 1750 proponuntur
2643 1668 2768 1733 illis
2792 1670 2941 1734 haec
2972 1688 3102 1753 my-

637 1769 848 1846 steria,
907 1771 981 1834 ut
1027 1769 1192 1834 dicta
1241 1789 1277 1832 a
1323 1769 1474 1834 Deo.
1530 1767 1618 1832 At
1663 1768 1784 1832 nisi
1829 1768 1914 1832 sit
1968 1769 2130 1834 ratio
2196 1789 2443 1855 urgen8‚
2494 1790 2653 1852 quae
2707 1771 2985 1849 suadeat,
3036 1773 3100 1835 in

638 1871 736 1935 his
783 1872 987 1953 pueris
1035 1871 1483 1955 negligentiam
1530 1889 1786 1955 gravem
1833 1869 2042 1947 fuisse,
2093 1873 2466 1937 excusantur
2512 1872 2871 1957 ignorantia
2906 1873 3102 1938 invin-

638 1973 810 2037 cibili
846 1998 907 2036 ».

1616 2123 1718 2188 De
1757 2124 2137 2206 infidelibus.

727 2280 851 2354 25.
888 2284 1203 2349 Tenentur
1233 2283 1511 2348 infideles
1543 2302 1651 2348 seu
1683 2282 1979 2348 haeretici
2003 2283 2080 2346 ad
2112 2282 2315 2359 fidem,
2348 2283 2595 2366 quando
2626 2304 2724 2349 res
2756 2285 2898 2351 fidei
2936 2287 3102 2352 suffi-

635 2387 867 2452 cienter
882 2388 1031 2451 sunt
1054 2386 1427 2469 propositae.
1456 2384 1848 2450 Sufficienter
1879 2387 2091 2449 autem
2107 2386 2461 2470 propositae
2484 2388 2827 2466 censentur,
2854 2389 3099 2469 quando

636 2509 709 2554 ex
739 2489 1107 2566 rationibuS,
1142 2508 1220 2554 ex
1269 2488 1462 2571 signis
1511 2506 1691 2551 verae
1728 2488 2067 2571 religioniS,
2101 2507 2173 2551 ex
2218 2488 2536 2552 miraculis
2569 2491 2683 2553 aut
2720 2489 2858 2554 aliis
2885 2491 3099 2572 proba·

635 2593 933 2670 tionibus,
967 2593 1060 2656 ita
1092 2610 1191 2656 res
1217 2590 1538 2654 credibiles
1562 2592 1881 2672 apparent,
1921 2592 1996 2655 ut
2039 2595 2207 2656 recta
2254 2592 2416 2656 ratio
2449 2591 2659 2670 dictet,
2709 2592 2893 2658 fidem
2941 2613 3097 2676 quae

635 2696 1023 2779 proponitur,
1059 2713 1191 2758 esse
1223 2712 1435 2757 veram
1461 2695 1524 2757 et
1548 2695 1801 2770 sectam,
1829 2695 1927 2758 cui
1961 2694 2313 2770 adhereant,
2343 2694 2673 2777 prudenter
2704 2697 3099 2763 iudicandam

642 2816 773 2861 esse
804 2796 1048 2860 falsam.

724 2897 912 2977 Nota,
963 2897 1312 2962 cuiusmodi
1360 2899 1667 2963 certitudo
1715 2917 1846 2962 esse
1892 2898 2144 2974 debeat;
2192 2919 2340 2964 nam
2386 2899 2461 2964 de
2505 2901 2847 2966 moralibus
2895 2921 3094 2967 sermo

634 3001 747 3064 est.
786 2999 930 3064 Huc
974 3001 1257 3082 spectant
1289 3019 1449 3082 quae
1480 3001 1884 3083 disputantur
1915 3000 1989 3064 de
2019 3001 2272 3065 motivis
2305 3001 2607 3067 evidentis
2645 3004 3093 3071 credibilitatis.

634 3101 700 3167 Si
733 3102 1039 3167 certitudo
1074 3103 1226 3167 haec
1260 3121 1381 3167 non
1420 3102 1600 3176 adsit,
1634 3103 1834 3167 aderit
1864 3104 2075 3166 tamen
2107 3102 2270 3166 ratio
2303 3104 2515 3187 gravis
2553 3103 2881 3171 dubitandi
2911 3111 3099 3190 atque

635 3207 786 3271 adeo
834 3205 1183 3287 inquirendi
1215 3206 1290 3271 de
1320 3226 1467 3271 vera
1499 3207 1815 3291 religione.

618 3347 621 3348 ν
723 3309 881 3373 Heic
911 3308 1312 3374 memoranda
1347 3310 1532 3392 Prop.
1567 3310 1627 3371 4.
1664 3309 1740 3372 ab
1773 3310 1980 3373 Innoc.
2015 3308 2126 3373 XI.
2168 3309 2492 3375 damnata:
2540 3336 2576 3370 α
2614 3311 2710 3375 Ab
2733 3312 3096 3377 infidelitate

633 3412 1028 3477 excusabitur
1064 3411 1331 3475 infidelis
1364 3431 1486 3476 non
1516 3411 1762 3475 credens
1794 3409 2018 3475 ductus
2051 3413 2337 3494 opinione
2368 3414 2574 3478 minus
2605 3414 2907 3496 probabili
2939 3437 3000 3475 ».

614 3571 619 3575 .
725 3514 988 3579 Videtur
1018 3514 1170 3578 haec
1216 3514 1560 3596 propositio
1609 3532 1825 3577 ansam
1865 3514 2154 3578 habuisse
2210 3536 2282 3579 ex
2334 3515 2514 3580 dictis
2553 3513 2820 3578 Sanchez
2866 3511 3089 3577 Decal.

632 3618 739 3681 lib.
778 3620 837 3681 2.
879 3636 1011 3699 cap.
1051 3617 1108 3679 1.
1143 3637 1202 3681 n.
1246 3619 1305 3680 5.
1347 3621 1408 3680 et
1444 3616 1534 3678 6.:
1575 3640 1612 3674 «
1643 3614 1863 3680 Adhuc
1887 3617 2315 3700 explicandum
2338 3618 2552 3690 restat,
2580 3615 2824 3696 quando
2850 3615 3095 3680 dicatur

632 3719 783 3783 fides
823 3719 1199 3783 sufficienter
1246 3717 1598 3782 infidelibus
1644 3719 1984 3802 proposita,
2027 3721 2100 3785 ut
2145 3738 2266 3784 non
2298 3720 2524 3783 temere
2556 3719 2620 3781 et
2649 3718 3092 3802 imprudenter,

632 3819 739 3884 sed
750 3819 1101 3899 prudenter
1131 3819 1392 3884 credant
1421 3824 1482 3882 et
1511 3841 1642 3884 non
1678 3821 1981 3886 credendo
2010 3825 2278 3900 peccent.
2310 3821 2556 3884 Bannez
2588 3822 2652 3883 et
2681 3819 2980 3888 Ledesma
3011 3823 3098 3889 di-

631 3924 801 4000 cunt,
837 3940 959 3987 non
1000 3923 1280 3987 sufficere
1316 3926 1390 3987 ut
1423 3923 1551 3986 illis
1581 3924 1968 4007 proponatur
1997 3924 2388 4007 evangelium
2419 3924 2724 4005 tanquam
2771 3926 3092 4004 credibile3

631 4024 783 4089 bene
831 4025 1039 4089 tamen
1070 4029 1174 4089 sat
1203 4044 1352 4104 esse,
1388 4025 1441 4089 si
1472 4027 1857 4109 proponatur
1895 4026 2194 4107 tanquam
2226 4025 2430 4106 mayis
2466 4026 2780 4108 credibile,
2829 4030 2946 4094 etsi
2984 4049 3093 4094 sua

631 4129 799 4192 secta
833 4127 1140 4193 credibilis
1174 4146 1421 4209 quoque
1476 4129 1626 4211 ipsis
1682 4128 1986 4194 videatur.
2028 4129 2357 4192 Ducuntur
2412 4131 2643 4208 autem,
2695 4132 2840 4214 quia
2886 4132 3093 4195 lumen

631 4230 918 4294 naturale
966 4248 1087 4294 non
1136 4229 1351 4307 dictat,
1387 4231 1820 4314 quodcumque
1867 4230 2153 4295 credibile
2199 4250 2330 4295 esse
2369 4233 2904 4316 amplectendum3
2955 4251 3096 4297 cum

630 4333 1013 4396 contrarium
1061 4332 1261 4414 possit
1294 4351 1487 4413 aeque
1510 4352 1639 4397 esse
1670 4334 1992 4399 credibile:
2035 4333 2103 4396 at
2132 4332 2196 4397 in
2241 4354 2309 4399 re
2355 4335 2519 4400 tanti
2556 4332 2850 4400 momenti
2900 4333 3097 4398 dictat

628 4435 973 4499 necessario
1024 4434 1519 4517 amplectendum
1568 4436 1733 4517 quod
1765 4435 2118 4501 credibilius
2144 4439 2420 4520 apparet,
2454 4438 2600 4501 licet
2631 4437 2692 4500 in
2728 4435 2866 4498 aliis
2897 4437 3097 4500 mate-

625 4538 736 4600 riis
776 4536 970 4600 dictet
1003 4536 1157 4600 satis
1199 4555 1328 4600 esse
1362 4538 1653 4620 amplecti
1683 4538 1889 4606 minus
1921 4541 2303 4623 probabilem
2336 4544 2577 4626 partem
2608 4563 2668 4603 ».
