3497 5147
327 340 473 416 [799]
762 354 848 393 ms
873 311 1300 393 'onmoxnoma
1334 349 1641 391 numnam
1679 349 1906 392 nissam
1943 351 2012 391 m>
2047 348 2354 391 macoma
2683 337 2792 394 589

330 455 480 519 quod,
510 452 639 506 sicut
662 450 781 506 olim
803 451 855 503 in
880 450 1042 503 varias
1067 449 1200 502 orbis
1225 449 1395 515 plagas
1412 455 1466 501 et
1492 447 1541 502 in
1566 448 1719 514 ipsam
1744 447 2058 506 Germaniam
2095 447 2315 502 doctrina
2341 447 2526 506 Christi
2554 453 2784 508 translata

330 544 595 604 est-opera
633 535 966 600 Regnum-ium,
991 534 1059 588 ita
1096 532 1202 587 sine
1241 548 1409 588 eorum
1450 532 1670 587 subsidio
1709 540 1998 588 conservata
2037 533 2120 588 din
2161 547 2256 587 non
2283 533 2472 599 fuisset,
2497 538 2574 587 vel
2615 539 2789 590 saltem

328 622 487 676 minus
525 620 789 675 floruisset.
819 619 877 672 Et
916 618 1140 684 denique,
1178 633 1239 676 ne
1278 618 1602 681 Regularibus
1640 626 1923 671 succenseat
1944 617 2217 684 quisquam,
2257 619 2386 682 quod
2413 617 2667 684 privilegia
2697 634 2784 673 sua

329 715 572 769 tueantur,
611 705 861 760 sciendum
891 713 981 765 est,
1008 706 1137 769 quod
1177 703 1281 757 sine
1321 717 1561 756 consensu
1592 703 1734 756 Sedis
1762 703 2074 770 Apostolicae
2101 702 2162 756 iis
2188 702 2475 756 renunciare
2502 709 2585 756 aut
2609 704 2786 757 cedere

330 807 424 846 non
453 798 673 859 possunt,
705 797 756 843 ut
786 805 833 843 v.
861 790 942 842 lib.
974 792 1021 842 2.
1043 792 1226 841 decret.
1260 788 1383 841 titul.
1414 788 1498 840 43.
1530 786 1595 840 de
1623 787 1832 842 Arbitr.
1861 802 1968 854 cap.
1996 789 2045 839 5.
2074 787 2186 850 imo,
2227 787 2320 841 etsi
2360 788 2554 854 faciant,
2591 788 2785 842 irritum

328 880 434 930 fore
461 885 511 931 et
536 882 853 944 peccaturos3
892 874 1001 940 quia
1029 874 1254 927 iniuriam
1281 874 1516 930 inferrent
1539 872 1713 928 Ordini
1739 881 1786 926 et
1813 872 2061 927 Ecclesiae
2094 873 2199 927 toti.
2230 875 2367 926 Nunc
2403 875 2466 927 ad
2500 881 2782 938 argumenta

327 960 613 1015 Marcbantii
640 959 858 1014 breviter
884 962 1184 1025 respondeo:

438 1048 487 1098 l.
528 1047 679 1100 Atrert
726 1044 1066 1099 auctoritatem
1110 1043 1363 1097 cuiusdam
1409 1045 1459 1096 P.
1500 1041 1815 1109 Cappuccini,
1863 1043 1947 1108 qui
1994 1042 2406 1099 Parochianum
2451 1042 2785 1099 obedientem

326 1130 540 1197 scripsit.
582 1134 638 1184 Et
676 1129 788 1184 buic
816 1128 1007 1195 quidem
1048 1144 1123 1181 me
1162 1132 1306 1195 paulo
1347 1136 1455 1181 ante
1495 1135 1569 1180 sat
1609 1131 1787 1181 multas
1824 1142 2102 1193 gravesque
2140 1127 2454 1182 auctoritates
2492 1127 2784 1195 opposuisse

325 1216 569 1271 existimo.

437 1306 484 1354 2.
513 1301 609 1364 Ait,
636 1302 956 1366 quorumdam
988 1299 1337 1364 Episcoporum
1366 1298 1553 1365 praxim
1580 1314 1688 1352 esse
1715 1298 2007 1352 contrariam
2036 1313 2238 1364 eamque
2266 1297 2456 1351 fundari
2481 1296 2529 1350 in
2569 1296 2676 1350 iure
2705 1313 2781 1350 an-

327 1386 462 1451 tiquo
485 1394 533 1439 et
554 1400 685 1439 novo
705 1386 836 1438 Trid.
862 1387 946 1437 l.c.
962 1399 1082 1437 sess.
1108 1387 1189 1437 22.
1209 1391 1255 1436 et
1272 1399 1392 1437 sess
1417 1384 1500 1437 24.
1524 1383 1606 1436 ubi
1628 1382 1763 1444 dicit,
1787 1382 1940 1436 teneri
1964 1398 2355 1450 unumquemque
2376 1382 2644 1436 Paroeniae
2665 1398 2784 1435 suae

323 1469 575 1532 interesse,
613 1473 672 1523 ad
713 1471 1006 1524 audiendum
1045 1472 1249 1522 verbum
1287 1469 1375 1520 Dei
1401 1475 1450 1521 et
1488 1468 1760 1522 rudimenta
1801 1461 1942 1537 fldeig
1975 1472 2095 1522 baec
2121 1476 2281 1522 autem
2310 1467 2356 1521 in
2385 1467 2625 1535 plerisque
2666 1468 2787 1522 locis

327 1556 574 1610 ruralibus
600 1557 840 1608 docentur
872 1553 919 1606 in
948 1554 1117 1607 Missa:
1145 1569 1261 1616 ergo
1290 1553 1433 1605 etiam
1463 1554 1520 1606 ad
1550 1553 1743 1606 Missam
1773 1561 1978 1620 possunt
2005 1553 2250 1619 compelli.

436 1646 582 1708 Resp.
618 1643 661 1694 l.
688 1639 881 1693 Praxim
911 1639 1053 1693 istam
1080 1637 1255 1702 (sicubi
1291 1639 1385 1706 est)
1417 1653 1681 1706 paucorum
1710 1654 1818 1692 esse
1846 1647 1893 1691 et
1921 1639 2213 1692 contrariam
2236 1638 2376 1705 praxi
2401 1638 2646 1694 communi
2672 1638 2782 1707 Epi·

326 1741 602 1792 scoporum,
629 1725 676 1777 in
704 1723 932 1777 omnibns
962 1723 1124 1787 regnis
1150 1731 1199 1775 et
1227 1723 1493 1789 provinciis
1519 1730 1567 1776 et
1592 1723 1796 1790 insuper
1828 1723 2072 1778 praesulis
2097 1724 2287 1779 summi.

440 1816 487 1864 ⁶2.
515 1810 708 1864 praxim
747 1809 889 1862 istam
928 1823 1015 1861 nec
1044 1806 1235 1861 fundari
1272 1807 1320 1860 in
1360 1808 1468 1861 iure
1504 1808 1720 1873 antiquo,
1756 1824 1864 1861 cum
1893 1807 1963 1860 illi
1989 1806 2053 1873 (si
2090 1811 2220 1874 quod
2258 1807 2365 1878 fuit)
2407 1824 2490 1875 per
2527 1808 2780 1876 privilegia

326 1896 390 1950 sit
428 1899 713 1960 derogatum
752 1904 800 1948 et
838 1895 1146 1959 abrogaverit
1184 1896 1506 1959 consuetudo,
1545 1909 1631 1946 nec
1670 1893 1718 1947 in
1761 1910 1908 1948 novo,
1934 1896 2057 1947 Tum
2086 1894 2198 1960 qnia
2229 1893 2447 1949 Trident.
2480 1898 2571 1948 loc.
2600 1895 2682 1949 cit.
2714 1899 2780 1947 lo·

323 1984 517 2047 quendo
544 1983 603 2033 de
631 1980 946 2034 concionibus
973 1987 1021 2034 et
1052 1980 1314 2044 catechesi,
1344 1981 1524 2032 nullam
1554 1980 1666 2032 facit
1692 1980 1988 2033 mentionem
2019 1979 2191 2033 Missae
2218 1987 2266 2033 et
2294 1980 2340 2033 in
2369 1980 2658 2046 poenalibus
2685 1996 2780 2033 non

326 2067 461 2122 valet
495 2065 666 2124 illatio.
706 2068 829 2119 Tum
869 2064 979 2131 quia
1021 2064 1291 2118 Tridentiu.
1333 2079 1567 2130 expresse
1603 2063 1739 2118 addit
1777 2066 1928 2129 (quod
1971 2063 2298 2120 Marcbautius
2336 2064 2384 2118 in
2425 2080 2510 2119 sua
2550 2065 2780 2119 citatione

324 2150 524 2216 omittit,
564 2165 671 2204 cum
712 2159 872 2204 tamen
911 2152 971 2203 ad
1011 2165 1113 2204 rem
1142 2150 1402 2216 plurimum
1431 2149 1591 2211 faciat)
1620 2149 1671 2203 .ςὶ
1707 2147 1987 2203 commode
2008 2148 2138 2219 fieri
2167 2153 2357 2218 potest.
2384 2152 2510 2204 Tum
2537 2151 2652 2216 quia
2693 2166 2781 2205 nec

322 2236 452 2290 illam
480 2236 676 2303 quidem
706 2235 1069 2300 obligationem,
1100 2237 1257 2302 quoad
1280 2233 1557 2298 conciones,
1583 2250 1691 2288 esse
1714 2241 1956 2299 receptam
1979 2232 2191 2287 ostendit
2212 2233 2505 2287 universalis
2534 2235 2777 2287 Ecclesiae

321 2323 651 2388 consuetudo;
679 2335 737 2373 eo
777 2323 907 2387 quod
946 2324 1068 2373 forte
1106 2320 1398 2384 regulariter
1422 2319 1699 2374 commode
1736 2318 1862 2390 fieri
1891 2333 2006 2373 non
2030 2322 2260 2390 poterat,
2305 2327 2358 2371 ut
2398 2324 2532 2371 notat
2556 2321 2612 2374 C.
2642 2322 2779 2382 Lugo

327 2411 418 2459 loc.
445 2405 527 2460 cit.
560 2407 723 2471 Neque
749 2404 1033 2462 Catecbesis
1059 2403 1391 2458 communiter¹
1421 2407 1624 2458 docetur
1660 2406 1710 2457 in
1738 2405 1900 2466 Missa,
1938 2403 2028 2457 nisi
2071 2408 2194 2460 forte
2219 2404 2267 2456 in
2309 2403 2461 2470 pagis,
2501 2404 2584 2456 ubi
2620 2405 2781 2458 rarius

322 2494 619 2545 contendunt
660 2492 929 2554 Regulares
967 2505 1077 2543 cum
1116 2490 1348 2543 parochis
1388 2491 1448 2543 de
1476 2505 1527 2543 re
1568 2490 1829 2555 praesenti.
1859 2490 2079 2555 Denique
2105 2488 2289 2555 neseio,
2317 2502 2380 2546 an
2405 2503 2500 2544 non
2526 2488 2774 2556 Episcopi,

324 2580 389 2633 de
422 2577 601 2643 quibus
626 2576 861 2644 loquitur,
895 2591 953 2631 ex
982 2590 1184 2633 numero
1219 2581 1341 2631 forte
1367 2576 1464 2630 sint
1489 2592 1675 2639 eorum,
1704 2578 1765 2629 de
1791 2576 1969 2641 quibus
1999 2575 2110 2629 Pius
2139 2577 2200 2627 V.
2228 2573 2277 2629 in
2304 2576 2459 2639 Bulla,
2487 2573 2608 2630 Etsi
2630 2577 2779 2631 Men-

325 2658 649 2723 dicantinm,
688 2662 926 2727 queritur,
954 2663 1083 2726 quod
1115 2660 1206 2714 etsi
1233 2660 1462 2727 Episcopi
1488 2659 1696 2714 Ordines
1724 2660 2052 2712 mendicantes
2080 2659 2254 2713 merito
2282 2661 2445 2711 colere
2471 2666 2521 2711 et
2545 2658 2782 2712 adiuvare

323 2748 573 2807 deberent,
612 2762 706 2800 non
740 2750 897 2799 solum
937 2746 985 2799 id
1028 2746 1288 2810 negligant,
1334 2760 1498 2797 verum
1539 2745 1682 2798 ctiam
1718 2745 1923 2799 Concilii
1964 2745 2236 2799 Tridentini
2276 2744 2442 2798 verbis
2480 2744 2527 2799 in
2569 2761 2772 2811 pravum

317 2845 513 2885 sensum
553 2831 774 2893 detortiS,
818 2846 904 2884 eos
936 2829 1253 2883 incommodis
1292 2838 1339 2882 et
1378 2828 1827 2896 perturbationibus
1867 2830 2094 2882 afficiant.

430 2918 476 2969 3.
504 2914 634 2970 Citat
660 2919 857 2969 decreta
884 2916 1070 2982 synodi
1098 2915 1383 2970 Leodiensis
1408 2921 1457 2967 et
1484 2915 1825 2968 Namurcensis
1850 2915 2223 2980 subiungitque:
2255 2916 2395 2981 Quis
2417 2929 2551 2971 vero
2568 2916 2775 2972 audeat

314 3000 449 3057 haec
482 3003 828 3059 conmanere
863 3004 917 3055 et
952 3002 1145 3055 Patres
1184 3000 1347 3055 isti-ns
1382 2999 1611 3069 synodi,
1652 3000 1802 3054 inter
1837 3014 1974 3068 quos
2010 3000 2176 3059 multi
2209 3000 2464 3071 Theoloyi
2496 3000 2776 3067 fuerunt?

426 3088 574 3151 Resp.
608 3086 813 3141 Decreta
841 3085 933 3139 ista
962 3089 1031 3151 (et
1058 3085 1098 3138 si
1124 3100 1247 3150 quae
1281 3088 1402 3139 forte
1430 3091 1542 3138 sunt
1566 3083 1769 3155 similia)
1790 3084 2104 3149 intelligenda
2124 3100 2250 3151 esse,
2277 3101 2335 3139 ne
2361 3101 2471 3140 cum
2494 3095 2773 3153 contemptu

317 3169 506 3236 proprii
533 3169 742 3223 Parocbi
772 3169 967 3223 audiant
994 3173 1195 3223 Sacrum
1233 3179 1375 3223 extra
1419 3170 1730 3223 eumeniam:
1773 3178 1871 3229 aut.
1911 3170 1952 3222 si
1993 3186 2116 3236 quae
2154 3186 2348 3224 sensum
2390 3171 2535 3224 alium
2577 3173 2773 3232 babent,

317 3269 410 3307 non
451 3270 561 3308 esse
599 3263 790 3322 recepta
821 3257 896 3307 vel
927 3270 1016 3308 usu
1044 3258 1294 3318 abrogata.
1326 3256 1392 3307 lta
1418 3257 1580 3308 Auctt.
1607 3254 1709 3308 citt.
1736 3270 1979 3309 commun.
2020 3255 2191 3309 Videri
2224 3262 2383 3321 potest
2412 3256 2607 3309 Cardin.
2637 3258 2776 3320 Lugo

317 3342 347 3392 1.
369 3353 412 3391 c.
443 3341 645 3392 Barbos.
668 3346 716 3391 et
745 3341 901 3393 Zerol.
930 3341 980 3392 11.
1008 3355 1077 3392 cc.
1106 3346 1155 3391 et
1181 3338 1493 3403 dignissimus
1522 3343 1646 3392 lectu
1675 3339 1870 3394 libellus
1898 3339 2141 3393 Francisci
2171 3339 2373 3391 Pontani
2398 3338 2774 3393 Concionatoris

314 3423 451 3487 regii,
486 3423 630 3476 cuius
655 3423 854 3477 titulus:
883 3425 1161 3493 Responsa
1185 3422 1259 3475 ad
1284 3424 1535 3492 quaesita
1559 3422 1856 3478 cuiusdam
1879 3423 2146 3492 memorii
2169 3422 2417 3477 Praetati
2436 3426 2529 3476 etc.
2558 3437 2776 3477 excusus

314 3507 521 3574 primum
548 3508 736 3565 Gallice
764 3507 989 3573 Nancaei,
1012 3523 1137 3561 anno
1175 3509 1320 3561 1625.
1350 3514 1519 3573 postea
1549 3523 1666 3561 vero
1705 3507 1945 3565 latinitate
1983 3510 2192 3560 donatus
2230 3514 2279 3559 et
2319 3520 2523 3559 recusus
2552 3507 2772 3561 Viennae

316 3592 562 3655 Austria&
584 3592 715 3660 typis
729 3592 978 3647 Michaelis
1004 3592 1166 3655 Rictii,
1186 3607 1313 3647 anno
1345 3592 1493 3644 1634.
1518 3592 1653 3645 Mitto
1676 3591 1889 3644 rationes
1914 3599 2119 3653 ceteras,
2141 3591 2317 3657 quibus
2338 3590 2771 3655 frequentationem

313 3677 581 3731 earocniae
603 3677 729 3744 (sine
766 3678 1062 3741 obligatione
1102 3682 1284 3743 tamen)
1312 3677 1608 3745 persuadere
1635 3682 1865 3727 conatur:
1896 3690 2004 3728 cum
2033 3689 2157 3738 eam,
2199 3680 2366 3739 utpote
2406 3677 2658 3727 honestam
2686 3673 2769 3727 im·

313 3761 484 3827 primis
513 3769 659 3829 atque
686 3764 954 3826 decentem,
983 3762 1176 3816 minime
1209 3762 1504 3829 improbare,
1535 3763 1620 3814 sed
1649 3773 1903 3813 erroneam
1941 3766 2124 3812 tantum
2163 3757 2506 3811 conscientiam
2534 3757 2773 3824 impedire

309 3845 585 3901 intendam:
614 3863 673 3901 ne
698 3846 930 3901 videlicet
954 3862 1064 3901 cum
1093 3847 1412 3913 persuasione
1439 3844 1757 3910 obligationis
1785 3843 2105 3907 parochialia,
2136 3846 2214 3897 vel
2241 3857 2352 3896 cam
2379 3843 2768 3911 apprehensione

310 3933 498 3999 peccati
537 3933 851 3998 Regularium
890 3937 1068 3999 templa
1106 3937 1490 4000 frequententur.

396 4057 572 4135 799.
607 4062 721 4126 Est
759 4062 1039 4144 quaestio
1074 4082 1256 4145 penes
1294 4081 1406 4127 nos
1438 4062 1708 4137 inutilis3
1744 4061 2031 4143 quocirca
2063 4063 2125 4124 et
2157 4079 2205 4124 S.
2240 4059 2425 4142 Alph.
2459 4059 2662 4122 verbis
2694 4058 2769 4122 A.

309 4163 466 4228 nihil
512 4162 684 4227 aliud
733 4163 989 4240 addidit,
1037 4164 1157 4228 nisi
1204 4165 1368 4246 quod
1423 4188 1458 4223 ‹<
1489 4164 1861 4229 Benedictus
1898 4162 2068 4227 XIV.
2103 4162 2177 4226 de
2211 4160 2365 4244 Syn.
2399 4162 2441 4226 1.
2481 4161 2538 4224 7.
2575 4179 2624 4224 c.
2662 4159 2766 4223 64.

310 4286 367 4330 n.
412 4266 471 4329 7.
525 4265 796 4330 ostendit]
843 4264 1087 4346 (contra
1133 4265 1349 4330 Iuenin
1399 4267 1461 4329 et
1506 4266 1930 4350 Van-Espen.)
1977 4285 2139 4330 nunc
2184 4284 2306 4330 non
2354 4283 2483 4329 esse
2532 4263 2772 4348 obliga-

310 4368 542 4441 tionem
583 4367 871 4432 audiendi
918 4367 1177 4431 Missam
1226 4368 1288 4430 in
1337 4369 1628 4450 parochia
1652 4395 1714 4433 ».
1750 4370 1837 4432 At
1880 4368 2162 4432 doctrina
2193 4367 2267 4430 A.
2301 4367 2643 4431 necessario
2677 4366 2773 4431 est

307 4471 629 4544 retinenda
676 4490 786 4555 pro
837 4470 976 4541 aliis
1024 4470 1399 4554 regionibus,
1432 4470 1538 4533 ubi
1586 4490 1709 4535 non
1759 4470 1981 4535 desunt
2020 4469 2292 4534 anomali
2329 4469 2629 4547 homines,
2664 4470 2772 4550 qui

312 4576 423 4639 has
460 4574 606 4639 lites
638 4574 911 4639 excitant
943 4574 1005 4637 et
1051 4573 1276 4637 vexant
1321 4572 1746 4637 conscientias.
