3497 5147
708 344 820 400 620
1045 358 1256 399 Tutior.
1278 359 1358 399 vr.
1381 357 1543 399 sum.
1566 358 1647 399 ιν.
1665 359 1751 398 mn
1773 358 2018 406 Qunam
2037 359 2254 400 rame.
2279 358 2604 400 vacuom.
2623 359 2764 401 nun.
2784 360 2838 400 v.
3026 342 3182 419 [840]

1796 548 1959 612 Dus.
2001 548 2076 611 V.

849 681 968 745 Ad
999 684 1155 763 quid
1187 688 1516 747 teneantur
1545 684 1837 765 coniuyes
1868 703 2021 764 crya
2055 701 2121 746 se
2150 685 2363 745 mutuo
2393 683 2458 743 vi
2492 681 2677 744 huius
2694 682 3033 762 praecepti.

821 843 1056 896 xxxin.
1083 846 1229 910 Resp.
1263 845 1398 897 Uxor
1421 843 1469 895 in
1497 842 1575 906 iis,
1601 856 1725 909 quae
1754 849 1974 909 spectant
2001 844 2060 895 ad
2098 844 2273 906 domus
2309 840 2703 906 gubernationem
2728 848 2778 895 et
2804 844 2960 895 honos
2987 857 3170 907 ωσι-οε,

724 933 916 980 tenetur
952 927 1154 980 obedire
1181 926 1384 980 marito:
1413 926 1493 979 hic
1519 940 1639 979 vero
1679 940 1902 990 uxorem,
1930 941 2026 979 non
2064 933 2120 979 ut
2146 940 2356 989 servam,
2384 927 2468 978 sed
2497 933 2548 978 ut
2574 923 2754 978 sociam
2779 931 3010 979 tractare.
3030 925 3175 979 Ratio

719 1018 812 1075 est,
838 1010 950 1075 quia
977 1010 1182 1063 maritus
1212 1018 1286 1063 est
1309 1015 1457 1077 caput
1482 1018 1530 1063 et
1568 1024 1692 1063 uxor
1726 1013 2126 1063 commembrum.
2153 1011 2325 1085 §avan
2351 1024 2392 1062 c.
2423 1009 2507 1061 ⁴4.
2533 1024 2579 1061 n.
2607 1012 2692 1062 20.
2719 1010 2859 1062 Trul.
2887 1008 2994 1063 Fill.
3023 1017 3058 1063 t.
3086 1012 3175 1063 28.

712 1110 759 1163 p.
788 1101 837 1150 2.
863 1111 905 1149 c.
934 1100 983 1149 9.
1009 1112 1057 1162 q.
1085 1099 1132 1149 6.
1157 1112 1204 1149 n.
1235 1096 1352 1150 lu.
1378 1101 1428 1149 et
1464 1109 1639 1150 comm.

811 1213 991 1288 840.
1043 1218 1212 1297 Quae
1260 1219 1412 1282 dicit
1456 1217 1531 1281 A.
1581 1218 1644 1280 in
1682 1219 2097 1300 responsione,
2132 1219 2348 1300 utique
2394 1217 2762 1299 respondent
2806 1218 3174 1299 quaestioni,

717 1319 864 1399 quid
891 1320 1182 1403 coniuges
1205 1319 1468 1383 debeant
1499 1321 1563 1381 vi
1591 1318 1779 1382 hw'us
1804 1322 2159 1400 praecepti;
2185 1323 2253 1384 at
2276 1340 2397 1384 non
2422 1321 2512 1384 ita
2537 1320 2990 1399 Resolutiones,
3016 1342 3175 1404 quae

717 1421 1182 1502 amplectuntur
1214 1421 1417 1486 officia
1455 1441 1527 1485 ex
1559 1422 1698 1485 aliis
1747 1423 2063 1512 principiis
2110 1441 2218 1487 seu
2264 1423 2603 1506 praeceptis
2648 1423 3038 1505 profluentia.
3074 1422 3174 1489 Se-

721 1542 987 1604 quamur
1017 1525 1420 1589 nihilominus
1450 1525 1548 1603 A„
1582 1524 1761 1607 plura
1795 1526 2003 1589 tamen
2051 1525 2337 1590 reiecturi
2369 1525 2445 1589 ad
2475 1528 2554 1590 tr.
2582 1525 2656 1589 dc
2687 1526 3122 1590 Μἀένίηιοηίο.

1688 1698 1868 1765 Unde
1912 1699 2196 1764 resolves.

820 1838 1059 1892 XXXlV.
1091 1841 1137 1890 Ἰ.
1164 1837 1408 1902 Coniuges
1445 1843 1648 1904 peccant
1686 1839 1706 1889 t
1722 1878 1734 1889 .
1761 1835 1813 1890 Si
1840 1835 2002 1890 debita
2039 1836 2306 1892 intentione
2332 1853 2426 1893 non
2452 1842 2743 1893 contrahant
2766 1838 3167 1894 matrimonium:

711 1928 760 1978 9..
790 1923 832 1976 si
858 1922 961 1976 sine
987 1921 1347 1988 dispensatione
1375 1919 1763 1989 praetermittant
1795 1920 2226 1986 proclamationes:
2251 1925 2300 1976 3.
2327 1922 2369 1976 si
2406 1933 2759 1978 sacramentum
2786 1922 3084 1978 matrimonii
3118 1924 3168 1978 in

707 2013 839 2061 statu
877 2004 1065 2072 peccati
1102 2004 1323 2058 mortalis
1347 2004 1607 2071 recipiant:
1635 2006 1681 2058 4.
1712 2005 1755 2058 si
1782 2013 1979 2060 utantur
2016 2006 2326 2061 matrimonio
2359 2016 2531 2062 contra
2554 2015 2796 2074 naturam,
2825 2011 2902 2061 vel
2929 2011 3077 2062 modo
3101 2008 3170 2062 in-

709 2090 896 2154 debito,
925 2091 1003 2143 vel
1043 2104 1151 2143 cum
1191 2090 1409 2156 periculo
1448 2092 1679 2142 abortus:
1712 2091 1762 2143 5.
1792 2091 1834 2143 si
1860 2091 2077 2147 debitum
2103 2091 2208 2145 sine
2234 2092 2360 2145 iusta
2397 2106 2543 2146 causa
2584 2101 2780 2157 negent:
2806 2094 2858 2145 6.
2886 2091 2929 2145 si
2953 2107 3062 2146 cum
3089 2107 3170 2159 pe-

712 2176 872 2231 riculo
910 2173 1196 2242 pollutionis
1233 2181 1391 2227 tactus
1426 2175 1637 2227 habesnt
1671 2173 1960 2241 impudicos

800 2294 958 2367 841.
994 2297 1090 2362 Ad
1128 2299 1184 2361 1.
1224 2297 1317 2360 De
1347 2296 1690 2361 intentione
1727 2299 2148 2362 contrahendi.
2182 2297 2371 2362 Multi
2405 2300 2551 2363 sunt
2580 2298 2750 2377 fineS,
2801 2299 2908 2362 alii
2955 2298 3172 2362 intrin-

711 2402 854 2478 seci,
916 2401 1024 2465 alii
1080 2400 1402 2465 extrinseci
1465 2400 1651 2464 huius
1706 2402 2061 2465 contractus
2109 2403 2171 2465 et
2218 2401 2283 2464 hi
2328 2402 2628 2484 postremi
2671 2401 2933 2484 possunt
2978 2401 3172 2465 etiam

712 2524 843 2569 esse
890 2503 1085 2586 pravi.
1121 2502 1331 2566 Primo
1379 2501 1576 2586 igitur
1607 2503 1914 2582 tenentur,
1963 2522 2086 2567 non
2134 2503 2355 2568 habere
2401 2523 2664 2586 pravum
2708 2503 2890 2569 finem
2933 2504 3170 2568 extrin-

702 2627 930 2672 secum.

802 2707 1127 2773 Intrinseci
1159 2707 1307 2770 sunt
1344 2708 1408 2769 1⁰
1440 2706 1663 2771 habere
1696 2708 2099 2786 adiutorium,
2135 2709 2205 2771 2⁰
2229 2709 2452 2773 habere
2484 2709 2927 2773 successionem
2951 2708 3162 2791 proliS,

709 2814 780 2875 3⁰
809 2809 1147 2874 remedium
1186 2809 1731 2891 concupiscentiae.
1765 2809 1905 2874 Non
1938 2813 2033 2874 est
2064 2813 2273 2875 autem
2307 2812 2715 2876 necessarium
2763 2811 3026 2894 positive
3057 2828 3161 2875 eos

708 2912 1042 2990 intendere,
1083 2911 1187 2975 sed
1225 2912 1379 2975 satis
1410 2914 1523 2988 est,
1559 2913 1632 2975 ut
1666 2931 1790 2976 non
1837 2912 2240 2976 excludantur
2270 2914 2554 2996 positive,
2594 2913 2768 2977 iuxta
2801 2912 2950 2977 alibi
2996 2912 3163 2976 dicta

708 3015 813 3098 (de
845 3013 989 3078 Act.
1025 3013 1223 3078 Hum.
1256 3034 1316 3078 n.
1362 3016 1508 3077 116.
1543 3016 1740 3098 seqq.)
1774 3014 1846 3078 de
1883 3015 2224 3079 intentione
2255 3015 2574 3097 requisita,
2606 3017 2682 3080 ut
2712 3017 2887 3080 actus
2936 3016 3020 3080 sit
3050 3016 3164 3080 ho-

702 3119 933 3186 nestus.

799 3222 1140 3286 Extrinseci
1171 3222 1378 3305 plures
1409 3239 1540 3285 esse
1586 3219 1848 3302 possunt
1877 3219 2043 3301 iique
2080 3219 2345 3293 honesti,
2385 3224 2459 3285 ut
2488 3241 2547 3285 v.
2580 3241 2674 3305 gr.
2720 3239 3004 3303 reparare
3051 3221 3164 3286 ho-

708 3344 922 3390 norem
952 3325 1213 3408 puellae,
1263 3324 1462 3406 ipsam
1508 3321 1727 3386 tollere
1773 3341 1806 3386 e
1851 3321 2120 3398 miseria,
2155 3322 2462 3404 periculis,
2511 3323 2961 3400 vexationibuS,
3007 3322 3200 3387 inire.

707 3447 940 3511 pacem,
980 3427 1069 3491 rei
1101 3426 1472 3492 domesticae
1506 3423 1813 3508 angustiis
1837 3424 2155 3508 providere
2179 3424 2294 3489 etc.
2329 3425 2410 3488 Et
2434 3424 2680 3506 quidem
2711 3425 2965 3489 honeste
3002 3426 3160 3509 agiS,

704 3532 758 3595 si
802 3530 901 3596 vel
949 3531 1130 3595 unico
1166 3527 1375 3609 aliquo
1424 3546 1494 3591 ex
1526 3527 1623 3591 his
1669 3526 1896 3591 finibus
1926 3527 2213 3604 moveriS,
2261 3526 2594 3591 dummodo
2626 3526 2988 3592 intrinsecos
3033 3545 3161 3593 non

703 3634 1009 3699 excludas.
1045 3634 1117 3697 In
1150 3633 1229 3695 tr.
1265 3633 1474 3695 autem
1500 3629 1573 3693 de
1606 3629 1899 3694 Macrim.
1936 3649 2136 3695 sermo
2170 3630 2287 3694 erit
2323 3629 2471 3694 data
2510 3648 2693 3712 opera
2723 3630 3037 3695 habendus
3085 3631 3160 3696 de

696 3737 829 3801 eius
860 3736 1105 3800 finibus.

792 3837 1009 3915 Quoad
1042 3839 1103 3901 2.
1138 3838 1229 3901 De
1268 3836 1878 3920 proclamationibus
1912 3836 2004 3900 De
2042 3836 2158 3900 hoc
2188 3835 2295 3899 ubi
2326 3833 2400 3897 dc
2432 3834 2883 3898 Matrimonia:
2915 3836 3024 3900 ubi
3057 3855 3159 3919 ap-

702 3939 962 4023 parebit,
998 3941 1256 4023 urgente
1285 3939 1649 4004 necessitate
1683 3936 2015 4019 aliquando
2048 3939 2256 4003 omitti
2287 3957 2483 4020 posse.

790 4042 1006 4121 Quoad
1040 4043 1099 4105 3.
1142 4043 1232 4105 De
1261 4042 1661 4106 matrimonio
1702 4039 1964 4104 ineundo
1998 4039 2060 4103 in
2093 4043 2267 4104 statu
2290 4041 2551 4124 gratiae,
2585 4041 2747 4105 ratio
2781 4042 2973 4124 patet.

787 4143 883 4209 Ad
921 4145 981 4207 4.
1025 4144 1116 4207 De
1162 4162 1281 4207 usu
1312 4142 1604 4226 coniugii.
1639 4141 1968 4223 Triplicem
2016 4161 2229 4206 casum
2259 4143 2334 4207 A.
2361 4143 2678 4225 proponit;
2719 4142 2824 4206 sed
2871 4142 3031 4207 alter
3077 4146 3156 4209 ab

698 4246 893 4311 altero
926 4245 1254 4328 diligenter
1284 4243 1776 4328 distinguendus.

789 4347 954 4412 Nam
982 4344 1049 4412 1⁰
1079 4346 1245 4428 quod
1277 4344 1504 4409 dicitur
1534 4346 1607 4409 de
1626 4364 1742 4409 usu
1768 4346 2150 4412 matrimonii
2182 4348 2397 4411 contra
2429 4349 2738 4424 naturam,
2778 4347 2840 4411 id
2872 4350 3035 4413 certe
3059 4352 3156 4414 est

704 4454 1023 4536 peccatum
1070 4468 1279 4534 grave.
1329 4446 1654 4532 Contingit
1698 4449 1761 4513 id
1808 4469 1972 4528 vero,
2006 4451 2250 4531 quoties
2280 4450 2370 4514 ita
2407 4449 2608 4531 reipsa
2645 4449 2979 4514 effunditur
3014 4451 3158 4515 sub-

697 4556 933 4620 stantia
965 4551 1297 4629 seminalis,
1331 4552 1406 4615 ut
1434 4552 1751 4636 generatio
1784 4552 1956 4635 sequi
1988 4571 2110 4617 non
2141 4553 2356 4636 possit.
