3497 5147
573 320 643 373 12
969 334 1182 375 rnacvr.
1220 336 1275 375 v.
1316 334 1477 387 sacr.
1515 335 1558 375 1.
1594 333 1679 373 ma
1717 331 2090 374 vitamne-ns
2127 332 2315 374 mom.
2352 331 2552 374 carm
2589 335 2627 373 1.
2917 321 3025 393 [14]

1480 521 1657 587 Unde
1704 520 2120 586 resolvuntur.

680 670 764 721 lv,
803 672 843 721 l.
868 671 971 722 Non
1000 684 1169 723 omnes
1195 677 1420 723 tenentur
1446 672 1536 722 sub
1563 669 1757 722 mortali
1784 672 1904 721 haec
1932 668 2178 735 praedicta
2199 667 2325 722 scire
2350 668 2632 722 memoriter
2658 676 2741 721 aut
2767 683 2826 722 eo
2852 667 3025 721 ordine

566 756 651 803 aut
685 751 746 804 iis
787 752 966 819 verbis,
993 752 1173 819 quibus
1200 761 1566 822 proponuntur:
1593 756 1679 808 sed
1705 754 1867 819 quoad
1895 752 2166 805 orationem
2208 751 2526 817 Dominicam,
2557 752 2686 806 scire
2709 753 2870 806 omnia
2897 755 3021 806 bona

568 839 771 902 petenda
812 852 921 891 esse
962 853 987 891 a
1018 840 1137 901 Deo,
1164 854 1289 905 quae
1320 845 1396 893 est
1421 838 1526 892 eius
1552 853 1766 903 summa,
1792 840 1953 903 quoad
1980 840 2265 902 Symbolum
2308 852 2447 903 vero,
2471 844 2730 904 praecepta
2769 840 2818 891 et
2856 841 3025 892 Sacrae

566 928 744 986 menta,
767 922 959 981 sufflcil.
987 922 1028 975 si
1050 923 1161 989 quis
1178 930 1379 988 rogatus
1399 925 1461 976 de
1481 922 1684 986 singulis
1706 930 1839 976 recte
1866 924 2175 989 respondeat.
2198 923 2375 975 Bonae.
2396 924 2566 987 Laym.
2589 925 2619 975 l.
2642 937 2689 975 c.
2709 937 2752 975 c.
2775 925 2824 976 9.
2846 925 3021 976 Sancb.

565 1008 596 1057 l.
627 1008 674 1059 2.
700 1020 744 1058 c.
775 1008 823 1059 3.

659 1128 761 1202 14.
789 1133 961 1198 Haec
984 1137 1078 1200 est
1101 1154 1308 1200 crassa
1333 1136 1494 1200 ratio
1520 1134 1753 1199 sciendi
1774 1135 1838 1198 et
1861 1133 2065 1215 quoad
2097 1133 2516 1198 substantiam
2553 1135 2823 1210 tantum,
2857 1133 3027 1198 vide·

564 1234 710 1299 licet
749 1238 821 1299 ut
859 1236 1173 1319 praedicta
1204 1238 1343 1319 quis
1390 1257 1512 1302 non
1559 1237 1717 1301 sciat
1748 1236 2108 1300 memoriter
2155 1238 2266 1300 aut
2312 1254 2384 1300 eo
2433 1236 2642 1302 ordine
2676 1239 2789 1302 aut
2825 1236 3026 1301 verbis

564 1340 662 1418 iis,
690 1342 915 1423 quibus
948 1344 1208 1426 proponi
1246 1344 1467 1419 solent,
1501 1344 1704 1408 multo
1735 1344 1943 1407 minus
1977 1342 2133 1407 sciat
2164 1361 2379 1406 eorum
2402 1344 2709 1408 rationem
2740 1344 3020 1410 reddere:

565 1443 670 1507 sed
701 1445 912 1509 tamen
943 1445 1154 1511 valeat
1184 1448 1443 1530 rogatus
1476 1445 1840 1528 respondere
1871 1447 2034 1510 recte
2064 1434 2255 1520 iniis,
2291 1462 2449 1527 quae
2479 1446 2790 1530 pertinent
2820 1446 2898 1511 ad
2933 1465 3023 1511 es-

560 1547 822 1611 sentiam
856 1548 965 1624 rei,
999 1551 1187 1631 prout
1217 1549 1296 1613 ab
1332 1548 1605 1613 Ecclesia
1636 1547 2022 1630 proponitur.

651 1646 942 1715 Ceterum
966 1651 1171 1732 quoad
1195 1650 1540 1716 doctrinam
1565 1651 1680 1714 hae
1703 1650 2081 1714 resolutione
2105 1651 2478 1727 contentam,
2511 1650 2812 1716 iudicium
2835 1670 3019 1717 suum

561 1751 651 1815 sic
681 1752 913 1835 profert
944 1772 994 1817 s.
1029 1753 1385 1835 Alphonsus
1416 1753 1523 1817 lib.
1566 1754 1626 1815 2.
1668 1773 1727 1816 n.
1764 1753 1855 1816 3.:
1899 1776 1934 1810 (ι
1966 1752 2081 1816 1166
2119 1755 2213 1815 est
2249 1751 2559 1818 conforme
2607 1752 2684 1818 ad
2729 1752 2812 1830 id,
2853 1753 3018 1835 quod

563 1854 822 1919 tradidit
859 1874 907 1918 a.
947 1853 1208 1920 Carolus
1240 1856 1653 1920 Borromaeus
1685 1855 1750 1918 in
1782 1872 1894 1917 sua
1928 1854 2335 1920 instructione
2360 1855 2437 1919 ad
2462 1855 2887 1934 confessariOS,
2911 1855 3021 1921 ubi

559 1960 791 2037 docuit,
819 1962 974 2026 satis
999 1980 1148 2038 esse,
1166 1962 1332 2044 quod
1353 1961 1562 2026 fideles
1586 1960 1771 2026 rudes
1795 1960 1995 2026 sciant
2027 1959 2225 2024 Credo
2249 1961 2471 2026 saltem
2496 1962 2559 2026 in
2583 1963 2937 2027 substantia
2953 1986 3014 2025 ».

669 2121 732 2173 V.
756 2124 803 2173 2.
825 2119 1066 2182 Quamvis
1091 2120 1155 2173 sit
1180 2128 1491 2188 praeceptum
1522 2120 1768 2175 Ecclesiae
1797 2119 2015 2173 discendi
2043 2119 2325 2173 memoriter
2350 2121 2636 2185 Symbolum
2664 2127 2712 2173 et
2733 2119 3014 2174 Orationem

564 2203 863 2258 Dominicam
890 2211 939 2257 et
965 2204 1316 2258 Salutationem
1343 2205 1622 2269 Angelicam
1651 2204 1870 2270 velitque
1897 2206 2042 2257 Barb.
2071 2218 2116 2270 p.
2145 2206 2192 2257 3.
2220 2218 2262 2257 6.
2292 2203 2376 2257 27.
2402 2219 2497 2257 11611
2525 2218 2634 2258 esse
2662 2207 3013 2258 absolvendum

558 2289 644 2355 qui
668 2292 731 2342 ob
758 2288 1100 2353 negligentiam
1127 2292 1205 2342 vel
1232 2289 1578 2342 verecundiam
1605 2304 1660 2342 ea
1692 2289 1946 2343 addiscere
1974 2302 2066 2342 non
2092 2297 2257 2356 curat;
2275 2291 2577 2342 consuetudo
2597 2296 2776 2352 tamen,
2803 2295 2855 2342 ut
2881 2295 3015 2342 notat

560 2376 737 2427 Navar.
763 2381 812 2426 et
838 2375 1015 2441 Lopez‚
1035 2372 1262 2441 exposuit
1287 2373 1632 2438 obligationem
1658 2389 1753 2427 non
1781 2387 1889 2427 esse
1913 2376 2037 2426 ultra
2081 2372 2295 2427 veniale:
2318 2372 2388 2426 uti
2414 2386 2502 2426 1166
2540 2379 2618 2428 est
2654 2377 2781 2429 ultra
2811 2373 3016 2436 veniale,

559 2458 749 2512 nescire
786 2461 945 2512 lacere
982 2473 1195 2524 crucem,
1222 2465 1274 2513 ut
1312 2460 1455 2513 docet
1491 2461 1708 2513 Sanchez
1746 2466 1914 2511 contra
1954 2459 2056 2523 syl.
2083 2457 2167 2522 qui
2204 2460 2349 2512 docet
2384 2472 2492 2512 esse
2530 2461 2745 2515 mortale.

649 2576 747 2651 15.
783 2581 1237 2664 Distinguenda
1270 2581 1518 2646 omnino
1556 2582 1652 2646 est
1691 2545 1880 2644 causa
1926 2579 2202 2664 Symboli
2235 2582 2300 2645 et
2329 2582 2790 2664 praeceptorum
2825 2583 3016 2647 Deca-

558 2683 689 2767 logi
722 2683 836 2747 aut
871 2682 1180 2746 Ecclesiae
1205 2701 1241 2745 a
1264 2701 1451 2747 cansa
1479 2683 1777 2748 orationis
1804 2681 2145 2747 dominicae
2169 2685 2233 2746 et
2257 2683 2571 2768 angelicae
2592 2684 3012 2750 salutationis.

645 2784 862 2864 Quoad
900 2783 1266 2869 Symbolum
1297 2787 1359 2850 et
1382 2788 1707 2868 praecepta
1739 2785 2038 2870 Deealogi
2070 2786 2220 2850 haec
2250 2786 2437 2851 habet
2467 2784 2694 2851 Suarez
2742 2786 2815 2851 de
2851 2787 3016 2851 Fide

557 2888 714 2970 disp.
760 2888 861 2951 13.
896 2891 1044 2952 sect.
1074 2889 1132 2951 5.
1160 2908 1220 2952 n.
1257 2889 1316 2952 8.
1364 2907 1439 2952 ex
1483 2888 1800 2954 communi
1831 2888 2158 2954 sententia.
2217 2913 2252 2947 «
2289 2886 2544 2953 Certum
2577 2891 2690 2967 est,
2737 2908 2859 2954 non
2883 2909 3013 2955 esse

558 2991 1006 3074 obligationem
1053 3011 1309 3076 gravem
1354 2991 1656 3056 retinendi
1703 2990 2002 3055 memoria
2057 2990 2244 3055 verba
2299 2989 2577 3075 Symboli
2627 2991 2726 3057 vel
2771 3011 3015 3077 praece-

559 3094 828 3177 ptorum,
880 3093 970 3157 ita
1017 3096 1091 3158 ut
1151 3093 1237 3157 sit
1282 3097 1602 3176 peccatum
1663 3092 1929 3157 mortale
1975 3092 2092 3156 hoc
2154 3092 2460 3157 omittere.
2525 3093 2608 3157 Et
2658 3095 2821 3161 ratio
2883 3114 3014 3161 esse

563 3197 770 3278 potest
815 3195 962 3276 quia
1010 3195 1110 3259 vel
1156 3195 1229 3259 de
1265 3196 1589 3278 praecepto
1636 3212 1763 3257 non
1810 3193 1965 3259 satis
2005 3195 2280 3257 constat:
2330 3195 2480 3276 quia
2524 3214 2634 3260 nec
2681 3197 2758 3260 ab
2805 3197 3014 3279 aliquo

559 3297 861 3363 Pontifice
892 3316 1001 3361 1166
1038 3297 1100 3361 111
1134 3297 1345 3378 aliquo
1378 3295 1636 3360 concilio
1669 3294 1945 3378 generali
1974 3295 2175 3359 latum
2216 3295 2532 3360 invenitur
2577 3296 2674 3359 vel
2711 3297 2858 3377 quia
2905 3296 3015 3360 alii

558 3418 840 3477 canoneS‚
881 3399 990 3482 qui
1020 3399 1094 3463 de
1126 3399 1241 3463 hoc
1271 3398 1633 3479 loquuntur,
1667 3397 1740 3461 de
1772 3397 2126 3462 substantia
2161 3397 2604 3482 mysteriorum
2641 3397 3015 3462 sufficienter

555 3503 996 3588 intelliguntur
1025 3503 1124 3566 vel
1156 3502 1317 3565 certe
1362 3501 1511 3582 quia
1556 3500 1820 3564 materia
1865 3500 1976 3563 illa
2022 3499 2176 3564 levis
2224 3502 2338 3578 est,
2373 3500 2426 3563 si
2457 3500 2686 3582 precise
2716 3500 2780 3562 in
2811 3499 3013 3563 verbis

556 3607 655 3670 vel
698 3607 764 3670 111
811 3625 1023 3670 eorum
1063 3603 1273 3669 ordine
1304 3602 1583 3667 sistatur.
1624 3601 1951 3668 Probabile
1999 3604 2094 3666 est
2142 3604 2373 3678 autem,
2407 3602 2460 3667 si
2506 3622 2578 3666 ex
2623 3619 2779 3684 pura
2821 3601 3014 3685 negli-

555 3707 767 3792 gentia
814 3708 928 3772 hoc
977 3706 1330 3783 omittatur,
1369 3723 1492 3769 non
1539 3723 1743 3770 carere
1791 3705 2002 3786 aliqua
2048 3705 2230 3788 culpa
2277 3705 2501 3770 saltem
2563 3703 2816 3778 veniali3
2865 3704 3015 3786 quia

555 3812 796 3892 praeter
832 3828 1112 3887 canoneS,
1154 3809 1263 3891 qui
1292 3808 1410 3873 hoc
1447 3807 1767 3873 insinuant
1795 3807 1970 3872 iuxta
2018 3826 2407 3873 communem
2452 3825 2636 3870 usum
2683 3805 3012 3886 Ecclesiae,

552 3912 698 3976 talis
729 3911 1111 3997 negligentia
1142 3912 1425 3975 censetur
1458 3910 1665 3989 aliquo
1697 3910 1882 3973 modo
1915 3910 2241 3991 culpabilis
2287 3911 2350 3974 et
2393 3908 2456 3972 in
2490 3908 2630 3972 aliis
2675 3909 3011 3992 aliquando

553 4014 914 4079 scandalum
961 4014 1236 4098 generat.
1280 4009 1346 4076 Si
1384 4030 1526 4075 vero
1575 4010 1713 4091 quis
1764 4010 2131 4076 mediocrem
2176 4010 2568 4096 diligentiam
2614 4011 2907 4078 adhibeat
2952 4016 3015 4078 et

553 4116 958 4181 nihilominus
1008 4116 1084 4181 ob
1129 4113 1482 4178 naturalem
1519 4112 1826 4177 defectum
1873 4114 1972 4177 vel
2015 4112 2493 4196 incapacitatem
2528 4115 2717 4179 verba
2752 4115 3013 4180 retinere

558 4237 682 4283 non
727 4218 943 4301 possit,
992 4216 1172 4281 facile
1218 4214 1451 4298 poterit
1498 4214 1575 4278 ab
1623 4214 1792 4279 omni
1837 4215 2018 4297 culpa
2058 4215 2333 4280 excusari
2380 4239 2444 4279 ».
2475 4217 2579 4282 Ita
2625 4220 2689 4281 et
2731 4215 3014 4280 Filliucci

555 4325 707 4386 tom.
745 4324 803 4384 2.
839 4322 918 4384 tr.
956 4320 1060 4381 22.
1096 4337 1228 4400 cap.
1264 4318 1323 4379 2.
1357 4336 1416 4380 n.
1452 4317 1557 4379 37.

644 4420 741 4493 16.
778 4421 955 4502 Quod
997 4422 1208 4485 autem
1241 4418 1467 4484 attinet
1501 4418 1577 4483 ad
1619 4419 1966 4483 orationem
2006 4419 2399 4499 dominicam,
2435 4420 2660 4485 Suarez
2692 4418 2766 4481 de
2795 4417 3008 4499 Reliy.

552 4531 704 4593 tom.
742 4527 801 4588 2.
835 4524 941 4587 lib.
978 4523 1037 4587 3.
1073 4521 1147 4586 dc
1195 4520 1368 4587 Orat.
1403 4541 1535 4604 cap.
1587 4521 1646 4584 6.
1699 4521 2012 4585 distinctis
2063 4523 2339 4586 thesibus
2379 4523 2623 4596 statuit,
2666 4519 3009 4585 orationem
