<?xml version="1.0" encoding="UTF-8"?>
<!DOCTYPE html PUBLIC "-//W3C//DTD XHTML 1.0 Transitional//EN"
    "http://www.w3.org/TR/xhtml1/DTD/xhtml1-transitional.dtd">
<html xmlns="http://www.w3.org/1999/xhtml" xml:lang="en" lang="en">
 <head>
  <title>
</title>
<meta http-equiv="Content-Type" content="text/html;charset=utf-8" />
  <meta name='ocr-system' content='tesseract 3.04.00' />
  <meta name='ocr-capabilities' content='ocr_page ocr_carea ocr_par ocr_line ocrx_word'/>
</head>
<body>
  <div class='ocr_page' id='page_1' title='image "./opustheologicum00ballgoog/opustheologicum00ballgoog_0615.png"; bbox 0 0 3497 5147; ppageno 0'>
   <div class='ocr_carea' id='block_1_1' title="bbox 676 322 3148 400">
    <p class='ocr_par' dir='ltr' id='par_1_1' title="bbox 676 322 3148 400">
     <span class='ocr_line' id='line_1_1' title="bbox 676 322 3148 400; baseline 0 -19"><span class='ocrx_word' id='word_1_1' title='bbox 676 322 785 381; x_wconf 72' lang='lat'>608</span> <span class='ocrx_word' id='word_1_2' title='bbox 994 338 1204 380; x_wconf 59' lang='lat' dir='ltr'>‘raama</span> <span class='ocrx_word' id='word_1_3' title='bbox 1227 339 1306 380; x_wconf 71' lang='lat' dir='ltr'>vn</span> <span class='ocrx_word' id='word_1_4' title='bbox 1330 339 1497 381; x_wconf 70' lang='lat' dir='ltr'>sinor.</span> <span class='ocrx_word' id='word_1_5' title='bbox 1526 340 1606 381; x_wconf 75' lang='grc' dir='ltr'>Π.</span> <span class='ocrx_word' id='word_1_6' title='bbox 1622 339 1706 380; x_wconf 72' lang='lat' dir='ltr'>mr.</span> <span class='ocrx_word' id='word_1_7' title='bbox 1728 338 1975 387; x_wconf 77' lang='lat' dir='ltr'>QUARTO</span> <span class='ocrx_word' id='word_1_8' title='bbox 1992 339 2213 380; x_wconf 59' lang='lat' dir='ltr'>suamc.</span> <span class='ocrx_word' id='word_1_9' title='bbox 2239 339 2568 381; x_wconf 64' lang='lat' dir='ltr'>precamen.</span> <span class='ocrx_word' id='word_1_10' title='bbox 2593 340 2737 382; x_wconf 76' lang='lat' dir='ltr'>mm.</span> <span class='ocrx_word' id='word_1_11' title='bbox 2761 340 2827 380; x_wconf 84' lang='lat'>11.</span> <span class='ocrx_word' id='word_1_12' title='bbox 3000 326 3148 400; x_wconf 81' lang='lat'>[825]</span> 
     </span>
    </p>
   </div>
   <div class='ocr_carea' id='block_1_2' title="bbox 678 435 3152 931">
    <p class='ocr_par' dir='ltr' id='par_1_2' title="bbox 678 435 3152 706">
     <span class='ocr_line' id='line_1_2' title="bbox 679 435 3144 519; baseline 0.002 -19"><span class='ocrx_word' id='word_1_13' title='bbox 679 454 808 500; x_wconf 66' lang='lat' dir='ltr'>esse</span> <span class='ocrx_word' id='word_1_14' title='bbox 839 454 949 518; x_wconf 90' lang='lat' dir='ltr'>pro</span> <span class='ocrx_word' id='word_1_15' title='bbox 983 435 1189 518; x_wconf 90' lang='lat' dir='ltr'>pueris</span> <span class='ocrx_word' id='word_1_16' title='bbox 1222 435 1471 519; x_wconf 76' lang='lat' dir='ltr'>spuriiS,</span> <span class='ocrx_word' id='word_1_17' title='bbox 1508 437 1584 501; x_wconf 88' lang='lat' dir='ltr'>ad</span> <span class='ocrx_word' id='word_1_18' title='bbox 1609 455 1713 501; x_wconf 88' lang='lat' dir='ltr'>eos</span> <span class='ocrx_word' id='word_1_19' title='bbox 1746 436 2097 501; x_wconf 90' lang='lat' dir='ltr'>liberandos</span> <span class='ocrx_word' id='word_1_20' title='bbox 2123 456 2160 501; x_wconf 88' lang='lat' dir='ltr'>a</span> <span class='ocrx_word' id='word_1_21' title='bbox 2198 436 2549 501; x_wconf 81' lang='lat' dir='ltr'>discrimine</span> <span class='ocrx_word' id='word_1_22' title='bbox 2581 439 2805 503; x_wconf 88' lang='lat' dir='ltr'>mortis</span> <span class='ocrx_word' id='word_1_23' title='bbox 2838 441 3144 516; x_wconf 77' lang='lat' dir='ltr'>aeternae,</span> 
     </span>
     <span class='ocr_line' id='line_1_3' title="bbox 678 538 3152 626; baseline 0.002 -24"><span class='ocrx_word' id='word_1_24' title='bbox 678 558 867 620; x_wconf 91' lang='lat' dir='ltr'>quam</span> <span class='ocrx_word' id='word_1_25' title='bbox 913 538 1092 603; x_wconf 88' lang='lat' dir='ltr'>facile</span> <span class='ocrx_word' id='word_1_26' title='bbox 1139 539 1419 604; x_wconf 90' lang='lat' dir='ltr'>subirent</span> <span class='ocrx_word' id='word_1_27' title='bbox 1466 541 1544 605; x_wconf 94' lang='lat' dir='ltr'>ob</span> <span class='ocrx_word' id='word_1_28' title='bbox 1589 540 1884 605; x_wconf 78' lang='lat' dir='ltr'>infamiae</span> <span class='ocrx_word' id='word_1_29' title='bbox 1921 541 2231 617; x_wconf 87' lang='lat' dir='ltr'>timorem,</span> <span class='ocrx_word' id='word_1_30' title='bbox 2266 540 2322 604; x_wconf 89' lang='lat' dir='ltr'>si</span> <span class='ocrx_word' id='word_1_31' title='bbox 2354 541 2621 605; x_wconf 73' lang='lat' dir='ltr'>adulteri</span> <span class='ocrx_word' id='word_1_32' title='bbox 2659 560 2732 606; x_wconf 82' lang='lat' dir='ltr'>ex</span> <span class='ocrx_word' id='word_1_33' title='bbox 2768 543 3018 626; x_wconf 90' lang='lat' dir='ltr'>proprio</span> <span class='ocrx_word' id='word_1_34' title='bbox 3051 543 3152 607; x_wconf 88' lang='lat' dir='ltr'>de·</span> 
     </span>
     <span class='ocr_line' id='line_1_4' title="bbox 678 641 1345 706; baseline 0 -2"><span class='ocrx_word' id='word_1_35' title='bbox 678 641 893 704; x_wconf 89' lang='lat' dir='ltr'>berent</span> <span class='ocrx_word' id='word_1_36' title='bbox 938 660 1041 706; x_wconf 90' lang='lat' dir='ltr'>eos</span> <span class='ocrx_word' id='word_1_37' title='bbox 1090 642 1252 706; x_wconf 89' lang='lat' dir='ltr'>alere</span> <span class='ocrx_word' id='word_1_38' title='bbox 1284 668 1345 704; x_wconf 84' lang='grc'>».</span> 
     </span>
    </p>

    <p class='ocr_par' dir='ltr' id='par_1_3' title="bbox 678 743 3147 931">
     <span class='ocr_line' id='line_1_5' title="bbox 766 743 3147 828; baseline 0.002 -21"><span class='ocrx_word' id='word_1_39' title='bbox 766 743 1009 808; x_wconf 90' lang='lat' dir='ltr'>Poterit</span> <span class='ocrx_word' id='word_1_40' title='bbox 1046 743 1185 825; x_wconf 90' lang='lat' dir='ltr'>quis</span> <span class='ocrx_word' id='word_1_41' title='bbox 1219 744 1393 826; x_wconf 92' lang='lat' dir='ltr'>sequi</span> <span class='ocrx_word' id='word_1_42' title='bbox 1441 744 1788 809; x_wconf 80' lang='lat' dir='ltr'>doctrinam</span> <span class='ocrx_word' id='word_1_43' title='bbox 1834 744 2012 820; x_wconf 89' lang='lat' dir='ltr'>hanc,</span> <span class='ocrx_word' id='word_1_44' title='bbox 2046 744 2409 828; x_wconf 87' lang='lat' dir='ltr'>praesertim</span> <span class='ocrx_word' id='word_1_45' title='bbox 2443 744 2496 809; x_wconf 88' lang='lat' dir='ltr'>si</span> <span class='ocrx_word' id='word_1_46' title='bbox 2527 764 2647 810; x_wconf 94' lang='lat' dir='ltr'>non</span> <span class='ocrx_word' id='word_1_47' title='bbox 2680 745 2988 810; x_wconf 81' lang='lat' dir='ltr'>modicam</span> <span class='ocrx_word' id='word_1_48' title='bbox 3026 747 3147 811; x_wconf 89' lang='lat' dir='ltr'>dif-</span> 
     </span>
     <span class='ocr_line' id='line_1_6' title="bbox 678 843 3147 931; baseline 0.002 -23"><span class='ocrx_word' id='word_1_49' title='bbox 678 843 1024 909; x_wconf 87' lang='lat' dir='ltr'>ficultatem</span> <span class='ocrx_word' id='word_1_50' title='bbox 1056 846 1324 929; x_wconf 88' lang='lat' dir='ltr'>reperiat</span> <span class='ocrx_word' id='word_1_51' title='bbox 1368 846 1433 910; x_wconf 87' lang='lat' dir='ltr'>in</span> <span class='ocrx_word' id='word_1_52' title='bbox 1481 846 1783 931; x_wconf 87' lang='lat' dir='ltr'>adigendo</span> <span class='ocrx_word' id='word_1_53' title='bbox 1833 867 2009 912; x_wconf 87' lang='lat' dir='ltr'>reum</span> <span class='ocrx_word' id='word_1_54' title='bbox 2040 850 2359 931; x_wconf 89' lang='lat' dir='ltr'>parentem</span> <span class='ocrx_word' id='word_1_55' title='bbox 2406 847 2486 912; x_wconf 90' lang='lat' dir='ltr'>ad</span> <span class='ocrx_word' id='word_1_56' title='bbox 2530 847 3026 926; x_wconf 77' lang='lat' dir='ltr'>restitutionem3</span> <span class='ocrx_word' id='word_1_57' title='bbox 3075 851 3147 913; x_wconf 90' lang='lat' dir='ltr'>at</span> 
     </span>
    </p>
   </div>
   <div class='ocr_carea' id='block_1_3' title="bbox 677 949 3150 1132">
    <p class='ocr_par' dir='ltr' id='par_1_4' title="bbox 677 949 3150 1132">
     <span class='ocr_line' id='line_1_7' title="bbox 678 949 3150 1033; baseline 0.003 -23"><span class='ocrx_word' id='word_1_58' title='bbox 678 966 998 1030; x_wconf 90' lang='lat' dir='ltr'>nunquam</span> <span class='ocrx_word' id='word_1_59' title='bbox 1038 949 1291 1014; x_wconf 90' lang='lat' dir='ltr'>omittet</span> <span class='ocrx_word' id='word_1_60' title='bbox 1335 949 1612 1033; x_wconf 86' lang='lat' dir='ltr'>graviter</span> <span class='ocrx_word' id='word_1_61' title='bbox 1659 950 1735 1013; x_wconf 91' lang='lat' dir='ltr'>ad</span> <span class='ocrx_word' id='word_1_62' title='bbox 1783 950 1846 1014; x_wconf 90' lang='lat' dir='ltr'>id</span> <span class='ocrx_word' id='word_1_63' title='bbox 1893 951 2135 1015; x_wconf 88' lang='lat' dir='ltr'>hortari</span> <span class='ocrx_word' id='word_1_64' title='bbox 2177 969 2283 1015; x_wconf 87' lang='lat' dir='ltr'>eos</span> <span class='ocrx_word' id='word_1_65' title='bbox 2329 951 2713 1033; x_wconf 88' lang='lat' dir='ltr'>praesertim,</span> <span class='ocrx_word' id='word_1_66' title='bbox 2763 969 2919 1033; x_wconf 89' lang='lat' dir='ltr'>quos</span> <span class='ocrx_word' id='word_1_67' title='bbox 2963 952 3150 1017; x_wconf 86' lang='lat' dir='ltr'>facile</span> 
     </span>
     <span class='ocr_line' id='line_1_8' title="bbox 677 1049 1200 1132; baseline 0.006 -20"><span class='ocrx_word' id='word_1_68' title='bbox 677 1049 741 1114; x_wconf 93' lang='lat' dir='ltr'>id</span> <span class='ocrx_word' id='word_1_69' title='bbox 788 1068 967 1132; x_wconf 84' lang='lat' dir='ltr'>posse</span> <span class='ocrx_word' id='word_1_70' title='bbox 1013 1050 1200 1115; x_wconf 84' lang='lat' dir='ltr'>videt.</span> 
     </span>
    </p>
   </div>
   <div class='ocr_carea' id='block_1_4' title="bbox 680 1195 3144 1599">
    <p class='ocr_par' dir='ltr' id='par_1_5' title="bbox 680 1195 3144 1599">
     <span class='ocr_line' id='line_1_9' title="bbox 789 1195 3140 1262; baseline 0.001 -14"><span class='ocrx_word' id='word_1_71' title='bbox 789 1196 873 1248; x_wconf 83' lang='lat' dir='ltr'>IX.</span> <span class='ocrx_word' id='word_1_72' title='bbox 903 1199 950 1248; x_wconf 78' lang='lat'>2.</span> <span class='ocrx_word' id='word_1_73' title='bbox 980 1198 1131 1247; x_wconf 83' lang='lat' dir='ltr'>Mater</span> <span class='ocrx_word' id='word_1_74' title='bbox 1169 1203 1361 1248; x_wconf 88' lang='lat' dir='ltr'>tenetur</span> <span class='ocrx_word' id='word_1_75' title='bbox 1399 1197 1511 1262; x_wconf 88' lang='lat' dir='ltr'>(sub</span> <span class='ocrx_word' id='word_1_76' title='bbox 1550 1195 1728 1250; x_wconf 83' lang='lat' dir='ltr'>veniali</span> <span class='ocrx_word' id='word_1_77' title='bbox 1768 1198 1951 1261; x_wconf 86' lang='lat' dir='ltr'>tamen)</span> <span class='ocrx_word' id='word_1_78' title='bbox 1990 1199 2166 1249; x_wconf 82' lang='lat' dir='ltr'>laetare</span> <span class='ocrx_word' id='word_1_79' title='bbox 2205 1195 2408 1262; x_wconf 77' lang='lat' dir='ltr'>proprio</span> <span class='ocrx_word' id='word_1_80' title='bbox 2448 1199 2589 1260; x_wconf 82' lang='lat' dir='ltr'>lacte,</span> <span class='ocrx_word' id='word_1_81' title='bbox 2615 1195 2711 1250; x_wconf 80' lang='lat' dir='ltr'>nisi</span> <span class='ocrx_word' id='word_1_82' title='bbox 2748 1199 2925 1251; x_wconf 83' lang='lat' dir='ltr'>babeat</span> <span class='ocrx_word' id='word_1_83' title='bbox 2961 1195 3140 1250; x_wconf 84' lang='lat' dir='ltr'>iustam</span> 
     </span>
     <span class='ocr_line' id='line_1_10' title="bbox 680 1277 3143 1347; baseline 0 -16"><span class='ocrx_word' id='word_1_84' title='bbox 680 1277 1078 1332; x_wconf 85' lang='lat' dir='ltr'>excusationem:</span> <span class='ocrx_word' id='word_1_85' title='bbox 1108 1285 1222 1333; x_wconf 88' lang='lat' dir='ltr'>tunc</span> <span class='ocrx_word' id='word_1_86' title='bbox 1248 1293 1369 1332; x_wconf 86' lang='lat' dir='ltr'>vero</span> <span class='ocrx_word' id='word_1_87' title='bbox 1396 1287 1589 1333; x_wconf 79' lang='lat' dir='ltr'>tenetur</span> <span class='ocrx_word' id='word_1_88' title='bbox 1616 1283 1705 1333; x_wconf 88' lang='lat' dir='ltr'>sub</span> <span class='ocrx_word' id='word_1_89' title='bbox 1731 1280 1874 1345; x_wconf 78' lang='lat' dir='ltr'>gravi</span> <span class='ocrx_word' id='word_1_90' title='bbox 1901 1288 2101 1347; x_wconf 87' lang='lat' dir='ltr'>peccato</span> <span class='ocrx_word' id='word_1_91' title='bbox 2128 1283 2304 1334; x_wconf 90' lang='lat' dir='ltr'>bonam</span> <span class='ocrx_word' id='word_1_92' title='bbox 2332 1280 2568 1334; x_wconf 86' lang='lat' dir='ltr'>nutricem</span> <span class='ocrx_word' id='word_1_93' title='bbox 2594 1295 2850 1347; x_wconf 78' lang='lat' dir='ltr'>quaerere.</span> <span class='ocrx_word' id='word_1_94' title='bbox 2871 1283 2992 1334; x_wconf 86' lang='lat' dir='ltr'>Bon.</span> <span class='ocrx_word' id='word_1_95' title='bbox 3020 1283 3066 1333; x_wconf 86' lang='lat' dir='ltr'>d.</span> <span class='ocrx_word' id='word_1_96' title='bbox 3089 1282 3143 1332; x_wconf 85' lang='grc'>6.</span> 
     </span>
     <span class='ocr_line' id='line_1_11' title="bbox 680 1363 3140 1432; baseline 0.001 -17"><span class='ocrx_word' id='word_1_97' title='bbox 680 1378 728 1429; x_wconf 87' lang='lat' dir='ltr'>q.</span> <span class='ocrx_word' id='word_1_98' title='bbox 760 1364 807 1415; x_wconf 76' lang='grc'>1.</span> <span class='ocrx_word' id='word_1_99' title='bbox 833 1379 879 1430; x_wconf 86' lang='lat' dir='ltr'>p.</span> <span class='ocrx_word' id='word_1_100' title='bbox 908 1364 958 1416; x_wconf 83' lang='grc'>6.</span> <span class='ocrx_word' id='word_1_101' title='bbox 985 1366 1151 1429; x_wconf 81' lang='lat' dir='ltr'>Laym.</span> <span class='ocrx_word' id='word_1_102' title='bbox 1180 1366 1300 1418; x_wconf 86' lang='lat' dir='ltr'>ltem</span> <span class='ocrx_word' id='word_1_103' title='bbox 1326 1370 1519 1418; x_wconf 86' lang='lat' dir='ltr'>tenetur</span> <span class='ocrx_word' id='word_1_104' title='bbox 1552 1367 1820 1418; x_wconf 87' lang='lat' dir='ltr'>secundum</span> <span class='ocrx_word' id='word_1_105' title='bbox 1849 1364 1954 1417; x_wconf 87' lang='lat' dir='ltr'>iura</span> <span class='ocrx_word' id='word_1_106' title='bbox 1995 1367 2182 1432; x_wconf 82' lang='lat' dir='ltr'>prolem</span> <span class='ocrx_word' id='word_1_107' title='bbox 2211 1368 2342 1418; x_wconf 86' lang='lat' dir='ltr'>alere</span> <span class='ocrx_word' id='word_1_108' title='bbox 2380 1367 2440 1418; x_wconf 88' lang='lat' dir='ltr'>ad</span> <span class='ocrx_word' id='word_1_109' title='bbox 2470 1367 2611 1418; x_wconf 79' lang='lat' dir='ltr'>finem</span> <span class='ocrx_word' id='word_1_110' title='bbox 2638 1363 2750 1418; x_wconf 88' lang='lat' dir='ltr'>anni</span> <span class='ocrx_word' id='word_1_111' title='bbox 2777 1363 2940 1432; x_wconf 79' lang='lat' dir='ltr'>tertii3</span> <span class='ocrx_word' id='word_1_112' title='bbox 2967 1371 3140 1431; x_wconf 84' lang='lat' dir='ltr'>postea</span> 
     </span>
     <span class='ocr_line' id='line_1_12' title="bbox 682 1446 3144 1517; baseline 0.001 -17"><span class='ocrx_word' id='word_1_113' title='bbox 682 1446 910 1500; x_wconf 77' lang='lat' dir='ltr'>educatio</span> <span class='ocrx_word' id='word_1_114' title='bbox 937 1462 1090 1514; x_wconf 85' lang='lat' dir='ltr'>usque</span> <span class='ocrx_word' id='word_1_115' title='bbox 1128 1451 1188 1502; x_wconf 89' lang='lat' dir='ltr'>ad</span> <span class='ocrx_word' id='word_1_116' title='bbox 1228 1448 1663 1515; x_wconf 78' lang='lat' dir='ltr'>emancipationem</span> <span class='ocrx_word' id='word_1_117' title='bbox 1702 1456 1892 1515; x_wconf 86' lang='lat' dir='ltr'>spectat</span> <span class='ocrx_word' id='word_1_118' title='bbox 1928 1450 1989 1502; x_wconf 88' lang='lat' dir='ltr'>ad</span> <span class='ocrx_word' id='word_1_119' title='bbox 2016 1456 2221 1516; x_wconf 87' lang='lat' dir='ltr'>patrem.</span> <span class='ocrx_word' id='word_1_120' title='bbox 2247 1449 2446 1516; x_wconf 79' lang='lat' dir='ltr'>Excipe,</span> <span class='ocrx_word' id='word_1_121' title='bbox 2476 1448 2570 1503; x_wconf 87' lang='lat' dir='ltr'>nisi</span> <span class='ocrx_word' id='word_1_122' title='bbox 2601 1448 2681 1503; x_wconf 84' lang='lat' dir='ltr'>hic</span> <span class='ocrx_word' id='word_1_123' title='bbox 2719 1454 2851 1504; x_wconf 87' lang='lat' dir='ltr'>esset</span> <span class='ocrx_word' id='word_1_124' title='bbox 2880 1463 3065 1517; x_wconf 83' lang='lat' dir='ltr'>pauper</span> <span class='ocrx_word' id='word_1_125' title='bbox 3092 1456 3144 1503; x_wconf 87' lang='lat' dir='ltr'>et</span> 
     </span>
     <span class='ocr_line' id='line_1_13' title="bbox 682 1532 2399 1599; baseline 0 -14"><span class='ocrx_word' id='word_1_126' title='bbox 682 1537 838 1585; x_wconf 81' lang='lat' dir='ltr'>mater</span> <span class='ocrx_word' id='word_1_127' title='bbox 874 1532 1030 1587; x_wconf 84' lang='lat' dir='ltr'>dives.</span> <span class='ocrx_word' id='word_1_128' title='bbox 1058 1533 1167 1587; x_wconf 82' lang='lat' dir='ltr'>Fin.</span> <span class='ocrx_word' id='word_1_129' title='bbox 1205 1536 1377 1599; x_wconf 77' lang='lat' dir='ltr'>Laym.</span> <span class='ocrx_word' id='word_1_130' title='bbox 1404 1535 1438 1587; x_wconf 91' lang='grc'>1.</span> <span class='ocrx_word' id='word_1_131' title='bbox 1467 1535 1516 1586; x_wconf 83' lang='grc'>5.</span> <span class='ocrx_word' id='word_1_132' title='bbox 1543 1540 1578 1586; x_wconf 92' lang='lat' dir='ltr'>t.</span> <span class='ocrx_word' id='word_1_133' title='bbox 1608 1536 1692 1586; x_wconf 79' lang='grc'>10.</span> <span class='ocrx_word' id='word_1_134' title='bbox 1719 1548 1763 1588; x_wconf 86' lang='lat' dir='ltr'>c.</span> <span class='ocrx_word' id='word_1_135' title='bbox 1791 1535 1841 1587; x_wconf 85' lang='lat'>3.</span> <span class='ocrx_word' id='word_1_136' title='bbox 1867 1534 2038 1598; x_wconf 76' lang='lat' dir='ltr'>Regin.</span> <span class='ocrx_word' id='word_1_137' title='bbox 2066 1537 2099 1587; x_wconf 89' lang='grc'>1.</span> <span class='ocrx_word' id='word_1_138' title='bbox 2126 1536 2211 1587; x_wconf 79' lang='lat'>20.</span> <span class='ocrx_word' id='word_1_139' title='bbox 2240 1548 2285 1586; x_wconf 90' lang='lat' dir='ltr'>n.</span> <span class='ocrx_word' id='word_1_140' title='bbox 2313 1535 2399 1587; x_wconf 75' lang='lat'>32.</span> 
     </span>
    </p>
   </div>
   <div class='ocr_carea' id='block_1_5' title="bbox 680 1666 3152 2882">
    <p class='ocr_par' dir='ltr' id='par_1_6' title="bbox 680 1666 3148 1856">
     <span class='ocr_line' id='line_1_14' title="bbox 772 1666 3148 1754; baseline -0.003 -13"><span class='ocrx_word' id='word_1_141' title='bbox 772 1666 952 1740; x_wconf 82' lang='grc'><strong>825.</strong></span> <span class='ocrx_word' id='word_1_142' title='bbox 987 1668 1048 1734; x_wconf 91' lang='lat' dir='ltr'>S.</span> <span class='ocrx_word' id='word_1_143' title='bbox 1082 1671 1265 1754; x_wconf 83' lang='lat' dir='ltr'>Alph.</span> <span class='ocrx_word' id='word_1_144' title='bbox 1302 1691 1361 1734; x_wconf 92' lang='lat' dir='ltr'>n.</span> <span class='ocrx_word' id='word_1_145' title='bbox 1398 1670 1547 1734; x_wconf 79' lang='lat'>336.</span> <span class='ocrx_word' id='word_1_146' title='bbox 1583 1671 1790 1735; x_wconf 90' lang='lat' dir='ltr'>solum</span> <span class='ocrx_word' id='word_1_147' title='bbox 1839 1670 2030 1747; x_wconf 84' lang='lat' dir='ltr'>addit,</span> <span class='ocrx_word' id='word_1_148' title='bbox 2066 1690 2137 1734; x_wconf 81' lang='lat' dir='ltr'>ex</span> <span class='ocrx_word' id='word_1_149' title='bbox 2183 1670 2518 1749; x_wconf 88' lang='lat' dir='ltr'>communi,</span> <span class='ocrx_word' id='word_1_150' title='bbox 2553 1670 2748 1735; x_wconf 89' lang='lat' dir='ltr'>teneri</span> <span class='ocrx_word' id='word_1_151' title='bbox 2779 1671 3021 1753; x_wconf 88' lang='lat' dir='ltr'>patrem</span> <span class='ocrx_word' id='word_1_152' title='bbox 3068 1670 3148 1733; x_wconf 89' lang='lat' dir='ltr'>ad</span> 
     </span>
     <span class='ocr_line' id='line_1_15' title="bbox 680 1773 2423 1856; baseline -0.001 -19"><span class='ocrx_word' id='word_1_153' title='bbox 680 1792 973 1856; x_wconf 85' lang='lat' dir='ltr'>expensas</span> <span class='ocrx_word' id='word_1_154' title='bbox 1004 1773 1383 1848; x_wconf 88' lang='lat' dir='ltr'>lactationis,</span> <span class='ocrx_word' id='word_1_155' title='bbox 1418 1773 1470 1837; x_wconf 88' lang='lat' dir='ltr'>si</span> <span class='ocrx_word' id='word_1_156' title='bbox 1508 1775 1710 1837; x_wconf 88' lang='lat' dir='ltr'>mater</span> <span class='ocrx_word' id='word_1_157' title='bbox 1756 1773 1991 1837; x_wconf 88' lang='lat' dir='ltr'>lactare</span> <span class='ocrx_word' id='word_1_158' title='bbox 2036 1791 2159 1837; x_wconf 92' lang='lat' dir='ltr'>non</span> <span class='ocrx_word' id='word_1_159' title='bbox 2205 1773 2423 1856; x_wconf 80' lang='lat' dir='ltr'>possit.</span> 
     </span>
    </p>

    <p class='ocr_par' dir='ltr' id='par_1_7' title="bbox 684 1874 3150 2059">
     <span class='ocr_line' id='line_1_16' title="bbox 772 1874 3150 1960; baseline 0 -21"><span class='ocrx_word' id='word_1_160' title='bbox 772 1875 1037 1956; x_wconf 86' lang='lat' dir='ltr'>Reliqua</span> <span class='ocrx_word' id='word_1_161' title='bbox 1069 1877 1215 1940; x_wconf 89' lang='lat' dir='ltr'>sunt</span> <span class='ocrx_word' id='word_1_162' title='bbox 1245 1877 1463 1959; x_wconf 88' lang='lat' dir='ltr'>plana:</span> <span class='ocrx_word' id='word_1_163' title='bbox 1500 1877 1563 1939; x_wconf 92' lang='lat' dir='ltr'>et</span> <span class='ocrx_word' id='word_1_164' title='bbox 1594 1876 1801 1940; x_wconf 91' lang='lat' dir='ltr'>solum</span> <span class='ocrx_word' id='word_1_165' title='bbox 1833 1874 2176 1939; x_wconf 84' lang='lat' dir='ltr'>hortandae</span> <span class='ocrx_word' id='word_1_166' title='bbox 2206 1877 2460 1953; x_wconf 87' lang='lat' dir='ltr'>matres,</span> <span class='ocrx_word' id='word_1_167' title='bbox 2485 1894 2560 1939; x_wconf 89' lang='lat' dir='ltr'>ne</span> <span class='ocrx_word' id='word_1_168' title='bbox 2592 1874 2724 1939; x_wconf 90' lang='lat' dir='ltr'>sine</span> <span class='ocrx_word' id='word_1_169' title='bbox 2754 1875 2935 1960; x_wconf 81' lang='lat' dir='ltr'>gravi</span> <span class='ocrx_word' id='word_1_170' title='bbox 2958 1894 3150 1940; x_wconf 87' lang='lat' dir='ltr'>causa</span> 
     </span>
     <span class='ocr_line' id='line_1_17' title="bbox 684 1976 3069 2059; baseline 0.001 -20"><span class='ocrx_word' id='word_1_171' title='bbox 684 1976 824 2040; x_wconf 88' lang='lat' dir='ltr'>aliis</span> <span class='ocrx_word' id='word_1_172' title='bbox 856 1977 1093 2059; x_wconf 89' lang='lat' dir='ltr'>prolem</span> <span class='ocrx_word' id='word_1_173' title='bbox 1124 1979 1394 2054; x_wconf 89' lang='lat' dir='ltr'>tradant,</span> <span class='ocrx_word' id='word_1_174' title='bbox 1430 1978 1595 2058; x_wconf 91' lang='lat' dir='ltr'>quod</span> <span class='ocrx_word' id='word_1_175' title='bbox 1628 1978 1843 2042; x_wconf 85' lang='lat' dir='ltr'>cadere</span> <span class='ocrx_word' id='word_1_176' title='bbox 1876 1978 2037 2042; x_wconf 90' lang='lat' dir='ltr'>solet</span> <span class='ocrx_word' id='word_1_177' title='bbox 2063 1978 2129 2041; x_wconf 90' lang='lat' dir='ltr'>in</span> <span class='ocrx_word' id='word_1_178' title='bbox 2161 1978 2458 2042; x_wconf 88' lang='lat' dir='ltr'>damnum</span> <span class='ocrx_word' id='word_1_179' title='bbox 2488 1978 2708 2042; x_wconf 84' lang='lat' dir='ltr'>multis</span> <span class='ocrx_word' id='word_1_180' title='bbox 2740 1978 2814 2042; x_wconf 90' lang='lat' dir='ltr'>de</span> <span class='ocrx_word' id='word_1_181' title='bbox 2845 1979 3069 2043; x_wconf 79' lang='lat' dir='ltr'>causis,</span> 
     </span>
    </p>

    <p class='ocr_par' dir='ltr' id='par_1_8' title="bbox 681 2077 3151 2761">
     <span class='ocr_line' id='line_1_18' title="bbox 773 2077 3149 2163; baseline 0.001 -20"><span class='ocrx_word' id='word_1_182' title='bbox 773 2078 809 2116; x_wconf 79' lang='lat'>&#39;⁸‘</span> <span class='ocrx_word' id='word_1_183' title='bbox 842 2077 1017 2163; x_wconf 81' lang='lat' dir='ltr'>Gury</span> <span class='ocrx_word' id='word_1_184' title='bbox 1049 2079 1169 2142; x_wconf 85' lang='lat' dir='ltr'>vol.</span> <span class='ocrx_word' id='word_1_185' title='bbox 1202 2080 1259 2141; x_wconf 93' lang='grc'>1.</span> <span class='ocrx_word' id='word_1_186' title='bbox 1290 2080 1346 2161; x_wconf 66' lang='grc' dir='ltr'>ἓ.</span> <span class='ocrx_word' id='word_1_187' title='bbox 1374 2080 1524 2143; x_wconf 82' lang='grc'><strong>372.</strong></span> <span class='ocrx_word' id='word_1_188' title='bbox 1552 2080 1816 2161; x_wconf 89' lang='lat' dir='ltr'>quaerit,</span> <span class='ocrx_word' id='word_1_189' title='bbox 1844 2100 1930 2142; x_wconf 81' lang='lat' dir='ltr'>an</span> <span class='ocrx_word' id='word_1_190' title='bbox 1953 2082 2154 2143; x_wconf 74' lang='lat' dir='ltr'>mter</span> <span class='ocrx_word' id='word_1_191' title='bbox 2183 2078 2414 2159; x_wconf 77' lang='lat' dir='ltr'>filiolos</span> <span class='ocrx_word' id='word_1_192' title='bbox 2430 2079 2696 2160; x_wconf 76' lang='lat' dir='ltr'>proprio</span> <span class='ocrx_word' id='word_1_193' title='bbox 2719 2078 2878 2143; x_wconf 78' lang='lat' dir='ltr'>lactc</span> <span class='ocrx_word' id='word_1_194' title='bbox 2898 2082 3149 2145; x_wconf 65' lang='lat' dir='ltr'>nutrire</span> 
     </span>
     <span class='ocr_line' id='line_1_19' title="bbox 683 2181 3149 2265; baseline 0 -20"><span class='ocrx_word' id='word_1_195' title='bbox 683 2181 903 2246; x_wconf 74' lang='lat' dir='ltr'>debeat</span> <span class='ocrx_word' id='word_1_196' title='bbox 936 2183 1000 2246; x_wconf 90' lang='lat' dir='ltr'>et</span> <span class='ocrx_word' id='word_1_197' title='bbox 1029 2181 1381 2265; x_wconf 82' lang='lat' dir='ltr'>respondet:</span> <span class='ocrx_word' id='word_1_198' title='bbox 1422 2206 1458 2240; x_wconf 86' lang='lat'>‹&lt;</span> <span class='ocrx_word' id='word_1_199' title='bbox 1489 2182 1884 2247; x_wconf 83' lang='lat' dir='ltr'>Affirmative</span> <span class='ocrx_word' id='word_1_200' title='bbox 1917 2202 2059 2247; x_wconf 89' lang='lat' dir='ltr'>cum</span> <span class='ocrx_word' id='word_1_201' title='bbox 2097 2183 2403 2246; x_wconf 88' lang='lat' dir='ltr'>sententia</span> <span class='ocrx_word' id='word_1_202' title='bbox 2450 2183 2801 2259; x_wconf 78' lang='lat' dir='ltr'>communi3</span> <span class='ocrx_word' id='word_1_203' title='bbox 2836 2184 2982 2264; x_wconf 87' lang='lat' dir='ltr'>quia</span> <span class='ocrx_word' id='word_1_204' title='bbox 3032 2184 3149 2248; x_wconf 88' lang='lat' dir='ltr'>hoc</span> 
     </span>
     <span class='ocr_line' id='line_1_20' title="bbox 683 2284 3148 2370; baseline 0 -20"><span class='ocrx_word' id='word_1_205' title='bbox 683 2286 1000 2369; x_wconf 87' lang='lat' dir='ltr'>postulare</span> <span class='ocrx_word' id='word_1_206' title='bbox 1045 2285 1293 2350; x_wconf 85' lang='lat' dir='ltr'>videtur</span> <span class='ocrx_word' id='word_1_207' title='bbox 1336 2286 1436 2350; x_wconf 92' lang='lat' dir='ltr'>ius</span> <span class='ocrx_word' id='word_1_208' title='bbox 1472 2287 1779 2350; x_wconf 88' lang='lat' dir='ltr'>naturale.</span> <span class='ocrx_word' id='word_1_209' title='bbox 1815 2285 2112 2350; x_wconf 85' lang='lat' dir='ltr'>Attamen</span> <span class='ocrx_word' id='word_1_210' title='bbox 2143 2285 2294 2349; x_wconf 87' lang='lat' dir='ltr'>haec</span> <span class='ocrx_word' id='word_1_211' title='bbox 2326 2284 2628 2369; x_wconf 83' lang='lat' dir='ltr'>obligatio</span> <span class='ocrx_word' id='word_1_212' title='bbox 2660 2304 2783 2351; x_wconf 90' lang='lat' dir='ltr'>non</span> <span class='ocrx_word' id='word_1_213' title='bbox 2813 2286 2999 2370; x_wconf 86' lang='lat' dir='ltr'>urget</span> <span class='ocrx_word' id='word_1_214' title='bbox 3031 2288 3148 2350; x_wconf 88' lang='lat' dir='ltr'>sub</span> 
     </span>
     <span class='ocr_line' id='line_1_21' title="bbox 682 2387 3151 2472; baseline 0 -21"><span class='ocrx_word' id='word_1_215' title='bbox 682 2387 889 2472; x_wconf 83' lang='lat' dir='ltr'>gravi;</span> <span class='ocrx_word' id='word_1_216' title='bbox 916 2388 1063 2469; x_wconf 89' lang='lat' dir='ltr'>quia</span> <span class='ocrx_word' id='word_1_217' title='bbox 1087 2407 1212 2452; x_wconf 93' lang='lat' dir='ltr'>non</span> <span class='ocrx_word' id='word_1_218' title='bbox 1245 2389 1503 2471; x_wconf 87' lang='lat' dir='ltr'>apparet</span> <span class='ocrx_word' id='word_1_219' title='bbox 1523 2407 1698 2452; x_wconf 89' lang='lat' dir='ltr'>secus</span> <span class='ocrx_word' id='word_1_220' title='bbox 1724 2388 1936 2472; x_wconf 88' lang='lat' dir='ltr'>gravis</span> <span class='ocrx_word' id='word_1_221' title='bbox 1971 2388 2377 2453; x_wconf 88' lang='lat' dir='ltr'>deordinatio.</span> <span class='ocrx_word' id='word_1_222' title='bbox 2403 2387 2501 2451; x_wconf 88' lang='lat' dir='ltr'>Ab</span> <span class='ocrx_word' id='word_1_223' title='bbox 2533 2388 2702 2452; x_wconf 90' lang='lat' dir='ltr'>omni</span> <span class='ocrx_word' id='word_1_224' title='bbox 2726 2390 2938 2453; x_wconf 90' lang='lat' dir='ltr'>autem</span> <span class='ocrx_word' id='word_1_225' title='bbox 2962 2389 3151 2472; x_wconf 88' lang='lat' dir='ltr'>culpa</span> 
     </span>
     <span class='ocr_line' id='line_1_22' title="bbox 683 2490 3150 2575; baseline 0.001 -21"><span class='ocrx_word' id='word_1_226' title='bbox 683 2491 937 2554; x_wconf 83' lang='lat' dir='ltr'>excusat</span> <span class='ocrx_word' id='word_1_227' title='bbox 964 2490 1319 2563; x_wconf 87' lang='lat' dir='ltr'>necessitas,</span> <span class='ocrx_word' id='word_1_228' title='bbox 1352 2491 1647 2554; x_wconf 90' lang='lat' dir='ltr'>notabilis</span> <span class='ocrx_word' id='word_1_229' title='bbox 1679 2491 1927 2554; x_wconf 89' lang='lat' dir='ltr'>utilitas</span> <span class='ocrx_word' id='word_1_230' title='bbox 1961 2492 2075 2554; x_wconf 92' lang='lat' dir='ltr'>aut</span> <span class='ocrx_word' id='word_1_231' title='bbox 2121 2490 2502 2556; x_wconf 84' lang='lat' dir='ltr'>consuetudo</span> <span class='ocrx_word' id='word_1_232' title='bbox 2545 2491 2708 2575; x_wconf 89' lang='lat' dir='ltr'>apud</span> <span class='ocrx_word' id='word_1_233' title='bbox 2740 2490 3007 2555; x_wconf 77' lang='lat' dir='ltr'>familias</span> <span class='ocrx_word' id='word_1_234' title='bbox 3039 2510 3150 2556; x_wconf 92' lang='lat' dir='ltr'>no-</span> 
     </span>
     <span class='ocr_line' id='line_1_23' title="bbox 681 2592 3150 2677; baseline 0 -19"><span class='ocrx_word' id='word_1_235' title='bbox 681 2593 837 2658; x_wconf 88' lang='lat' dir='ltr'>biles</span> <span class='ocrx_word' id='word_1_236' title='bbox 883 2592 1098 2676; x_wconf 82' lang='lat' dir='ltr'>vigens</span> <span class='ocrx_word' id='word_1_237' title='bbox 1130 2594 1277 2656; x_wconf 66' lang='lat' dir='ltr'>etc:</span> <span class='ocrx_word' id='word_1_238' title='bbox 1327 2593 1431 2657; x_wconf 90' lang='lat' dir='ltr'>sed</span> <span class='ocrx_word' id='word_1_239' title='bbox 1477 2596 1627 2658; x_wconf 86' lang='lat' dir='ltr'>tunc</span> <span class='ocrx_word' id='word_1_240' title='bbox 1673 2594 1790 2658; x_wconf 90' lang='lat' dir='ltr'>sub</span> <span class='ocrx_word' id='word_1_241' title='bbox 1836 2595 2015 2677; x_wconf 86' lang='lat' dir='ltr'>gravi</span> <span class='ocrx_word' id='word_1_242' title='bbox 2061 2596 2264 2658; x_wconf 78' lang='lat' dir='ltr'>mater</span> <span class='ocrx_word' id='word_1_243' title='bbox 2310 2594 2536 2658; x_wconf 89' lang='lat' dir='ltr'>bonam</span> <span class='ocrx_word' id='word_1_244' title='bbox 2584 2594 2789 2676; x_wconf 87' lang='lat' dir='ltr'>quoad</span> <span class='ocrx_word' id='word_1_245' title='bbox 2835 2612 3036 2658; x_wconf 88' lang='lat' dir='ltr'>mores</span> <span class='ocrx_word' id='word_1_246' title='bbox 3083 2597 3150 2658; x_wconf 87' lang='lat' dir='ltr'>et</span> 
     </span>
     <span class='ocr_line' id='line_1_24' title="bbox 681 2694 2364 2761; baseline -0.001 -1"><span class='ocrx_word' id='word_1_247' title='bbox 681 2695 1103 2760; x_wconf 87' lang='lat' dir='ltr'>valetudinem</span> <span class='ocrx_word' id='word_1_248' title='bbox 1150 2694 1454 2759; x_wconf 88' lang='lat' dir='ltr'>nutricem</span> <span class='ocrx_word' id='word_1_249' title='bbox 1501 2695 1619 2759; x_wconf 89' lang='lat' dir='ltr'>sibi</span> <span class='ocrx_word' id='word_1_250' title='bbox 1664 2696 2045 2761; x_wconf 87' lang='lat' dir='ltr'>substituere</span> <span class='ocrx_word' id='word_1_251' title='bbox 2090 2697 2272 2761; x_wconf 88' lang='lat' dir='ltr'>debet</span> <span class='ocrx_word' id='word_1_252' title='bbox 2302 2721 2364 2759; x_wconf 86' lang='lat'>».</span> 
     </span>
    </p>

    <p class='ocr_par' dir='ltr' id='par_1_9' title="bbox 774 2797 3152 2882">
     <span class='ocr_line' id='line_1_25' title="bbox 774 2797 3152 2882; baseline 0 -20"><span class='ocrx_word' id='word_1_253' title='bbox 774 2797 838 2862; x_wconf 88' lang='lat' dir='ltr'>Si</span> <span class='ocrx_word' id='word_1_254' title='bbox 884 2798 983 2861; x_wconf 89' lang='lat' dir='ltr'>ius</span> <span class='ocrx_word' id='word_1_255' title='bbox 1029 2798 1313 2862; x_wconf 89' lang='lat' dir='ltr'>naturale</span> <span class='ocrx_word' id='word_1_256' title='bbox 1360 2817 1480 2863; x_wconf 92' lang='lat' dir='ltr'>non</span> <span class='ocrx_word' id='word_1_257' title='bbox 1516 2799 1580 2863; x_wconf 90' lang='lat' dir='ltr'>id</span> <span class='ocrx_word' id='word_1_258' title='bbox 1617 2801 1778 2862; x_wconf 78' lang='lat' dir='ltr'>certe</span> <span class='ocrx_word' id='word_1_259' title='bbox 1810 2799 2110 2882; x_wconf 85' lang='lat' dir='ltr'>postulat,</span> <span class='ocrx_word' id='word_1_260' title='bbox 2150 2798 2256 2862; x_wconf 91' lang='lat' dir='ltr'>sed</span> <span class='ocrx_word' id='word_1_261' title='bbox 2301 2798 2620 2881; x_wconf 88' lang='lat' dir='ltr'>postulare</span> <span class='ocrx_word' id='word_1_262' title='bbox 2656 2799 2918 2875; x_wconf 79' lang='lat' dir='ltr'>videtur,</span> <span class='ocrx_word' id='word_1_263' title='bbox 2952 2818 3152 2881; x_wconf 87' lang='lat' dir='ltr'>neque</span> 
     </span>
    </p>
   </div>
   <div class='ocr_carea' id='block_1_6' title="bbox 679 2905 3155 4633">
    <p class='ocr_par' dir='ltr' id='par_1_10' title="bbox 682 2905 3150 3393">
     <span class='ocr_line' id='line_1_26' title="bbox 683 2905 3145 2983; baseline 0 -13"><span class='ocrx_word' id='word_1_264' title='bbox 683 2908 854 2970; x_wconf 87' lang='lat' dir='ltr'>certa</span> <span class='ocrx_word' id='word_1_265' title='bbox 899 2905 1019 2969; x_wconf 89' lang='lat' dir='ltr'>erit</span> <span class='ocrx_word' id='word_1_266' title='bbox 1063 2906 1373 2972; x_wconf 86' lang='lat' dir='ltr'>conclusio</span> <span class='ocrx_word' id='word_1_267' title='bbox 1423 2907 1760 2982; x_wconf 87' lang='lat' dir='ltr'>affirmans,</span> <span class='ocrx_word' id='word_1_268' title='bbox 1810 2907 2078 2971; x_wconf 88' lang='lat' dir='ltr'>matrem</span> <span class='ocrx_word' id='word_1_269' title='bbox 2126 2907 2204 2971; x_wconf 91' lang='lat' dir='ltr'>ad</span> <span class='ocrx_word' id='word_1_270' title='bbox 2251 2906 2315 2970; x_wconf 91' lang='lat' dir='ltr'>id</span> <span class='ocrx_word' id='word_1_271' title='bbox 2362 2906 2575 2970; x_wconf 88' lang='lat' dir='ltr'>teneri.</span> <span class='ocrx_word' id='word_1_272' title='bbox 2624 2905 2847 2971; x_wconf 89' lang='lat' dir='ltr'>Potius</span> <span class='ocrx_word' id='word_1_273' title='bbox 2893 2906 3145 2983; x_wconf 83' lang='lat' dir='ltr'>diceres,</span> 
     </span>
     <span class='ocr_line' id='line_1_27' title="bbox 683 3008 3147 3092; baseline 0 -20"><span class='ocrx_word' id='word_1_274' title='bbox 683 3010 1081 3092; x_wconf 88' lang='lat' dir='ltr'>praeceptum</span> <span class='ocrx_word' id='word_1_275' title='bbox 1127 3008 1244 3073; x_wconf 90' lang='lat' dir='ltr'>hoc</span> <span class='ocrx_word' id='word_1_276' title='bbox 1275 3027 1396 3073; x_wconf 93' lang='lat' dir='ltr'>non</span> <span class='ocrx_word' id='word_1_277' title='bbox 1429 3028 1560 3073; x_wconf 89' lang='lat' dir='ltr'>esse</span> <span class='ocrx_word' id='word_1_278' title='bbox 1590 3028 1660 3073; x_wconf 83' lang='lat' dir='ltr'>ex</span> <span class='ocrx_word' id='word_1_279' title='bbox 1708 3009 2022 3092; x_wconf 87' lang='lat' dir='ltr'>primariis</span> <span class='ocrx_word' id='word_1_280' title='bbox 2068 3011 2350 3085; x_wconf 87' lang='lat' dir='ltr'>naturae,</span> <span class='ocrx_word' id='word_1_281' title='bbox 2390 3027 2549 3091; x_wconf 87' lang='lat' dir='ltr'>quae</span> <span class='ocrx_word' id='word_1_282' title='bbox 2596 3009 2919 3074; x_wconf 86' lang='lat' dir='ltr'>dimanant</span> <span class='ocrx_word' id='word_1_283' title='bbox 2951 3010 3028 3073; x_wconf 89' lang='lat' dir='ltr'>ab</span> <span class='ocrx_word' id='word_1_284' title='bbox 3060 3029 3147 3073; x_wconf 88' lang='lat' dir='ltr'>es-</span> 
     </span>
     <span class='ocr_line' id='line_1_28' title="bbox 683 3110 3150 3196; baseline -0.001 -19"><span class='ocrx_word' id='word_1_285' title='bbox 683 3111 898 3177; x_wconf 88' lang='lat' dir='ltr'>sentiis</span> <span class='ocrx_word' id='word_1_286' title='bbox 944 3130 1172 3189; x_wconf 90' lang='lat' dir='ltr'>rerum,</span> <span class='ocrx_word' id='word_1_287' title='bbox 1208 3111 1311 3176; x_wconf 89' lang='lat' dir='ltr'>sed</span> <span class='ocrx_word' id='word_1_288' title='bbox 1343 3131 1414 3176; x_wconf 80' lang='lat' dir='ltr'>ex</span> <span class='ocrx_word' id='word_1_289' title='bbox 1452 3111 1849 3187; x_wconf 81' lang='lat' dir='ltr'>secundariis,</span> <span class='ocrx_word' id='word_1_290' title='bbox 1884 3131 2043 3193; x_wconf 90' lang='lat' dir='ltr'>quae</span> <span class='ocrx_word' id='word_1_291' title='bbox 2090 3112 2237 3193; x_wconf 91' lang='lat' dir='ltr'>quid</span> <span class='ocrx_word' id='word_1_292' title='bbox 2283 3112 2368 3176; x_wconf 88' lang='lat' dir='ltr'>sit</span> <span class='ocrx_word' id='word_1_293' title='bbox 2413 3110 2855 3196; x_wconf 86' lang='lat' dir='ltr'>congruentius</span> <span class='ocrx_word' id='word_1_294' title='bbox 2885 3114 3150 3175; x_wconf 87' lang='lat' dir='ltr'>naturae</span> 
     </span>
     <span class='ocr_line' id='line_1_29' title="bbox 685 3212 3146 3296; baseline -0 -18"><span class='ocrx_word' id='word_1_295' title='bbox 685 3218 873 3296; x_wconf 86' lang='lat' dir='ltr'>atque</span> <span class='ocrx_word' id='word_1_296' title='bbox 920 3214 1243 3280; x_wconf 87' lang='lat' dir='ltr'>honestius</span> <span class='ocrx_word' id='word_1_297' title='bbox 1291 3214 1529 3279; x_wconf 91' lang='lat' dir='ltr'>docent.</span> <span class='ocrx_word' id='word_1_298' title='bbox 1572 3212 1746 3277; x_wconf 91' lang='lat' dir='ltr'>Unde</span> <span class='ocrx_word' id='word_1_299' title='bbox 1794 3213 2128 3278; x_wconf 87' lang='lat' dir='ltr'>necessitas</span> <span class='ocrx_word' id='word_1_300' title='bbox 2173 3231 2298 3277; x_wconf 93' lang='lat' dir='ltr'>non</span> <span class='ocrx_word' id='word_1_301' title='bbox 2344 3215 2570 3287; x_wconf 89' lang='lat' dir='ltr'>solum,</span> <span class='ocrx_word' id='word_1_302' title='bbox 2604 3213 2710 3278; x_wconf 86' lang='lat' dir='ltr'>sed</span> <span class='ocrx_word' id='word_1_303' title='bbox 2756 3215 2821 3278; x_wconf 90' lang='lat' dir='ltr'>et</span> <span class='ocrx_word' id='word_1_304' title='bbox 2849 3213 3146 3278; x_wconf 79' lang='lat' dir='ltr'>notabilis</span> 
     </span>
     <span class='ocr_line' id='line_1_30' title="bbox 682 3316 2335 3393; baseline -0.001 -12"><span class='ocrx_word' id='word_1_305' title='bbox 682 3317 949 3393; x_wconf 78' lang='lat' dir='ltr'>utilitaS,</span> <span class='ocrx_word' id='word_1_306' title='bbox 984 3336 1055 3381; x_wconf 82' lang='lat' dir='ltr'>ex</span> <span class='ocrx_word' id='word_1_307' title='bbox 1101 3317 1415 3381; x_wconf 90' lang='lat' dir='ltr'>communi</span> <span class='ocrx_word' id='word_1_308' title='bbox 1462 3316 1787 3379; x_wconf 88' lang='lat' dir='ltr'>hominum</span> <span class='ocrx_word' id='word_1_309' title='bbox 1827 3334 2028 3391; x_wconf 87' lang='lat' dir='ltr'>sensu,</span> <span class='ocrx_word' id='word_1_310' title='bbox 2064 3317 2335 3381; x_wconf 86' lang='lat' dir='ltr'>excusat.</span> 
     </span>
    </p>

    <p class='ocr_par' dir='ltr' id='par_1_11' title="bbox 679 3418 3152 4015">
     <span class='ocr_line' id='line_1_31' title="bbox 772 3418 3147 3503; baseline -0.001 -18"><span class='ocrx_word' id='word_1_311' title='bbox 772 3418 925 3501; x_wconf 82' lang='lat' dir='ltr'>Quis</span> <span class='ocrx_word' id='word_1_312' title='bbox 971 3439 1115 3485; x_wconf 82' lang='lat' dir='ltr'>vero</span> <span class='ocrx_word' id='word_1_313' title='bbox 1153 3420 1328 3484; x_wconf 88' lang='lat' dir='ltr'>locus</span> <span class='ocrx_word' id='word_1_314' title='bbox 1374 3418 1459 3483; x_wconf 89' lang='lat' dir='ltr'>sit</span> <span class='ocrx_word' id='word_1_315' title='bbox 1505 3418 1938 3483; x_wconf 85' lang='lat' dir='ltr'>consuetudini</span> <span class='ocrx_word' id='word_1_316' title='bbox 1985 3418 2063 3481; x_wconf 87' lang='lat' dir='ltr'>ad</span> <span class='ocrx_word' id='word_1_317' title='bbox 2108 3419 2524 3483; x_wconf 85' lang='lat' dir='ltr'>excusandum</span> <span class='ocrx_word' id='word_1_318' title='bbox 2570 3419 2635 3483; x_wconf 91' lang='lat' dir='ltr'>in</span> <span class='ocrx_word' id='word_1_319' title='bbox 2679 3418 2797 3483; x_wconf 87' lang='lat' dir='ltr'>hac</span> <span class='ocrx_word' id='word_1_320' title='bbox 2842 3437 2926 3494; x_wconf 88' lang='lat' dir='ltr'>re,</span> <span class='ocrx_word' id='word_1_321' title='bbox 2964 3437 3147 3503; x_wconf 84' lang='lat' dir='ltr'>aegre</span> 
     </span>
     <span class='ocr_line' id='line_1_32' title="bbox 679 3520 3149 3609; baseline -0.003 -18"><span class='ocrx_word' id='word_1_322' title='bbox 679 3524 1085 3609; x_wconf 84' lang='lat' dir='ltr'>intelligitur;</span> <span class='ocrx_word' id='word_1_323' title='bbox 1127 3523 1423 3605; x_wconf 90' lang='lat' dir='ltr'>quoniam</span> <span class='ocrx_word' id='word_1_324' title='bbox 1471 3522 1687 3586; x_wconf 89' lang='lat' dir='ltr'>contra</span> <span class='ocrx_word' id='word_1_325' title='bbox 1734 3523 1996 3585; x_wconf 88' lang='lat' dir='ltr'>naturae</span> <span class='ocrx_word' id='word_1_326' title='bbox 2043 3522 2212 3607; x_wconf 87' lang='lat' dir='ltr'>leges</span> <span class='ocrx_word' id='word_1_327' title='bbox 2241 3522 2400 3586; x_wconf 88' lang='lat' dir='ltr'>nihil</span> <span class='ocrx_word' id='word_1_328' title='bbox 2429 3522 2640 3605; x_wconf 84' lang='lat' dir='ltr'>potest</span> <span class='ocrx_word' id='word_1_329' title='bbox 2668 3520 3048 3585; x_wconf 80' lang='lat' dir='ltr'>consuetudo</span> <span class='ocrx_word' id='word_1_330' title='bbox 3081 3522 3149 3585; x_wconf 88' lang='lat' dir='ltr'>et</span> 
     </span>
     <span class='ocr_line' id='line_1_33' title="bbox 682 3622 3148 3711; baseline -0.003 -18"><span class='ocrx_word' id='word_1_331' title='bbox 682 3648 824 3693; x_wconf 88' lang='lat' dir='ltr'>cum</span> <span class='ocrx_word' id='word_1_332' title='bbox 855 3628 1136 3711; x_wconf 85' lang='lat' dir='ltr'>respectu</span> <span class='ocrx_word' id='word_1_333' title='bbox 1167 3628 1430 3690; x_wconf 88' lang='lat' dir='ltr'>naturae</span> <span class='ocrx_word' id='word_1_334' title='bbox 1469 3643 1680 3689; x_wconf 89' lang='lat' dir='ltr'>omnes</span> <span class='ocrx_word' id='word_1_335' title='bbox 1726 3624 1990 3689; x_wconf 86' lang='lat' dir='ltr'>feminae</span> <span class='ocrx_word' id='word_1_336' title='bbox 2037 3624 2166 3688; x_wconf 88' lang='lat' dir='ltr'>sint</span> <span class='ocrx_word' id='word_1_337' title='bbox 2210 3642 2388 3707; x_wconf 86' lang='lat' dir='ltr'>pares</span> <span class='ocrx_word' id='word_1_338' title='bbox 2432 3623 2772 3705; x_wconf 89' lang='lat' dir='ltr'>iisdemque</span> <span class='ocrx_word' id='word_1_339' title='bbox 2817 3622 3148 3687; x_wconf 85' lang='lat' dir='ltr'>teneantur</span> 
     </span>
     <span class='ocr_line' id='line_1_34' title="bbox 680 3722 3152 3813; baseline -0.002 -19"><span class='ocrx_word' id='word_1_340' title='bbox 680 3731 945 3813; x_wconf 89' lang='lat' dir='ltr'>legibus,</span> <span class='ocrx_word' id='word_1_341' title='bbox 981 3748 1101 3793; x_wconf 94' lang='lat' dir='ltr'>non</span> <span class='ocrx_word' id='word_1_342' title='bbox 1134 3730 1230 3793; x_wconf 88' lang='lat' dir='ltr'>est</span> <span class='ocrx_word' id='word_1_343' title='bbox 1259 3748 1370 3792; x_wconf 90' lang='lat' dir='ltr'>cur</span> <span class='ocrx_word' id='word_1_344' title='bbox 1400 3726 1609 3810; x_wconf 90' lang='lat' dir='ltr'>potius</span> <span class='ocrx_word' id='word_1_345' title='bbox 1641 3727 1878 3792; x_wconf 90' lang='lat' dir='ltr'>nobiles</span> <span class='ocrx_word' id='word_1_346' title='bbox 1917 3745 2107 3808; x_wconf 87' lang='lat' dir='ltr'>quam</span> <span class='ocrx_word' id='word_1_347' title='bbox 2137 3725 2442 3811; x_wconf 82' lang='lat' dir='ltr'>ignobiles</span> <span class='ocrx_word' id='word_1_348' title='bbox 2480 3726 2865 3790; x_wconf 82' lang='lat' dir='ltr'>excusentur.</span> <span class='ocrx_word' id='word_1_349' title='bbox 2893 3722 3009 3788; x_wconf 88' lang='lat' dir='ltr'>Sed</span> <span class='ocrx_word' id='word_1_350' title='bbox 3043 3742 3152 3788; x_wconf 89' lang='lat' dir='ltr'>eae</span> 
     </span>
     <span class='ocr_line' id='line_1_35' title="bbox 683 3827 3150 3909; baseline -0.002 -14"><span class='ocrx_word' id='word_1_351' title='bbox 683 3831 948 3907; x_wconf 78' lang='lat' dir='ltr'>faciliuS,</span> <span class='ocrx_word' id='word_1_352' title='bbox 991 3850 1133 3895; x_wconf 88' lang='lat' dir='ltr'>cum</span> <span class='ocrx_word' id='word_1_353' title='bbox 1169 3831 1467 3895; x_wconf 87' lang='lat' dir='ltr'>notabilis</span> <span class='ocrx_word' id='word_1_354' title='bbox 1501 3830 1751 3895; x_wconf 88' lang='lat' dir='ltr'>utilitas</span> <span class='ocrx_word' id='word_1_355' title='bbox 1783 3829 2127 3904; x_wconf 85' lang='lat' dir='ltr'>intercedit,</span> <span class='ocrx_word' id='word_1_356' title='bbox 2164 3828 2545 3894; x_wconf 87' lang='lat' dir='ltr'>substituere</span> <span class='ocrx_word' id='word_1_357' title='bbox 2577 3827 2695 3892; x_wconf 88' lang='lat' dir='ltr'>sibi</span> <span class='ocrx_word' id='word_1_358' title='bbox 2727 3829 2989 3909; x_wconf 87' lang='lat' dir='ltr'>possunt</span> <span class='ocrx_word' id='word_1_359' title='bbox 3033 3845 3150 3890; x_wconf 91' lang='lat' dir='ltr'>nu-</span> 
     </span>
     <span class='ocr_line' id='line_1_36' title="bbox 683 3931 2209 4015; baseline -0.003 -16"><span class='ocrx_word' id='word_1_360' title='bbox 683 3933 921 4009; x_wconf 86' lang='lat' dir='ltr'>tricem,</span> <span class='ocrx_word' id='word_1_361' title='bbox 956 3931 1121 4014; x_wconf 91' lang='lat' dir='ltr'>quod</span> <span class='ocrx_word' id='word_1_362' title='bbox 1168 3932 1544 4015; x_wconf 89' lang='lat' dir='ltr'>pauperibus</span> <span class='ocrx_word' id='word_1_363' title='bbox 1588 3950 1711 3997; x_wconf 93' lang='lat' dir='ltr'>non</span> <span class='ocrx_word' id='word_1_364' title='bbox 1761 3950 2001 4015; x_wconf 89' lang='lat' dir='ltr'>semper</span> <span class='ocrx_word' id='word_1_365' title='bbox 2044 3931 2209 3996; x_wconf 87' lang='lat' dir='ltr'>licet.</span> 
     </span>
    </p>

    <p class='ocr_par' dir='ltr' id='par_1_12' title="bbox 683 4028 3155 4633">
     <span class='ocr_line' id='line_1_37' title="bbox 772 4028 3153 4113; baseline -0.002 -15"><span class='ocrx_word' id='word_1_366' title='bbox 772 4034 1008 4100; x_wconf 90' lang='lat' dir='ltr'>Verum</span> <span class='ocrx_word' id='word_1_367' title='bbox 1053 4033 1173 4098; x_wconf 91' lang='lat' dir='ltr'>nisi</span> <span class='ocrx_word' id='word_1_368' title='bbox 1220 4035 1552 4099; x_wconf 85' lang='lat' dir='ltr'>necessitas</span> <span class='ocrx_word' id='word_1_369' title='bbox 1600 4037 1712 4099; x_wconf 90' lang='lat' dir='ltr'>aut</span> <span class='ocrx_word' id='word_1_370' title='bbox 1760 4033 2056 4100; x_wconf 87' lang='lat' dir='ltr'>notabilis</span> <span class='ocrx_word' id='word_1_371' title='bbox 2102 4033 2350 4098; x_wconf 89' lang='lat' dir='ltr'>utilitas</span> <span class='ocrx_word' id='word_1_372' title='bbox 2398 4032 2684 4098; x_wconf 83' lang='lat' dir='ltr'>occurrat</span> <span class='ocrx_word' id='word_1_373' title='bbox 2714 4028 2970 4113; x_wconf 90' lang='lat' dir='ltr'>(iudicio</span> <span class='ocrx_word' id='word_1_374' title='bbox 3002 4049 3153 4112; x_wconf 89' lang='lat' dir='ltr'>pru·-</span> 
     </span>
     <span class='ocr_line' id='line_1_38' title="bbox 683 4130 3152 4222; baseline -0.004 -17"><span class='ocrx_word' id='word_1_375' title='bbox 683 4140 939 4205; x_wconf 89' lang='lat' dir='ltr'>dentum</span> <span class='ocrx_word' id='word_1_376' title='bbox 986 4137 1346 4221; x_wconf 89' lang='lat' dir='ltr'>pensanda),</span> <span class='ocrx_word' id='word_1_377' title='bbox 1387 4138 1598 4202; x_wconf 87' lang='lat' dir='ltr'>eadem</span> <span class='ocrx_word' id='word_1_378' title='bbox 1644 4139 1781 4222; x_wconf 89' lang='lat' dir='ltr'>lege</span> <span class='ocrx_word' id='word_1_379' title='bbox 1827 4139 2120 4201; x_wconf 89' lang='lat' dir='ltr'>tenentur</span> <span class='ocrx_word' id='word_1_380' title='bbox 2166 4135 2405 4201; x_wconf 87' lang='lat' dir='ltr'>nobiles</span> <span class='ocrx_word' id='word_1_381' title='bbox 2450 4137 2515 4199; x_wconf 88' lang='lat' dir='ltr'>et</span> <span class='ocrx_word' id='word_1_382' title='bbox 2559 4132 2887 4219; x_wconf 76' lang='lat' dir='ltr'>ignobileS,</span> <span class='ocrx_word' id='word_1_383' title='bbox 2924 4130 3152 4195; x_wconf 76' lang='lat' dir='ltr'>divites</span> 
     </span>
     <span class='ocr_line' id='line_1_39' title="bbox 684 4234 3151 4326; baseline -0.004 -19"><span class='ocrx_word' id='word_1_384' title='bbox 684 4246 747 4308; x_wconf 87' lang='lat' dir='ltr'>et</span> <span class='ocrx_word' id='word_1_385' title='bbox 777 4260 1095 4326; x_wconf 86' lang='lat' dir='ltr'>pauperes.</span> <span class='ocrx_word' id='word_1_386' title='bbox 1124 4239 1520 4307; x_wconf 88' lang='lat' dir='ltr'>Consuetudo</span> <span class='ocrx_word' id='word_1_387' title='bbox 1554 4241 1767 4305; x_wconf 88' lang='lat' dir='ltr'>autem</span> <span class='ocrx_word' id='word_1_388' title='bbox 1792 4240 2007 4323; x_wconf 84' lang='lat' dir='ltr'>vigens</span> <span class='ocrx_word' id='word_1_389' title='bbox 2032 4238 2334 4315; x_wconf 85' lang='lat' dir='ltr'>tradendi,</span> <span class='ocrx_word' id='word_1_390' title='bbox 2362 4238 2595 4319; x_wconf 89' lang='lat' dir='ltr'>absque</span> <span class='ocrx_word' id='word_1_391' title='bbox 2628 4234 2916 4321; x_wconf 83' lang='lat' dir='ltr'>legitima</span> <span class='ocrx_word' id='word_1_392' title='bbox 2939 4250 3151 4310; x_wconf 86' lang='lat' dir='ltr'>causa,</span> 
     </span>
     <span class='ocr_line' id='line_1_40' title="bbox 686 4336 3155 4425; baseline -0.004 -16"><span class='ocrx_word' id='word_1_393' title='bbox 686 4344 902 4409; x_wconf 87' lang='lat' dir='ltr'>alienis</span> <span class='ocrx_word' id='word_1_394' title='bbox 946 4345 1295 4410; x_wconf 89' lang='lat' dir='ltr'>nutricibus</span> <span class='ocrx_word' id='word_1_395' title='bbox 1340 4344 1628 4418; x_wconf 79' lang='lat' dir='ltr'>infanteS,</span> <span class='ocrx_word' id='word_1_396' title='bbox 1678 4342 2060 4425; x_wconf 86' lang='lat' dir='ltr'>reprobanda</span> <span class='ocrx_word' id='word_1_397' title='bbox 2108 4343 2204 4407; x_wconf 88' lang='lat' dir='ltr'>est</span> <span class='ocrx_word' id='word_1_398' title='bbox 2251 4342 2314 4405; x_wconf 87' lang='lat' dir='ltr'>et</span> <span class='ocrx_word' id='word_1_399' title='bbox 2359 4359 2480 4405; x_wconf 94' lang='lat' dir='ltr'>non</span> <span class='ocrx_word' id='word_1_400' title='bbox 2530 4354 2728 4423; x_wconf 87' lang='lat' dir='ltr'>pauca</span> <span class='ocrx_word' id='word_1_401' title='bbox 2781 4336 3155 4405; x_wconf 84' lang='lat' dir='ltr'>detrimenta</span> 
     </span>
     <span class='ocr_line' id='line_1_41' title="bbox 685 4438 3151 4532; baseline -0.005 -19"><span class='ocrx_word' id='word_1_402' title='bbox 685 4449 826 4513; x_wconf 87' lang='lat' dir='ltr'>orta</span> <span class='ocrx_word' id='word_1_403' title='bbox 857 4466 927 4511; x_wconf 82' lang='lat' dir='ltr'>ex</span> <span class='ocrx_word' id='word_1_404' title='bbox 965 4451 1309 4532; x_wconf 84' lang='lat' dir='ltr'>propagato</span> <span class='ocrx_word' id='word_1_405' title='bbox 1347 4448 1463 4511; x_wconf 88' lang='lat' dir='ltr'>hoc</span> <span class='ocrx_word' id='word_1_406' title='bbox 1498 4445 1696 4509; x_wconf 86' lang='lat' dir='ltr'>abusu</span> <span class='ocrx_word' id='word_1_407' title='bbox 1734 4446 1873 4509; x_wconf 84' lang='lat' dir='ltr'>tum</span> <span class='ocrx_word' id='word_1_408' title='bbox 1912 4446 2072 4528; x_wconf 87' lang='lat' dir='ltr'>proli</span> <span class='ocrx_word' id='word_1_409' title='bbox 2119 4446 2257 4509; x_wconf 90' lang='lat' dir='ltr'>tum</span> <span class='ocrx_word' id='word_1_410' title='bbox 2305 4442 2611 4520; x_wconf 87' lang='lat' dir='ltr'>societati,</span> <span class='ocrx_word' id='word_1_411' title='bbox 2646 4443 2892 4508; x_wconf 86' lang='lat' dir='ltr'>honesti</span> <span class='ocrx_word' id='word_1_412' title='bbox 2928 4438 3151 4505; x_wconf 88' lang='lat' dir='ltr'>medici</span> 
     </span>
     <span class='ocr_line' id='line_1_42' title="bbox 684 4545 3076 4633; baseline -0.003 -20"><span class='ocrx_word' id='word_1_413' title='bbox 684 4550 1164 4631; x_wconf 90' lang='lat' dir='ltr'>conqueruntur.</span> <span class='ocrx_word' id='word_1_414' title='bbox 1200 4548 1601 4633; x_wconf 87' lang='lat' dir='ltr'>Capellmann</span> <span class='ocrx_word' id='word_1_415' title='bbox 1636 4546 2272 4611; x_wconf 67' lang='lat' dir='ltr'>Pastoral-Mcdicin.</span> <span class='ocrx_word' id='word_1_416' title='bbox 2309 4547 2368 4609; x_wconf 88' lang='grc'>6.</span> <span class='ocrx_word' id='word_1_417' title='bbox 2404 4546 2550 4611; x_wconf 84' lang='lat' dir='ltr'>edit.</span> <span class='ocrx_word' id='word_1_418' title='bbox 2589 4563 2734 4631; x_wconf 82' lang='lat' dir='ltr'>pag.</span> <span class='ocrx_word' id='word_1_419' title='bbox 2770 4545 2876 4609; x_wconf 83' lang='lat'>55.</span> <span class='ocrx_word' id='word_1_420' title='bbox 2910 4561 3076 4624; x_wconf 87' lang='lat' dir='ltr'>seqq.</span> 
     </span>
    </p>
   </div>
  </div>
 </body>
</html>
