3497 5147
420 362 573 437 [996]
949 375 1031 415 ΑΝ
1071 375 1148 414 m
1184 374 1435 422 quanm
1473 373 1747 414 PnocA‘rA
1785 372 1921 414 sm‘r
1960 371 2192 414 oscum
2232 369 2363 410 mc.
2780 351 2888 407 733

419 473 673 539 stantiis
711 471 966 555 (debitis
1003 471 1288 554 scilicet),
1322 471 1441 536 erit
1474 473 1650 535 actus
1682 470 1939 535 virtutis
1976 471 2040 534 et
2070 468 2303 551 poterit
2342 486 2473 532 esse
2511 467 2886 546 meritoriuS,

420 577 475 642 si
504 575 714 661 gratia
744 575 1133 639 informetur.
1166 574 1333 637 Istae
1366 574 1578 637 autem
1608 572 2114 637 circumstantiae
2147 570 2435 636 videntur
2466 570 2529 634 in
2561 570 2708 635 ludo
2742 573 2890 636 cho-

419 678 573 744 reali
606 675 1041 753 observandae,
1081 677 1156 740 ut
1202 694 1323 740 non
1371 675 1455 738 sit
1500 693 1762 757 persona
1807 674 2109 751 indecenS,
2160 674 2324 739 sicut
2354 673 2612 738 clericus
2649 674 2748 737 vel
2795 694 2892 738 re-

418 781 702 866 ligiosuS,
737 781 812 844 ut
856 779 941 843 sit
971 781 1246 860 tempore
1292 777 1591 856 laetitiae,
1626 779 1700 841 ut
1746 775 2135 841 liberationis
2172 775 2380 860 gratia
2418 775 2517 839 vel
2547 775 2614 839 in
2650 776 2889 858 nuptiis

421 885 484 948 et
520 882 898 959 huiusmodi,
932 882 1006 945 ut
1051 881 1165 944 fiat
1209 899 1352 944 cum
1398 879 1675 944 honestis
1722 879 1999 962 personis
2036 881 2101 943 et
2131 898 2273 942 cum
2314 879 2571 944 honesto
2604 881 2794 942 cantu
2825 882 2889 942 et

422 986 588 1068 quod
610 987 826 1070 gestus
851 1003 975 1049 non
1006 983 1132 1048 sint
1155 983 1339 1047 nimis
1369 982 1584 1046 lascivi
1610 981 1771 1064 (scil.
1798 981 2142 1064 liberiores)
2175 982 2238 1045 et
2285 982 2338 1043 si
2371 999 2494 1062 qua
2527 980 2886 1045 huiusmodi

422 1089 588 1153 sunt.
616 1085 682 1151 Si
719 1088 932 1151 autem
976 1085 1092 1150 fiat
1128 1083 1205 1148 ad
1242 1085 1699 1168 provocandam
1744 1083 2070 1148 lasciviam
2102 1085 2164 1147 et
2194 1082 2532 1147 secundum
2566 1084 2722 1147 alias
2771 1083 2889 1147 cir-

421 1188 853 1264 cumstantiae,
878 1188 1145 1260 constat,
1176 1185 1344 1270 quod
1368 1188 1545 1251 actus
1570 1187 1689 1250 erit
1710 1187 1980 1251 vitiosus
2003 1211 2065 1249 ».
2091 1186 2184 1249 Ex
2206 1185 2432 1267 quibus
2459 1185 2660 1250 verbis
2688 1205 2736 1250 3.
2765 1186 2888 1251 Do-

421 1291 613 1356 ctoris
652 1290 880 1354 hausta
913 1290 1009 1354 est
1044 1289 1346 1368 doctrina,
1381 1308 1571 1371 quam
1602 1288 1677 1352 A.
1712 1289 1849 1353 heic
1881 1288 2191 1373 proponit.

512 1390 785 1457 Choreae
822 1411 968 1478 ergo
1015 1392 1207 1457 etiam
1252 1392 1414 1475 inter
1460 1410 1753 1475 personas
1800 1391 2027 1456 diversi
2073 1410 2255 1455 sexus
2302 1410 2424 1456 non
2472 1392 2622 1455 sunt
2670 1410 2776 1473 per
2824 1409 2890 1455 se

422 1496 624 1559 malae
655 1495 911 1577 fierique
949 1497 1211 1577 possunt
1246 1494 1501 1559 honeste
1532 1495 1658 1559 imo
1698 1496 1763 1558 et
1799 1494 2130 1560 meritorie.

512 1596 580 1662 Si
624 1596 985 1662 intendatur
1029 1598 1321 1680 voluptas
1354 1597 1638 1673 carnalia,
1680 1597 1733 1660 si
1772 1616 2104 1662 consensus
2137 1598 2198 1661 in
2233 1616 2369 1662 eam
2401 1598 2754 1679 proximum
2790 1616 2890 1679 pe-

421 1700 690 1764 riculum
724 1699 906 1776 adsit,
942 1700 1070 1764 sive
1103 1719 1174 1763 ex
1203 1700 1293 1764 rei
1324 1700 1551 1763 natura
1588 1699 1717 1763 sive
1757 1719 1827 1763 ex
1858 1699 2104 1763 infirma
2152 1699 2556 1783 dispositione
2605 1699 2887 1773 subiecti,

424 1804 746 1886 peccatum
778 1802 875 1866 est
903 1802 1169 1866 mortale
1205 1801 1282 1865 iis
1323 1820 1571 1885 operam
1605 1800 1750 1866 dare
1782 1803 1879 1865 vel
1918 1802 1995 1866 iis
2027 1803 2341 1867 interesse.

514 1904 685 1968 Inter
714 1903 967 1968 choreas
998 1903 1358 1968 inhonestas
1404 1905 1700 1967 recenseri
1748 1923 1786 1967 a
1834 1904 2051 1968 multis
2100 1904 2192 1968 ait
2225 1903 2400 1987 Gury
2448 1923 2506 1966 v.
2548 1905 2602 1966 1.
2642 1904 2698 1986 ξ.
2736 1904 2885 1967 242.

427 2007 791 2072 saltationes
821 2007 1189 2071 recentiores
1222 2005 1288 2070 la
1335 2004 1565 2082 Walse,
1600 2005 1666 2069 la
1697 2005 1928 2080 Polka,
1964 2005 2020 2069 le
2059 2005 2267 2087 Galop
2297 2007 2361 2069 et
2397 2005 2494 2069 his
2528 2005 2781 2069 similes.

516 2108 581 2174 Si
609 2109 778 2174 iusta
810 2127 999 2174 causa
1038 2108 1220 2187 adsit,
1256 2129 1307 2172 e.
1340 2129 1400 2193 g.
1436 2108 1838 2187 consuetudo,
1866 2110 2073 2173 status
2098 2109 2196 2173 sui
2233 2107 2532 2186 decentia,
2559 2111 2888 2190 parentum

424 2212 640 2289 iussio,
673 2212 882 2294 sponsi
905 2212 1003 2275 vel
1039 2231 1299 2294 sponsae
1346 2211 1658 2296 flagitatio
1692 2215 1809 2276 etc.
1835 2194 1954 2275 'nec
2000 2211 2318 2294 probabile
2352 2211 2439 2276 sic
2471 2210 2760 2293 peccandi
2792 2230 2892 2293 pe-

424 2314 713 2392 riculum,
752 2314 995 2378 nullum
1042 2315 1137 2379 est
1182 2315 1503 2397 peccatum
1551 2333 1654 2379 eas
1701 2313 1921 2378 ducere
1966 2314 2120 2379 iisve
2168 2314 2476 2389 assistere,
2510 2313 2658 2389 ime,
2693 2315 2768 2376 ut
2803 2313 2891 2377 di-

425 2417 648 2494 ximuS,
682 2416 1012 2481 honestum
1044 2405 1175 2482 esse
1207 2419 1416 2500 potest
1446 2419 1509 2480 et
1540 2416 1950 2480 meritorium.
1985 2415 2076 2480 Of.
2114 2435 2215 2479 nn.
2252 2416 2401 2479 998.
2438 2434 2562 2497 seq.

513 2519 822 2584 Larvatae
843 2520 1055 2584 autem
1079 2519 1335 2585 choreae
1363 2518 1544 2584 facile
1576 2519 1987 2603 reprobantur
2018 2521 2321 2602 tanquam
2345 2517 2620 2583 illicitae.
2649 2517 2887 2583 Larvae

423 2623 720 2687 nimirum
776 2623 1158 2688 occasionem
1204 2624 1490 2706 praebere
1537 2624 1739 2688 solent
1786 2623 1995 2689 effreni
2057 2622 2363 2699 licentiae,
2413 2639 2603 2703 quam
2652 2621 2887 2703 alioqui

425 2725 789 2790 verecundia
820 2725 1190 2809 prohiberet.
1226 2724 1443 2790 Monet
1473 2727 1686 2790 autem
1719 2724 1895 2810 Gury
1919 2726 1961 2789 l.
1989 2744 2038 2789 c.
2071 2725 2127 2807 ἓ.
2158 2725 2307 2787 244.
2335 2724 2642 2787 rationem
2666 2722 2892 2787 haben-

425 2827 569 2892 dam
630 2828 1242 2893 circumstantiarum
1292 2829 1355 2891 et
1400 2827 1653 2892 maioris
1700 2828 1801 2891 vel
1844 2827 2102 2891 minoris
2157 2825 2432 2909 periculi,
2483 2824 2649 2907 quod
2702 2826 2765 2888 in
2810 2825 2890 2890 iis

427 2930 680 3013 reperiri
709 2932 935 3014 potest,
967 2932 1133 3013 quod
1164 2930 1444 3016 intellige
1477 2930 1667 2995 etiam
1713 2932 1995 3013 respectu
2032 2929 2417 2994 diversarum
2463 2947 2888 3012 personarum.

517 3031 735 3099 Cetera
783 3034 987 3117 quoad
1036 3036 1262 3112 tactuS,
1314 3037 1617 3118 aspectuS,
1669 3033 1777 3116 qui
1825 3034 1887 3096 in
1935 3032 2172 3097 choreis
2237 3051 2549 3096 occurrere
2607 3035 2889 3113 possunt,

429 3135 674 3200 eaedem
720 3138 888 3222 leges
934 3139 1184 3202 valeant
1229 3156 1387 3220 quae
1434 3137 1714 3220 superius
1763 3136 1835 3199 de
1882 3135 1979 3201 his
2026 3133 2294 3200 traditae
2342 3135 2517 3209 sunt3
2559 3152 2679 3197 non
2728 3135 2893 3199 enim

426 3235 500 3301 fit
532 3239 805 3322 exceptio
838 3239 903 3303 in
934 3238 1211 3305 favorem
1244 3241 1631 3305 chorearum.

536 3400 644 3454 ΧΙΙ.
674 3403 758 3453 10.
785 3399 1086 3452 Ε1111111611163
1121 3399 1369 3453 comedias
1407 3408 1593 3465 turpeS,
1635 3399 1753 3453 itcm
1795 3399 2027 3453 facientes
2064 3397 2220 3450 libros
2259 3404 2344 3450 aut
2382 3396 2598 3464 picturas
2639 3396 2896 3451 incitantes

426 3484 490 3536 ad
509 3483 761 3537 libidinem
784 3489 985 3548 peccant
1006 3481 1303 3547 mortalitem
1324 3483 1437 3547 quia
1461 3489 1574 3537 sunt
1593 3482 1728 3536 ruina
1757 3483 1981 3549 proximi,
1995 3478 2377 3536 cummoraiiter
2406 3488 2589 3535 certum
2611 3481 2692 3545 sit,
2714 3482 2895 3535 multos

428 3566 540 3619 inde
566 3569 627 3620 ad
667 3573 918 3633 peccatum
950 3564 1240 3619 incitandos
1268 3565 1376 3619 Fiu.
1404 3582 1451 3617 n.
1480 3570 1535 3619 21
1561 3569 1599 3617 Ι.
1630 3566 1861 3620 Similiter
1883 3566 2216 3631 Magistratus,
2240 3565 2324 3631 qui
2355 3564 2642 3631 permittunt
2670 3564 2894 3618 exhiberi

433 3655 606 3717 turpes
643 3649 941 3715 comoedias»,
970 3664 1175 3717 peccare
1211 3649 1484 3704 mortaliter
1508 3652 1651 3704 docet
1678 3653 1821 3705 Hurt.
1848 3659 1896 3703 61
1933 3650 2156 3704 6011661111
2182 3653 2321 3704 Batd.
2350 3650 2393 3704 si
2419 3649 2758 3703 auctoritatem
2796 3648 2895 3702 illis

430 3741 692 3799 praestent,
717 3737 989 3801 approbent
1027 3740 1104 3813 vet
1144 3740 1370 3790 toveant:
1409 3734 1544 3788 addit
1584 3743 1741 3789 tamen
1784 3749 1928 3802 posse
1964 3734 2223 3800 aliquando
2261 3734 2506 3799 excusari,
2554 3733 2595 3786 si
2634 3736 2694 3787 ad
2737 3732 2895 3786 maius

431 3819 608 3871 malum
646 3818 1002 3885 impediendum
1043 3836 1137 3874 non
1176 3819 1378 3887 puniant
1416 3828 1462 3874 et
1504 3828 1686 3873 tantum
1727 3823 1954 3873 tolerent.
1985 3820 2112 3873 Vide
2143 3819 2278 3873 Dian.
2311 3836 2356 3887 p.
2386 3822 2435 3874 5.
2470 3827 2503 3872 t.
2534 3820 2617 3872 ι15.
2648 3834 2687 3871 r.
2717 3820 2802 3871 82.

521 3939 690 4013 996.
718 3943 888 4008 Haec
918 3945 1247 4010 cohaerent
1276 3964 1417 4010 cum
1450 3945 1658 4009 Resol.
1687 3945 1746 4008 8.
1775 3963 2042 4025 quacum
2077 3962 2148 4007 ea
2179 3943 2507 4028 coniungit
2539 3962 2587 4006 S.
2616 3941 2801 4025 Alph.

518 4049 593 4113 In
622 4048 740 4113 hac
769 4047 976 4113 Resol.
1014 4049 1282 4114 habetur
1318 4048 1561 4132 proprie
1594 4048 1761 4112 ratio
1807 4046 2101 4122 scandali,
2136 4064 2258 4111 non
2295 4046 2678 4111 subiectivae
2711 4044 2894 4107 lasci—

428 4152 565 4217 viae
597 4154 661 4217 et
691 4171 799 4235 per
830 4170 894 4216 36
925 4151 1075 4216 haec
1105 4154 1389 4235 spectant
1420 4151 1498 4215 ad
1528 4149 1970 4215 tractationem
2002 4148 2076 4212 de
2107 4148 2421 4213 scandalo.

517 4254 696 4335 Quod
718 4254 947 4319 dicitur
969 4253 1044 4318 de
1072 4252 1440 4318 facientibus
1465 4254 1741 4336 picturas
1773 4252 2105 4317 incitantes
2132 4250 2209 4315 ad
2234 4249 2575 4326 libidinem,
2601 4246 2739 4330 pari
2760 4246 2894 4311 iure

429 4357 853 4441 accipiendum
884 4359 979 4422 est
1011 4356 1085 4420 de
1116 4374 1220 4420 eas
1252 4356 1696 4420 exhibentibus
1734 4353 1924 4419 Hom.
1961 4352 2184 4432 Apost.
2219 4354 2299 4416 tr.
2327 4353 2388 4415 9.
2415 4371 2475 4414 n.
2505 4351 2564 4414 8.

430 4508 433 4511 -
519 4460 707 4525 Ratio
747 4458 960 4523 addita
990 4459 1156 4542 parti
1186 4457 1378 4541 priori
1412 4457 1684 4521 ostendit
1714 4476 1868 4540 opus
1900 4475 2021 4521 non
2053 4473 2206 4528 esse,
2240 4456 2313 4519 ut
2350 4453 2616 4518 mortale
2647 4452 2733 4517 sit
2764 4471 2896 4535 pec-

432 4564 661 4642 catum,
695 4561 862 4644 quod
889 4562 1072 4626 ruina
1109 4558 1373 4643 proximi
1402 4558 1790 4623 intendatur:
1831 4559 1986 4623 satis
2018 4558 2114 4622 est
2149 4574 2288 4621 eam
2321 4555 2695 4639 praevidere.
