3497 5147
332 368 482 444 [839]
821 381 990 429 Qum
1025 380 1361 422 onmoarro
1394 381 1767 423 mummium
1805 384 1884 424 nr
1918 383 2303 425 utrumnum
2687 373 2796 428 619

340 498 488 545 suas
526 478 604 543 ad
658 498 890 543 annum
933 478 1250 543 locaverat
1301 479 1366 542 et
1419 480 1561 543 ante
1597 480 1910 562 expletum
1955 500 2186 545 annum
2232 481 2510 556 discedit,
2558 483 2795 549 solvere

341 583 566 648 saltem
612 580 1004 646 dimidiatam
1047 580 1387 646 mercedem
1426 600 1754 665 parumper
1798 583 2191 662 diminutam,
2239 585 2414 666 puto,
2462 585 2517 649 si
2574 584 2797 649 saltem
2904 614 2911 621 ·

341 688 485 770 post
514 704 618 751 sex
647 703 889 751 menses
919 683 1217 749 discessit.
1250 684 1457 766 Atque
1490 684 1637 750 haec
1682 685 1804 749 nisi
1832 685 2014 751 iudex
2051 685 2222 751 aliud
2251 686 2558 752 decernat.

430 789 605 853 Licet
627 805 773 852 vero
805 786 1078 850 famulus
1111 805 1232 850 non
1265 786 1561 850 teneatur·
1579 787 1863 870 supplere
1895 788 2139 870 tempus
2172 788 2639 873 aegrotationiS,
2674 806 2794 853 non

342 892 553 956 tamen
583 889 793 973 potest
824 888 1123 952 salarium
1147 888 1278 951 eius
1309 888 1604 971 temporis
1628 890 1887 974 exigere,
1923 891 1997 953 ut
2027 890 2209 955 notat
2243 909 2292 955 s.
2323 890 2508 974 Alph.
2544 911 2602 954 n.
2644 889 2796 955 346.

433 992 626 1059 Addit
669 1011 717 1056 s.
756 990 941 1075 Aiph.
990 989 1415 1073 quaestionem
1457 1010 1519 1055 n.
1569 991 1740 1069 347„
1784 1011 1862 1056 an
1894 992 2103 1075 elapso
2140 993 2427 1069 triennio,
2461 994 2792 1075 postquam

343 1095 619 1161 famulus
649 1093 930 1159 discessit
960 1112 998 1156 a
1019 1092 1291 1169 domino,
1317 1091 1616 1156 salarium
1646 1093 1848 1175 possit
1870 1095 2076 1177 petere
2105 1094 2206 1159 vel
2236 1095 2356 1159 sibi
2377 1112 2798 1177 compensare.

433 1198 515 1261 Et
546 1198 697 1260 bene
726 1194 1071 1279 respondet,
1110 1193 1275 1276 quod
1300 1194 1353 1258 si
1371 1195 1637 1273 constat,
1672 1194 1994 1260 dominum
2030 1197 2309 1282 legitime
2333 1196 2796 1281 praescripffisse

343 1320 487 1367 cum
518 1299 707 1363 titulo
746 1299 810 1361 et
843 1297 1005 1362 bona
1042 1296 1177 1375 fide,
1217 1316 1327 1360 nec
1356 1296 1642 1362 dominus
1675 1298 1924 1363 tenetur
1954 1299 2191 1364 solvere
2223 1318 2333 1364 nec
2363 1299 2641 1392 famulus
2667 1299 2804 1382 pot-

345 1403 441 1468 est
487 1401 584 1465 uti
629 1398 1146 1482 compensatione,
1193 1397 1339 1462 lieet
1374 1400 1577 1464 certus
1609 1400 1694 1464 sit
1723 1399 1798 1464 de
1829 1420 1950 1464 non
1982 1401 2149 1465 facta
2179 1402 2508 1466 solutione.
2543 1400 2609 1466 Si
2657 1417 2800 1463 vero

345 1523 469 1570 non
498 1502 912 1587 praescripsit,
951 1502 1098 1567 licet
1126 1502 1293 1585 leges
1325 1500 1535 1566 civiles
1566 1503 1796 1587 negent
1831 1504 2138 1569 actionem
2169 1504 2422 1570 famulis
2457 1504 2634 1585 (quia
2665 1503 2799 1567 scil.

348 1606 766 1691 praesumitur
811 1604 976 1668 facta
1022 1603 1300 1686 solutio).
1335 1604 1399 1668 in
1430 1604 1563 1668 foro
1611 1605 1823 1668 tamen
1860 1605 2268 1689 conscientiae
2298 1606 2395 1669 ius
2428 1606 2696 1669 retinent
2741 1606 2804 1668 et

348 1709 635 1774 dominus
664 1726 904 1790 semper
935 1706 1011 1770 ad
1044 1706 1417 1770 solutionem
1447 1707 1714 1771 tenetur.
1753 1706 1927 1771 Unde
1965 1710 2027 1771 et
2058 1707 2479 1791 compensatio
2512 1707 2676 1771 licet.

412 1892 415 1893 ⁷
455 1870 644 1923 XXXI.
673 1872 722 1922 2.
752 1866 940 1922 FamuIi
963 1881 1058 1920 non
1087 1873 1302 1933 peceant,
1330 1864 1370 1919 si
1409 1866 1807 1920 sustentationem
1849 1871 1926 1921 veI
1965 1870 2238 1921 mercedem
2273 1867 2449 1922 iustam
2477 1868 2674 1922 domino
2714 1883 2791 1921 ne·

348 1960 510 2019 sante,
540 1961 737 2006 utantur
761 1950 1156 2018 compensatione
1180 1955 1387 2004 occulta.
1419 1952 1530 2004 ΜοΙ.
1560 1954 1591 2005 I.
1620 1967 1662 2004 c.
1693 1952 1798 2006 FiII.
1823 1959 1882 2005 tr.
1914 1955 1997 2005 36.
2024 1968 2067 2005 c.
2087 1956 2137 2006 6.
2165 1968 2211 2018 q.
2243 1956 2320 2007 3.:
2347 1956 2611 2006 dummodo
2642 1961 2803 2006 tamen

349 2038 478 2093 alius
503 2040 679 2092 modus
716 2052 810 2090 non
849 2036 913 2090 sit
948 2035 1240 2103 impetrandi
1266 2050 1355 2088 nec
1381 2038 1491 2101 ptus
1517 2036 1796 2102 accipiatur,
1822 2053 1967 2103 quam
1992 2041 2197 2091 debetur
2234 2054 2390 2104 neque
2417 2040 2698 2093 scandaIum
2725 2045 2809 2092 aut

348 2126 485 2181 aliud
508 2124 867 2178 Incommodum
890 2138 1042 2189 grave
1066 2123 1311 2177 timeatur.
1334 2123 1462 2177 Vide
1490 2126 1606 2176 Bon.
1634 2126 1695 2176 de
1714 2131 1832 2176 rest.
1855 2126 1901 2177 d.
1928 2126 1974 2177 ·2.
2005 2141 2050 2192 q.
2073 2129 2159 2178 uIt.
2185 2142 2230 2192 p.
2254 2129 2301 2178 2.
2323 2143 2367 2180 n.
2394 2126 2475 2179 ⁴6.
2495 2122 2629 2178 *Hae
2647 2133 2806 2178 tamen

349 2211 400 2266 in
424 2227 479 2266 re
503 2211 837 2265 animadverte
862 2211 1005 2276 prop.
1039 2209 1123 2261 37.
1150 2208 1278 2262 inter
1302 2211 1515 2262 damnat.
1546 2211 1607 2261 ab
1635 2212 1796 2262 Innoc.
1825 2211 1912 2263 XI.
1929 2207 1961 2239 ⁸²

459 2299 670 2353 XXXII.
698 2300 747 2351 3.
773 2295 1007 2351 Similiter
1033 2310 1121 2362 pro
1146 2293 1412 2361 obsequiis,
1440 2297 1500 2348 od
1528 2298 1653 2361 quae
1681 2310 1775 2348 non
1803 2298 2107 2361 tenebantur,
2136 2296 2383 2364 praestitis
2412 2296 2476 2364 (si
2501 2295 2696 2362 quidem
2720 2296 2803 2350 ina

349 2399 444 2438 non
480 2382 634 2447 gratis
672 2389 720 2434 et
761 2379 1041 2441 liberaliter,
1068 2381 1152 2432 sed
1192 2379 1352 2432 animo
1391 2379 1626 2432 mercedis
1650 2379 1982 2446 exhibuerint)
2004 2380 2153 2436 licere
2197 2397 2257 2435 ex
2290 2385 2438 2436 rebus
2463 2381 2646 2435 domini
2683 2380 2806 2434 acci·

350 2483 466 2535 pere
491 2464 951 2534 compensationem,
977 2478 1101 2530 quae
1126 2462 1267 2517 nIiter
1294 2462 1505 2517 obtineri
1540 2479 1633 2515 non
1674 2463 1844 2529 possit,
1874 2465 2019 2518 docet
2048 2468 2226 2520 Navar.
2252 2481 2296 2519 c.
2330 2467 2410 2519 17.
2441 2481 2488 2520 n.
2519 2469 2637 2519 ⁴08.
2666 2467 2804 2519 Less.

346 2557 382 2608 i.
409 2567 453 2608 e.
481 2553 618 2607 I‘Iura
658 2552 720 2604 de
758 2549 835 2604 bis
859 2564 908 2603 v.
934 2548 1058 2603 intra
1083 2547 1149 2604 de
1171 2548 1229 2602 7⁰
1264 2549 1555 2618 Praecepto
1581 2550 1627 2603 d.
1658 2549 1705 2602 4.
1732 2555 1780 2602 et
1811 2562 1854 2603 e.
1884 2551 1931 2603 3.
1959 2552 2006 2603 d.
2038 2551 2118 2604 II.
2147 2557 2196 2604 et
2224 2553 2342 2604 Bon.
2370 2552 2416 2605 d.
2447 2552 2498 2603 6.
2523 2566 2572 2617 q.
2605 2553 2652 2606 I.
2682 2566 2727 2618 p.
2754 2551 2804 2605 8.

440 2685 615 2761 839.
650 2689 742 2752 De
771 2687 869 2751 his
899 2705 1098 2751 sermo
1137 2686 1381 2761 redibit,
1414 2687 1488 2750 ut
1517 2686 1592 2750 A.
1626 2687 1851 2764 innuit,
1884 2687 1952 2751 ll.
1986 2706 2072 2752 co.
2107 2685 2239 2768 (Tr.
2275 2687 2451 2751 VIII.
2479 2708 2538 2770 p.
2568 2689 2628 2751 2.
2661 2707 2712 2750 c.
2745 2687 2802 2749 1.

349 2792 408 2857 d.
449 2792 511 2855 4.
561 2792 625 2855 et
668 2811 727 2874 p.
778 2790 838 2852 3.
888 2809 938 2853 c.
990 2790 1048 2851 2.
1100 2788 1157 2851 d.
1213 2787 1315 2850 11.
1365 2787 1469 2851 sed
1516 2787 1590 2851 cf.
1642 2790 1704 2851 et
1762 2809 1820 2870 p.
1872 2790 1932 2851 2.
1973 2808 2023 2852 c.
2072 2789 2114 2852 l.
2166 2789 2282 2852 sub
2332 2790 2389 2871 §-
2441 2789 2548 2872 V.)
2612 2793 2675 2854 et
2720 2788 2810 2853 ibi

351 2893 633 2978 quaestio
666 2890 1014 2969 habebitur,
1050 2909 1128 2954 an
1159 2889 1379 2954 famuli
1403 2889 1643 2973 possint
1673 2889 1792 2954 sibi
1822 2909 2213 2973 compensare
2237 2910 2349 2975 pro
2374 2893 2598 2957 maiori
2623 2911 2808 2976 opera

395 2995 674 3060 raestita.

352 3017 393 3086 p
442 3097 635 3163 Addit
680 3116 728 3161 s.
763 3094 946 3176 Alph.
995 3115 1055 3159 n.
1106 3095 1255 3158 348.
1304 3094 1748 3176 quaestionem,
1801 3115 1878 3159 an
1911 3095 2148 3159 iustum
2178 3095 2555 3176 stipendium
2585 3095 2810 3160 saltem

350 3200 636 3266 infimum
667 3197 865 3282 possit
899 3199 1105 3280 petere
1143 3198 1255 3262 aut
1287 3197 1405 3262 sibi
1450 3217 1690 3262 sumere
1734 3197 1861 3274 iile,
1896 3198 2005 3280 qui
2035 3199 2209 3262 nulla
2254 3199 2499 3264 statuta
2530 3197 2805 3264 mercede

354 3303 633 3368 inservit.

445 3405 528 3469 Et
558 3403 788 3488 optime
818 3401 1146 3488 respondet
1182 3421 1230 3466 s.
1258 3401 1438 3482 Alph.
1473 3403 1840 3487 generatim,
1873 3401 2319 3484 inspiciendum
2359 3420 2510 3477 esse,
2559 3402 2706 3482 quid
2739 3422 2811 3467 ea

355 3509 430 3573 de
467 3528 531 3572 re
563 3508 722 3572 ferat
751 3504 1152 3572 consuetudo.
1192 3502 1356 3567 Nam
1388 3504 1441 3568 si
1472 3503 1593 3568 fert
1625 3523 1795 3581 usus,
1830 3509 1905 3569 ut
1936 3505 2108 3568 nulla
2140 3503 2320 3568 detur
2357 3522 2586 3566 merces
2618 3523 2677 3566 r.
2712 3523 2806 3586 gr.

356 3609 715 3676 inservienti
738 3609 1098 3693 pictoribus,
1135 3610 1205 3671 ut
1230 3605 1446 3684 discat,
1473 3605 1712 3670 nullam
1735 3606 1944 3690 potest
1966 3607 2170 3688 petere
2205 3607 2316 3668 aut
2340 3623 2598 3668 sumere.
2626 3602 2812 3668 Secus

358 3712 414 3777 si
446 3731 594 3776 usus
631 3711 714 3776 sit
744 3711 925 3775 alius.
978 3710 1098 3775 Ubi
1146 3729 1193 3774 s.
1229 3708 1412 3791 Alph.
1447 3709 1721 3772 recenset
1754 3709 1918 3771 artes
1951 3707 2156 3772 varias
2189 3708 2252 3769 et
2284 3726 2394 3789 pro
2429 3706 2811 3784 diversitate,

355 3814 542 3880 modo
574 3814 750 3898 pueri
771 3814 891 3896 ipsi
922 3814 1173 3878 solvunt
1196 3812 1519 3898 magistro,
1554 3810 1737 3874 modo
1774 3811 1851 3875 ab
1883 3810 2016 3892 ipso
2049 3809 2279 3874 habent
2311 3808 2545 3892 aliquid
2576 3809 2810 3888 salarii,

358 3917 543 3981 modo
580 3918 797 3980 neuter
829 3914 1148 3999 quidpiam
1182 3914 1390 3979 solvit.

454 4019 644 4083 Addit
681 4037 728 4083 s.
763 4018 947 4100 Alph.
980 4017 1315 4081 incidenter
1346 4038 1404 4081 n.
1433 4017 1582 4079 350.
1632 4015 1815 4080 licere
1847 4015 2037 4079 servis
2069 4013 2134 4078 in
2164 4014 2325 4079 bello
2358 4014 2554 4097 captis
2600 4015 2817 4098 fugam

360 4122 649 4203 arripere.
684 4120 784 4185 Ita
821 4119 1221 4184 consuetudo.
1255 4119 1342 4182 At
1364 4118 1471 4183 isti
1505 4138 1625 4183 non
1657 4120 1804 4182 sunt
1836 4116 2075 4194 famuli,
2111 4116 2215 4181 sed
2247 4117 2525 4182 homines
2558 4116 2717 4180 bello
2751 4116 2816 4179 in

360 4224 730 4290 servitutem
761 4221 994 4287 redacti
1036 4222 1172 4285 iure
1216 4222 1517 4305 gentium.
1552 4221 1768 4298 Porro,
1803 4223 1875 4286 ut
1905 4220 2085 4285 notat
2116 4239 2258 4284 cum
2305 4220 2442 4284 aliis
2477 4239 2525 4282 s.
2561 4218 2814 4298 Doctor‚

362 4328 480 4393 hoc
511 4326 609 4391 ius
645 4324 930 4410 gentium
962 4324 1053 4387 ita
1085 4325 1179 4386 est
1226 4325 1634 4404 acceptatum,
1678 4326 1751 4388 ut
1783 4323 1932 4407 ipsis
1957 4322 2172 4390 relicta
2204 4323 2307 4394 sit,
2347 4321 2401 4386 si
2439 4320 2697 4402 possint,
2733 4319 2824 4384 fu·

358 4429 569 4514 giendi
612 4428 890 4491 libertas.
940 4422 1058 4490 Sed
1103 4425 1254 4488 haec
1300 4425 1581 4506 spectant
1628 4425 1705 4489 ad
1755 4427 1831 4488 tr.
1881 4425 1954 4488 cle
2001 4423 2140 4489 Iur.
2175 4427 2236 4487 et
2270 4423 2551 4498 Iustitia,
2592 4424 2700 4492 ubi
2746 4423 2820 4488 de

362 4530 659 4596 Dominio
686 4528 918 4614 agitur.
