3497 5147
821 352 929 406 464
983 363 1196 405 TRAcT.
1224 365 1303 405 vr.
1331 362 1489 404 secr.
1519 363 1583 402 11.
1608 363 1693 403 DE
1715 363 1995 405 smonrmo
2014 363 2231 404 nmmo.
2259 362 2588 405 omnnem.
2614 360 2743 402 on.
2767 360 2847 401 111.
2870 360 2992 401 nun.
3013 360 3047 400 1.
3073 343 3189 420 [602]

1758 565 2116 633 CAPUT
2187 571 2347 634 III.

1845 728 1946 774 DF
2026 729 2246 777 VOTO

1910 908 2072 972 Dus.
2122 910 2171 973 Ι.

1580 1068 1753 1150 Quid
1792 1072 1999 1132 votum
2042 1073 2105 1133 et
2147 1069 2500 1152 quobufflex.

927 1234 961 1284 l.
992 1234 1237 1298 Respond.
1268 1233 1309 1283 l.
1331 1234 1417 1283 Est
1438 1229 1699 1297 promissio
1727 1235 1850 1284 sacta
1880 1232 2001 1290 Deo,
2023 1231 2307 1294 deliberate,
2329 1235 2390 1284 de
2417 1234 2546 1285 bono
2574 1230 2797 1298 possibili
2817 1237 2862 1284 et
2881 1229 3198 1285 meliori:s.Tl1.

816 1319 865 1370 2.
897 1320 945 1370 2.
978 1332 1021 1382 q.
1052 1318 1137 1369 88.
1168 1318 1231 1368 V.
1258 1318 1433 1369 Sanch.
1455 1325 1504 1369 et
1522 1318 1692 1380 Laym.
1717 1319 1747 1369 Ι.
1775 1316 1820 1368 4.
1851 1323 1882 1368 t.
1905 1315 1951 1368 4.
1979 1318 2120 1369 Unde
2148 1324 2294 1383 patet,
2322 1319 2452 1382 quod
2495 1319 2679 1370 Votum
2721 1317 2785 1370 sit
2820 1324 2947 1369 aetus
2972 1314 3109 1369 latriae
3129 1313 3199 1366 soli

818 1402 923 1453 Deo
964 1400 1176 1454 debitus.
1209 1401 1374 1467 Quare
1400 1402 1513 1452 dum
1548 1413 1786 1452 vovemus
1810 1401 2048 1465 quaedam
2081 1400 2277 1465 sanctiS,
2309 1417 2482 1455 sensus
2521 1407 2618 1464 est,
2641 1401 2810 1455 voveri
2834 1415 2886 1455 ea
2913 1403 3006 1454 Deo
3027 1400 3068 1452 in
3088 1403 3200 1451 bono-

813 1499 914 1537 rem
954 1483 1096 1536 simul
1137 1492 1446 1551 sauctorum
1470 1483 1595 1537 sieut
1633 1486 1812 1550 templa
1840 1492 1888 1537 et
1925 1485 2095 1537 altaria
2138 1484 2450 1539 aedificamus
2489 1489 2593 1540 Deo
2632 1485 2682 1539 in
2726 1487 2977 1540 eorundem
3001 1488 3198 1536 bonorem.

812 1571 969 1621 Porro
1009 1583 1068 1622 ex
1096 1567 1299 1633 singulis
1325 1567 1578 1635 particulis
1602 1570 1744 1622 datae
1777 1568 2074 1624 definitionis
2114 1570 2253 1624 multi
2278 1585 2423 1624 casus
2450 1573 2771 1626 resolvuntur
2787 1586 2803 1639 ;
2828 1585 2961 1637 quos,
2986 1577 3033 1622 ut
3062 1567 3201 1621 vitetur

811 1652 1036 1706 conlusio
1074 1660 1121 1706 et
1160 1655 1443 1707 consulatur
1481 1653 1762 1716 memoriae,
1789 1654 2032 1719 separatis
2063 1654 2227 1707 dubiis
2268 1669 2554 1720 proponam.

905 1776 1083 1850 8o2.
1134 1781 1167 1818 *
1202 1782 1423 1862 Itaque
1471 1782 1689 1845 votum
1735 1799 1859 1844 non
1906 1782 2003 1845 est
2050 1781 2308 1864 simplex
2368 1782 2764 1865 propositum
2833 1801 2935 1847 seu
2976 1779 3203 1844 voluntas

813 1882 1048 1964 aliquid
1080 1883 1360 1961 faciendi,
1401 1882 1506 1946 sed
1556 1882 1904 1966 promissio,
1939 1902 2064 1966 qua
2095 1885 2234 1965 quis
2283 1884 2462 1948 alteri
2512 1904 2576 1949 se
2614 1884 2858 1970 obligat
2901 1882 2973 1948 ad
3007 1878 3205 1963 aliquid.

810 1984 1294 2049 Promissionem
1338 1985 1588 2066 quidem
1641 1985 1740 2049 vel
1786 1985 2096 2068 praeeedit
2149 1985 2249 2049 vel
2286 1987 2449 2050 certe
2502 1987 2845 2051 comitatur
2887 1984 3205 2070 propositum

811 2085 1047 2167 aliquid
1084 2085 1365 2163 faciendi,
1398 2088 1790 2171 propositum
1844 2107 1988 2152 vero
2037 2088 2379 2173 praeexigit
2426 2088 2703 2171 aliquam
2753 2087 3207 2158 deliberationem,

809 2207 968 2270 quae
1005 2187 1471 2270 inquisitionem
1505 2192 1567 2254 et
1598 2190 1900 2254 iudicium
1948 2189 2211 2253 rationis
2250 2191 2756 2273 comprehendit:
2793 2209 2971 2276 porro
2999 2189 3056 2253 hi
3075 2189 3204 2252 actus

810 2290 1190 2369 deliberatiO,
1218 2293 1627 2375 propositum,
1668 2291 1996 2375 promissio
2030 2311 2137 2375 per
2170 2311 2234 2356 se
2281 2293 2471 2357 simul
2518 2311 2648 2358 esse
2687 2293 2966 2376 possunt.
2991 2290 3077 2356 Sie
3099 2304 3207 2372 ergo

811 2393 889 2457 ad
934 2395 1154 2458 votum
1193 2395 1316 2459 tria
1362 2396 1703 2459 necessario
1741 2394 2164 2476 requiruntur,
2212 2395 2412 2477 primo
2462 2394 2711 2477 quidem
2761 2393 3112 2462 deliberatio,
3148 2407 3212 2452 se

807 2495 1007 2560 eundo
1054 2497 1443 2581 propositum
1474 2497 1843 2573 voluntatis,
1879 2497 2067 2561 tertio
2104 2498 2453 2580 promissio,
2483 2497 2549 2562 in
2595 2516 2723 2581 qua
2755 2498 3056 2584 perficitur
3092 2492 3210 2558 ratio

809 2601 971 2664 voti:
1006 2620 1055 2665 s.
1090 2601 1204 2664 Th.
1242 2602 1301 2664 2.
1339 2603 1397 2664 2.
1433 2621 1492 2684 q.
1529 2602 1633 2665 88.
1664 2620 1718 2665 a.
1753 2602 1810 2665 1.

900 2702 1138 2766 Votum
1171 2704 1266 2766 est
1296 2702 1370 2766 de
1401 2703 1562 2767 bono
1588 2701 1902 2782 possibzli,
1937 2702 2154 2785 utique
2185 2703 2305 2785 ipsi
2350 2703 2622 2782 voventi,
2656 2704 2925 2781 melion,
2956 2721 3065 2768 non
3096 2716 3215 2764 com·

810 2805 1131 2888 paratione
1176 2805 1344 2869 faeta
1381 2825 1524 2869 eum
1561 2805 1841 2888 quolibet
1879 2804 2000 2869 alio
2040 2806 2221 2882 bono,
2280 2805 2384 2869 sed
2422 2824 2564 2869 eum
2610 2805 2776 2872 bono
2826 2806 2944 2890 ipsi
2987 2801 3215 2889 opposito

808 2906 907 2971 vel
939 2927 1082 2971 eum
1112 2907 1283 2971 illius
1309 2907 1659 2972 omissione.
1695 2907 1867 2987 Quae
1897 2908 2376 2972 declarabuntur
2411 2908 2475 2972 in
2507 2909 2694 2974 tertio
2727 2910 2939 2975 dubio.

897 3009 1167 3074 Advorte
1215 3030 1355 3074 eum
1404 3010 1725 3094 Laymann
1773 3009 1849 3073 de
1913 3009 2084 3086 Voto,
2133 3030 2184 3074 e.
2230 3012 2287 3073 1.
2328 3031 2388 3074 n.
2440 3010 2501 3074 6.
2537 3030 2607 3074 ex
2642 3009 2894 3091 Suarez,
2933 3010 3084 3095 quod
3119 3023 3220 3091 pro-

807 3112 1022 3176 missio
1070 3113 1202 3177 fieri
1233 3115 1441 3195 potest
1473 3112 1659 3176 alicui
1693 3110 1940 3189 Sancto,
1968 3115 2219 3195 propter
2251 3112 2476 3196 ipsum,
2507 3112 2583 3176 ad
2614 3113 2918 3180 honorem
2943 3116 3082 3187 eius;
3109 3108 3218 3174 talis

808 3233 954 3279 vero
989 3215 1334 3296 promissio,
1370 3214 1488 3278 etsi
1534 3200 1739 3291 saera,
1767 3232 1888 3278 non
1949 3216 2111 3279 esset
2162 3215 2408 3298 proprie
2437 3217 2685 3293 votum3
2735 3217 2889 3299 quia
2932 3236 3046 3281 non
3089 3214 3223 3278 acuis

807 3319 970 3381 esset
993 3316 1247 3381 virtutis
1278 3316 1616 3401 religionis,
1658 3318 1727 3381 at
1758 3316 1986 3381 duliae.
2020 3315 2378 3381 Generatim
2431 3336 2575 3382 vero
2616 3321 2768 3383 vota
2807 3318 3044 3385 Sanctis
3083 3314 3220 3383 fiunt,

808 3421 973 3485 sieut
1002 3421 1076 3483 A.
1113 3420 1396 3502 explieat.
1416 3420 1450 3457 ’¹‘

916 3564 970 3614 11.
1000 3563 1147 3626 Resp.
1176 3564 1223 3612 2.
1254 3558 1499 3612 Dividitur
1539 3561 1721 3612 Votum
1759 3561 1799 3610 l.
1829 3558 1876 3612 in
1916 3561 2209 3614 Absolutum
2257 3570 2304 3615 et
2330 3561 2743 3618 Conditionatum.
2773 3564 2900 3618 lllud
2938 3572 3025 3624 est,
3049 3560 3156 3629 quod
3184 3558 3224 3609 fit

806 3646 909 3699 sine
942 3648 1039 3699 ulla
1078 3645 1373 3708 conditione,
1406 3650 1457 3697 ut
1495 3658 1656 3698 voveo
1697 3646 2092 3709 eleemosynam:
2120 3649 2212 3699 boc
2253 3654 2431 3709 autem,
2476 3650 2605 3712 quod
2645 3651 2700 3702 nt
2735 3665 2848 3703 eum
2886 3642 3223 3704 conditionem

807 3739 875 3791 ut,
908 3730 1001 3783 nisi
1040 3734 1131 3783 bac
1160 3729 1333 3796 posita,
1360 3744 1454 3781 non
1482 3735 1714 3793 exsurgat
1739 3728 2002 3793 obligatio:
2031 3736 2084 3782 ut
2113 3743 2274 3783 voveo
2305 3732 2687 3799 eleemosynam,
2719 3733 2761 3788 si
2799 3733 2998 3787 sanitati
3025 3728 3224 3785 restituar.

810 3817 886 3867 vel
930 3815 1080 3878 (quod
1120 3813 1298 3866 dicitur
1336 3814 1566 3878 poenale)
1597 3828 1758 3866 voveo
1799 3817 1954 3867 faeere
1994 3812 2315 3881 disciplinam,
2352 3815 2393 3868 si
2433 3819 2528 3869 boc
2569 3821 2744 3872 fecero.
2774 3821 2827 3871 2.
2859 3820 2911 3872 ln
2948 3821 3163 3873 sollemne
3189 3817 3225 3863 et

805 3899 1037 3964 Simplex.
1064 3900 1184 3952 lllud
1211 3906 1301 3962 est,
1330 3900 1477 3963 quod,
1508 3906 1559 3951 ut
1601 3901 1711 3961 tale,
1737 3900 2141 3969 acceptatur-'gab
2170 3900 2385 3953 Ecclesia
2427 3910 2475 3954 et
2502 3911 2613 3956 sunt
2640 3906 2760 3956 baec
2785 3905 2916 3957 duo:
2944 3908 3100 3956 votum
3122 3894 3229 3952 casti·

805 3984 935 4047 tatiS,
965 3985 1093 4049 quod
1136 3982 1404 4036 maioribus
1433 3983 1697 4036 Ordinibus
1724 3998 1966 4036 annexum
2010 3992 2084 4037 est
2123 3992 2171 4037 et
2209 3993 2376 4038 votum
2408 3985 2723 4052 professionis
2750 3987 3027 4053 religiosae.
3052 3984 3226 4049 Simplex

804 4077 963 4124 autem
1004 4076 1173 4122 votum
1212 4074 1287 4122 est
1311 4082 1453 4121 omne
1484 4067 1632 4130 aliud,
1660 4069 1790 4133 quod
1819 4072 1963 4121 talem
1992 4069 2365 4122 sollemnitatem
2390 4085 2485 4123 non
2528 4073 2693 4125 babet.
2721 4071 2816 4126 Ubi
2847 4071 3102 4129 sciendum.
3125 4065 3223 4132 ΨΜ

802 4164 971 4211 votum
1000 4157 1235 4208 sollemne
1265 4153 1424 4206 reddit
1454 4168 1710 4218 personam
1738 4152 1846 4206 iure
1884 4152 2148 4207 inhabilem
2189 4155 2250 4206 ad
2290 4161 2570 4208 contractus
2595 4157 2677 4210 vel
2711 4163 2854 4210 actus
2889 4163 3054 4211 contra
3077 4160 3230 4207 votum.

803 4248 855 4294 ut
894 4242 954 4293 ad
981 4238 1361 4304 matrimonium,
1389 4240 1465 4290 vel
1494 4236 1761 4290 dominium
1791 4240 2027 4290 bonorum
2058 4240 2348 4291 babendum.
2378 4239 2496 4292 Vid.
2523 4239 2649 4294 intra
2681 4241 2763 4294 lib.
2794 4242 2845 4294 4.
2872 4256 2916 4294 c.
2951 4244 2994 4294 l.
3021 4240 3077 4294 in
3099 4235 3228 4293 tract

803 4326 869 4381 de
904 4330 1055 4380 statu
1096 4325 1248 4395 reliq.
1276 4325 1492 4392 Simplex
1531 4333 1692 4378 autem
1732 4327 1828 4379 tale
1855 4332 2039 4387 votum,
2069 4340 2117 4379 v.
2146 4341 2219 4390 gr.
2245 4326 2484 4380 eastitatis
2527 4327 2757 4395 (excipio,
2782 4330 2918 4395 quod
2953 4328 3000 4381 in
3025 4324 3231 4382 societate

804 4413 943 4465 lESU
983 4410 1220 4463 emittitur
1248 4420 1357 4477 post
1396 4409 1726 4472 Novitiatum)
1765 4417 1849 4463 aut
1887 4409 2227 4473 ingrediendae
2267 4411 2552 4476 Religionis,
2601 4412 2695 4467 etsi
2731 4415 2908 4467 reddat
2947 4416 3231 4467 coniunctum·

804 4510 850 4548 v,
877 4511 951 4559 gr.
981 4495 1270 4548 matrimonii
1293 4495 1534 4556 illicitum,
1564 4510 1655 4546 non
1684 4502 1844 4547 tamen
1872 4494 2153 4555 invalidum,
2184 4495 2282 4549 vid.
2306 4496 2423 4549 infra
2454 4498 2536 4550 lib.
2564 4499 2613 4551 6.
2641 4498 2706 4553 de
2733 4496 3110 4553 Matrimonia·
3129 4493 3230 4546 3.l¹1

801 4582 949 4635 Reale
977 4588 1025 4633 et
1054 4583 1331 4633 Personale.
1365 4582 1483 4633 illud
1514 4587 1603 4643 ost,
1632 4594 1739 4631 cum
1771 4580 1973 4645 pecunia
2019 4584 2093 4633 vel
2136 4581 2226 4633 alia
2271 4596 2349 4634 res
2388 4590 2591 4635 externa
2627 4582 2782 4650 pretio
2809 4580 3118 4637 aestimabilis
3142 4591 3233 4644 pro·
