3497 5147
364 376 477 455 [87]
1409 391 1495 431 mn
1532 390 1804 432 namnam
2766 382 2836 436 61

362 490 592 574 quibus
623 508 748 554 non
778 489 979 572 possit
1015 487 1348 570 prudenter
1380 486 1593 571 negari
1641 488 1755 552 aut
1792 487 1868 552 de
1899 506 1972 553 ea
2002 486 2279 553 dubitari
2330 492 2443 555 aut
2489 490 2833 556 formidari.

364 593 545 677 Lugo
577 613 639 656 n.
680 589 1006 655 159.-161.

456 695 620 758 Hinc
679 693 905 758 notant
950 692 1251 767 doctores,
1299 692 1640 777 pertinacia
1682 693 1892 757 minus
1940 692 2274 774 aliquando
2330 695 2609 759 excusari
2655 715 2838 780 posse

363 797 672 861 rusticum
706 796 770 860 et
798 794 1081 872 idiotam,
1117 813 1308 876 quam
1354 797 1561 858 virum
1607 794 1880 859 doctum.
1919 794 2084 858 Nam
2129 794 2375 859 minora
2420 797 2668 862 motiva
2714 800 2838 863 evi-

365 900 567 963 dentis
599 896 1036 963 credibilitatis
1084 896 1488 978 requiruntur
1534 915 1644 979 pro
1691 896 1947 973 rustic0,
1997 898 2072 961 ut
2118 896 2433 981 obligetur
2482 898 2560 962 ad
2592 900 2836 964 creden·

365 1002 534 1079 dum,
569 1020 760 1083 quam
784 999 1021 1063 homini
1058 999 1262 1075 doct0‚
1296 999 1403 1081 qui
1433 999 1655 1062 melius
1685 999 1971 1082 penetrat
2001 998 2406 1064 fundamenta
2437 999 2830 1067 formidandi.

364 1103 501 1168 Non
531 1102 810 1167 excusari
857 1102 1054 1187 igitur
1089 1101 1321 1184 poterit
1352 1120 1388 1164 a
1418 1101 1763 1184 pertinacia
1793 1101 2085 1179 rusticus,
2122 1102 2227 1183 qui
2262 1121 2383 1167 non
2419 1104 2834 1185 acquiesceret

363 1206 593 1271 iudicio
642 1205 931 1289 Episcopi
975 1204 1074 1268 vel
1129 1204 1542 1285 InquisitoriS,
1599 1204 1744 1268 licet
1801 1208 2009 1288 posset
2062 1206 2339 1270 excusari
2388 1206 2464 1269 ab
2511 1225 2582 1271 eo
2630 1208 2832 1291 gradu

364 1308 741 1391 pertinaciae
774 1307 851 1372 ad
882 1305 1186 1371 haeresim
1231 1306 1566 1387 requisitae
1597 1306 1819 1371 doctus
1852 1307 2204 1393 theologus,
2254 1327 2325 1373 eo
2374 1309 2538 1391 quod
2587 1311 2833 1376 afferret

363 1410 637 1475 rationes
683 1410 1068 1485 verisimiles,
1108 1428 1217 1473 cur
1247 1428 1369 1472 non
1403 1409 1716 1493 obligetur
1771 1410 1835 1474 et
1885 1413 2089 1495 neget,
2124 1429 2261 1475 eam
2294 1429 2425 1476 esse
2482 1411 2831 1478 doctrinam

364 1512 700 1577 Ecclesiae:
734 1512 835 1577 cui
859 1513 1182 1594 propterea
1206 1510 1375 1593 prius
1409 1512 1655 1593 oportet
1684 1512 2060 1592 satisfacere,
2087 1513 2405 1597 disputare
2438 1516 2501 1578 et
2531 1516 2836 1598 explicare

364 1615 768 1679 fundamenta
800 1632 1111 1690 censurae,
1147 1615 1221 1677 ut
1267 1613 1672 1678 convincatur
1718 1616 1832 1679 aut
1878 1615 2040 1679 certe
2087 1616 2367 1680 convinci
2395 1617 2596 1700 possit
2629 1637 2699 1681 ac
2737 1618 2836 1682 de-

366 1716 510 1781 beat
546 1716 897 1800 sapientum
943 1715 1194 1779 iudicio.
1234 1715 1461 1779 Postea
1508 1734 1652 1780 vero
1692 1714 1744 1780 si
1776 1734 1899 1780 non
1933 1717 2304 1798 acquiescat,
2352 1719 2583 1800 poterit
2619 1719 2833 1784 haberi

367 1822 444 1883 ut
466 1820 773 1901 pertinax;
803 1838 913 1882 nec
951 1817 1112 1882 enim
1138 1817 1201 1880 in
1234 1817 1499 1901 singulis
1532 1817 1777 1882 casibus
1812 1837 1965 1900 opus
2004 1820 2099 1883 est
2137 1818 2214 1882 ad
2247 1838 2473 1883 novam
2511 1819 2836 1885 Pontificis

373 1919 848 1985 declarationem
886 1940 1215 1984 recurrere.

457 2022 525 2087 Si
557 2025 761 2087 tamen
795 2024 1022 2108 agatur
1045 2022 1119 2086 de
1150 2041 1252 2087 reo
1287 2023 1596 2097 accusato,
1631 2022 1798 2103 qnod
1830 2023 2133 2104 quaedam
2165 2024 2498 2106 protulerit
2531 2026 2760 2092 absona
2792 2047 2831 2092 a

364 2124 502 2202 fide,
536 2125 782 2189 facilius
814 2126 1095 2209 pertinax
1140 2124 1521 2189 iudicabitur
1549 2125 1647 2188 vir
1682 2124 1923 2203 doctus,
1963 2144 2152 2207 quam
2201 2126 2502 2205 rusticus3
2553 2148 2694 2192 nam
2742 2127 2832 2193 fa-

360 2227 543 2291 cilius
582 2227 656 2291 de
689 2227 822 2291 viro
861 2228 1063 2304 docto,
1104 2246 1293 2308 quam
1325 2226 1398 2291 de
1422 2227 1677 2305 rustico,
1715 2229 2154 2311 praesumitur,
2190 2229 2354 2312 quod
2387 2230 2638 2295 sciverit
2669 2251 2731 2295 se
2757 2252 2829 2296 ea

360 2329 654 2414 proferre,
689 2350 847 2413 quae
885 2330 1014 2393 sint
1058 2331 1273 2393 contra
1306 2328 1613 2393 Ecclesiae
1647 2329 2014 2394 doctrinam.
2039 2330 2224 2415 Lugo
2256 2351 2317 2395 n.
2358 2333 2504 2396 161.
2543 2333 2690 2397 162.

451 2429 574 2503 88.
601 2433 699 2497 Ad
723 2432 1127 2517 pertinaciam
1153 2432 1412 2513 denique
1430 2450 1551 2496 non
1586 2432 1681 2496 est
1710 2451 1973 2509 necesse,
2009 2434 2083 2497 nt
2115 2434 2255 2515 quis
2286 2436 2471 2517 neget
2495 2437 2827 2501 veritatem

363 2535 641 2618 aliquam
672 2534 830 2612 ideo,
865 2535 939 2599 ut
962 2533 1348 2599 contradicat
1377 2534 1685 2600 Ecclesiae
1717 2553 1828 2600 seu
1862 2536 1936 2601 ut
1966 2534 2121 2601 velit
2164 2535 2450 2601 resistere
2496 2536 2830 2617 Ecclesiae,

362 2637 468 2701 sed
501 2637 737 2702 sufficit
774 2637 928 2701 scire
959 2636 1022 2700 id
1053 2656 1184 2701 esse
1221 2640 1438 2702 contra
1471 2657 1719 2702 sensum
1766 2638 2077 2703 Ecclesiae
2125 2641 2188 2704 et
2234 2642 2445 2704 tamen
2491 2640 2553 2704 id
2601 2643 2828 2705 tenere.

364 2739 544 2825 Lugo
580 2761 640 2804 n.
680 2740 829 2803 163.
885 2739 1031 2802 164.

455 2840 575 2906 Seu
608 2842 810 2920 aliter,
846 2842 1077 2906 sufficit
1109 2844 1182 2906 ut
1219 2844 1274 2907 ei
1312 2841 1528 2906 taliter
1557 2843 1941 2926 proponatur
1963 2842 2311 2907 infallibilis
2351 2837 2691 2907 auctoritas
2723 2842 2834 2907 Ec-

360 2945 586 3009 clesiae
633 2947 697 3009 et
727 2932 999 3009 eiusdem
1032 2944 1340 3008 Ecclesiae
1395 2943 1672 3010 definitio
1727 2945 1803 3009 de
1855 2944 2170 3008 contrario
2203 2944 2516 3029 dogmate,
2565 2947 2640 3008 ut
2684 2947 2834 3010 licet

359 3049 523 3114 nolit
555 3051 886 3130 utramque
911 3047 1172 3125 credere,
1199 3047 1326 3111 iam
1352 3048 1505 3112 satis
1537 3049 1747 3112 tamen
1775 3046 1983 3111 videat
2015 3046 2466 3130 obligationem
2496 3049 2830 3130 utramque

356 3150 644 3215 credendi
677 3152 741 3215 et
776 3169 897 3214 non
931 3149 1131 3233 possit
1175 3149 1507 3233 prudenter
1538 3168 1763 3233 negare
1797 3149 1911 3212 aut
1939 3147 2015 3213 de
2045 3148 2172 3212 illis
2221 3147 2505 3213 dubitare
2553 3152 2665 3214 aut
2700 3151 2829 3215 for-

356 3253 618 3318 midare.
654 3252 819 3316 Nam
850 3251 967 3316 hoc
1000 3252 1137 3335 ipso
1172 3251 1223 3314 si
1256 3251 1584 3316 dissentiat
1615 3253 1678 3315 et
1713 3252 1901 3335 neget
1948 3250 2390 3315 auctoritatem
2436 3252 2829 3316 infallibilem

356 3356 560 3420 inesse
592 3354 901 3418 Ecclesiae
933 3354 997 3416 in
1045 3353 1439 3436 proponendo
1478 3352 1577 3416 vel
1609 3352 1861 3416 etiamsi
1907 3353 1971 3416 id
2010 3351 2323 3430 concedat,
2387 3357 2570 3438 neget
2614 3356 2828 3420 tamen

357 3457 746 3522 contrarium
792 3455 1020 3541 dogma
1052 3474 1184 3519 esse
1214 3454 1569 3532 definitum3
1602 3454 1731 3519 iam
1766 3455 2163 3538 pertinaciter
2199 3457 2435 3539 respuit
2481 3457 2827 3522 doctrinam

356 3558 476 3623 sibi
510 3558 825 3622 evidenter
856 3557 1258 3641 propositam.

446 3662 577 3726 Nec
643 3661 825 3725 aliter
886 3660 1142 3743 peccant
1188 3658 1260 3723 de
1307 3657 1472 3724 facto
1520 3659 1836 3736 haeretici,
1888 3659 1994 3741 qui
2041 3662 2209 3725 certe
2256 3660 2330 3724 de
2377 3658 2543 3724 facto
2604 3659 2830 3724 nolunt

362 3766 621 3844 credere,
674 3764 956 3829 nostram
1001 3761 1343 3827 Ecclesiam
1390 3761 1614 3826 habere
1664 3761 2106 3825 auctoritatem
2143 3761 2535 3826 infallibilem
2583 3762 2646 3826 in
2693 3782 2830 3846 pro·

360 3869 662 3954 ponendo,
699 3866 798 3932 vel
834 3865 1146 3931 contraria
1195 3865 1345 3947 ipsis
1392 3864 1689 3948 dogmata
1738 3882 1870 3927 esse
1917 3883 1954 3927 a
1991 3884 2139 3927 vera
2170 3864 2438 3929 Ecclesia
2487 3867 2827 3949 proposita.

357 3973 537 4057 Lugo
572 3992 632 4035 n.
677 3970 824 4034 165.

1337 4072 1517 4140 Unde
1562 4073 1849 4138 resolves

466 4213 709 4266 XXXlX.
742 4213 788 4263 Ι.
816 4212 918 4264 Non
946 4218 1020 4264 est
1058 4209 1353 4275 haeretich
1379 4208 1461 4275 qui
1489 4208 1708 4262 exterius
1735 4216 1919 4264 tanturn
1948 4212 2091 4264 fldem
2122 4216 2263 4274 negat
2287 4217 2370 4263 aut
2413 4212 2583 4263 adorat
2623 4209 2832 4263 idolum.

358 4298 504 4351 Ratio
545 4303 638 4361 est,
665 4294 778 4361 quia
806 4310 901 4348 non
930 4303 1079 4348 errat.
1112 4295 1276 4360 Neque
1308 4293 1421 4348 talis
1444 4292 1651 4347 incurrit
1678 4293 1726 4346 in
1755 4298 1861 4347 toro
1888 4294 2214 4348 conscientiae
2254 4308 2482 4348 censuras
2516 4298 2637 4347 latas
2663 4303 2825 4347 contra

356 4382 653 4444 haereticos,
679 4379 772 4435 etsi
810 4379 858 4434 in
898 4384 1000 4434 roro
1039 4386 1243 4433 externo
1281 4381 1548 4434 secundum
1587 4387 1790 4433 externa
1830 4383 2143 4446 procedatur.
2172 4379 2277 4434 Fin.
2305 4386 2341 4434 t.
2370 4382 2456 4432 22.
2482 4395 2524 4432 c.
2551 4381 2601 4432 6.
2628 4395 2674 4445 q.
2705 4380 2752 4431 4.

449 4488 573 4563 87.
607 4491 770 4556 Hinc
794 4488 1039 4572 quando
1074 4488 1389 4571 poenitens
1428 4507 1492 4553 se
1525 4489 1779 4552 accusat
1814 4487 1887 4552 de
1918 4488 2164 4570 prolato
2197 4487 2407 4568 aliquo
2441 4505 2662 4560 errore,
2687 4503 2826 4547 con-

354 4596 653 4661 fessarius
683 4589 1067 4677 interrogare
1091 4591 1289 4664 debet,
1319 4610 1393 4655 an
1420 4591 1682 4656 interius
1708 4590 2036 4654 crediderit
2060 4593 2171 4655 aut
2203 4587 2544 4675 negaverit.
2572 4585 2635 4651 Si
2661 4585 2822 4648 enim

355 4700 618 4764 interior
648 4716 815 4761 error
847 4695 1067 4766 abfuit,
1108 4694 1314 4775 potest
1360 4694 1421 4758 in
1456 4693 1589 4758 foro
1623 4693 2035 4756 conscientiae
2067 4692 2325 4757 absolvi.
