3497 5147
689 359 796 415 774
849 372 1059 413 macr.
1081 372 1160 412 v1.
1182 369 1343 411 sacr.
1367 369 1446 411 Vl.
1464 369 1550 408 mn
1575 367 1766 409 snm-o
1790 369 1868 409 m·
1887 369 2051 411 Nouo
2075 370 2293 431 panno.
2320 372 2646 415 nmanoon
2666 374 2808 417 nun.
2831 376 2911 418 ιν.
2966 361 3150 437 [10451

690 468 961 534 imitatio
994 466 1226 531 Christi
1258 468 1320 530 et
1351 468 1409 531 b.
1439 466 1762 549 Deiparae‚
1796 466 2053 531 libertas
2087 469 2218 533 Deo
2251 470 2556 534 serviendi
2590 471 2822 554 absque
2853 473 3150 540 sollicitu-

690 571 829 635 dine
860 573 1249 635 externarum
1283 589 1491 634 rerum
1524 571 1710 651 atque
1741 571 2254 652 contemplationi
2284 572 2566 638 vacandi.
2601 571 2694 638 Of.
2729 574 3012 640 Lessium
3027 577 3069 641 1.
3095 596 3146 641 c.

692 694 751 738 n.
799 675 941 736 101.

780 775 937 841 Cum
970 777 1170 840 virtus
1203 775 1287 840 sit
1324 775 1575 840 habitus
1607 774 1882 857 quidam,
1918 777 2309 859 propositum
2341 777 2456 842 hoc
2503 781 2598 844 est
2636 779 3055 862 accipiendum
3083 784 3148 846 in

690 879 946 944 habitu:
981 878 1224 942 stabilis
1256 896 1475 960 nempe
1506 881 1569 941 et
1613 879 1908 942 constans
1939 878 2286 943 voluntatis
2321 878 2668 964 dispositio.

780 982 1000 1046 Virtus
1033 983 1201 1058 haec,
1235 980 1757 1063 quemadmodum
1796 981 2074 1058 castium,
2115 981 2291 1046 cuius
2330 985 2426 1047 est
2473 983 2805 1061 absolutio,
2856 985 3154 1067 competit

692 1086 944 1167 utrique
981 1085 1183 1148 sexui:
1216 1083 1442 1147 idcirco
1474 1083 1536 1146 in
1571 1083 1761 1165 Apoc.
1813 1083 1981 1146 XIV.
2024 1085 2084 1147 4.
2118 1084 2632 1150 commendantur
2664 1086 2783 1150 viri
2816 1086 3101 1170 virgines,

785 1182 994 1256 tn45.
1022 1172 1423 1269 Virginitatis
1451 1186 1650 1250 virtus
1681 1185 2094 1270 distinguitur
2118 1205 2154 1250 a
2185 1187 2498 1264 castitate,
2532 1205 2722 1270 quam
2753 1189 3019 1253 diximus
3043 1190 3155 1254 im-

694 1290 1028 1373 perfectam
1057 1308 1117 1352 n.
1156 1289 1383 1362 1042.;
1419 1288 1565 1369 quia
1597 1287 1926 1372 virginitas
1966 1289 2235 1353 abstinet
2266 1306 2513 1371 quoque
2545 1309 2581 1353 a
2616 1288 3047 1372 voluptatibus
3077 1290 3155 1354 li-

694 1393 862 1457 citis:
896 1392 1102 1456 differt
1133 1392 1343 1456 autem
1394 1410 1430 1454 a
1475 1392 1784 1466 castitate,
1821 1410 2011 1473 quam
2058 1391 2324 1456 diximus
2356 1392 2693 1475 perfectam
2721 1392 2895 1469 ibid..
2945 1394 3020 1457 ut
3065 1392 3158 1457 ait

696 1493 945 1559 Lessius
977 1496 1019 1557 l.
1056 1514 1106 1557 c.
1141 1513 1201 1558 n.
1238 1494 1365 1557 90..
1404 1493 1533 1556 solo
1572 1496 1897 1556 οοηηοΐαΐο
1925 1513 1946 1554 .·
1993 1495 2089 1556 est
2121 1493 2355 1558 scilicet
2393 1518 2428 1552 ‹
2461 1494 2594 1577 ipsa
2634 1494 2784 1558 haec
2831 1494 3032 1558 virtus
3062 1513 3159 1558 ca·

697 1598 936 1662 stitatis
988 1598 1058 1660 in
1103 1596 1372 1661 subiecto
1432 1596 1811 1673 incorrupto.
1862 1594 2204 1677 Utriusque
2260 1597 2423 1660 enim
2480 1597 2754 1660 officium
2812 1599 2907 1660 est
2958 1598 3160 1661 vitare

698 1720 942 1765 omnem
964 1699 1238 1764 libidinis
1263 1699 1697 1783 contagionem
1723 1699 1786 1761 et
1811 1698 2154 1762 subiectum
2181 1718 2426 1763 servare
2451 1699 2728 1764 immune
2749 1699 2813 1763 in
2841 1703 3158 1783 posterum

698 1823 734 1867 a
780 1804 896 1867 tali
940 1803 1098 1867 labe.
1150 1800 1267 1866 Sed
1306 1801 1633 1885 virginitas
1664 1802 1930 1864 ulterius
1968 1803 2267 1865 connotat
2313 1800 2423 1866 hoc
2459 1802 2800 1866 subiectum
2836 1821 3162 1883 nunquam

696 1908 883 1969 antea
915 1905 1106 1983 finisse
1141 1903 1401 1967 libidine
1424 1904 1932 1978 contaminatum,
1972 1903 2137 1985 quod
2175 1923 2295 1968 non
2335 1889 2598 1969 includit
2627 1905 2791 1970 ratio
2824 1905 3156 1970 castitatis.

698 2009 918 2089 Itaque
950 2007 1297 2091 virginitas,
1332 2008 1408 2070 ut
1438 2009 1533 2070 est
1582 2006 1800 2080 virtuS,
1836 2006 1988 2069 nihil
2024 2005 2192 2070 aliud
2226 2008 2341 2083 est,
2376 2026 2564 2089 quam
2596 2006 2855 2072 castitas
2887 2008 3161 2092 perfecta

696 2110 1048 2194 integritati
1082 2111 1145 2173 et
1175 2109 1439 2193 puritati
1470 2109 1670 2173 carnis
1703 2109 2033 2173 coniuncta
2065 2134 2125 2171 ».

786 2212 1085 2292 Quocirca
1120 2213 1172 2276 si
1204 2212 1486 2294 quaestio
1511 2211 1643 2286 fiat,
1678 2210 1989 2293 quomodo
2016 2212 2166 2274 haec
2189 2212 2391 2276 virtus
2419 2212 2769 2288 amittatur,
2796 2212 3161 2296 responden-

697 2316 844 2380 dum
893 2317 989 2380 est
1038 2316 1105 2379 1⁰
1135 2335 1274 2380 cum
1310 2315 1522 2379 eodem
1570 2314 1782 2378 Lessio
1828 2313 1870 2376 l.
1921 2333 1969 2376 c.
2023 2333 2082 2376 n.
2122 2313 2291 2392 112„
2326 2313 2492 2395 quod
2522 2313 2602 2377 iis
2635 2314 2921 2378 omnibus
2959 2315 3162 2379 modis

699 2420 1033 2496 amittitur.
1084 2419 1307 2501 quibus
1357 2416 1672 2480 amittitur
1720 2415 2022 2491 castitas3
2072 2415 2218 2497 quia
2253 2433 2468 2498 reapse
2514 2416 2593 2479 ab
2639 2416 2754 2480 hac
2787 2435 2908 2481 non
2949 2417 3161 2482 distin-

698 2523 916 2609 guitur
946 2523 1062 2587 nisi
1094 2522 1333 2585 ratione
1383 2522 1445 2584 et
1482 2521 1839 2596 connotato‚
1875 2521 1949 2583 ut
1978 2518 2214 2584 dictum
2249 2521 2361 2585 est.
2397 2517 2668 2585 Includit
2697 2520 2832 2605 ipsa
2866 2522 3160 2586 nimirum

698 2626 1030 2711 perfectam
1063 2624 1421 2688 castitatem
1468 2624 1531 2686 et
1580 2621 1752 2685 addit
1783 2620 2123 2684 subiectum
2159 2622 2607 2702 incorruptum,
2642 2622 2808 2704 quod
2839 2626 3155 2689 connotat.

698 2732 932 2795 Idcirco
967 2729 1285 2793 amittitur
1314 2727 1628 2793 desideriis
1662 2727 1950 2810 turpibus
1984 2729 2047 2790 et
2077 2726 2341 2791 morosis
2375 2725 2908 2793 delectationibus.

788 2833 1126 2897 Amittitur
1172 2831 1361 2895 etiam
1411 2832 1480 2894 2⁰
1514 2831 1715 2895 virtus
1765 2829 2147 2914 virginitatis
2180 2828 2505 2893 voluntate
2551 2831 2838 2907 nubendi,
2873 2851 3016 2896 cum
3053 2851 3159 2896 nu-

699 2936 863 3021 ptias
896 2936 989 2999 vis
1021 2952 1483 3009 consummare3
1535 2934 1681 3017 quia
1714 2933 2102 3017 propositum
2143 2932 2526 3017 virginitatis
2576 2935 2669 2998 est
2715 2935 2905 3000 etiam
2937 2954 3158 3019 propo·

699 3038 891 3104 situm
939 3055 1001 3101 se
1050 3036 1400 3102 continendi
1449 3055 1483 3101 a
1532 3054 1818 3102 concessa
1865 3036 2210 3117 voluptate.
2260 3033 2682 3101 Nihilominus
2731 3034 2846 3101 hac
2894 3038 3028 3103 sola
3057 3056 3161 3101 vo—

697 3141 940 3206 luntate
976 3158 1098 3203 non
1147 3140 1492 3223 concipitur
1540 3139 1730 3221 vulgo
1781 3138 1991 3201 amitti
2037 3137 2395 3223 virginitas3
2446 3138 2592 3221 quia
2631 3140 2843 3204 manet
2890 3140 3159 3222 corporis

696 3243 1025 3327 integritas
1072 3242 1328 3324 ideoque
1376 3243 1481 3306 ille
1529 3242 1757 3317 statuS‚
1807 3239 1913 3322 qui
1960 3240 2372 3305 communiter
2417 3244 2681 3305 vocatur
2722 3242 3067 3327 virginitas

789 3344 947 3411 Cum
1003 3345 1476 3410 matrimonium
1531 3361 1962 3408 consummare
2017 3360 2139 3407 non
2196 3341 2311 3419 vis,
2361 3343 2434 3407 ut
2479 3363 2527 3408 S.
2562 3343 2912 3418 Pulcheria,
2960 3344 3159 3409 virtus

699 3449 1079 3534 virginitatis
1105 3449 1348 3531 integra
1372 3450 1612 3522 manet;
1648 3444 2000 3530 virginitati
2036 3463 2180 3510 sane
2211 3465 2334 3509 non
2367 3445 2859 3523 matrimonium,
2895 3447 2999 3512 sed
3029 3448 3158 3513 eius

699 3572 850 3619 usus
890 3551 1238 3635 opponitur.
1266 3550 1427 3615 Item
1458 3551 1511 3614 si
1541 3548 2015 3613 matrimonium
2050 3548 2438 3626 contrahens,
2473 3548 2720 3635 ignores
2745 3566 2998 3633 prorsus
3023 3550 3160 3633 quis

700 3656 785 3722 sit
823 3656 952 3721 eius
991 3674 1159 3729 usuS,
1201 3653 1494 3729 nondum,
1535 3650 1692 3717 illud
1741 3650 1972 3727 volens,
2023 3649 2240 3715 diceris
2280 3650 2566 3717 amittere
2613 3652 3000 3738 virginitatis
3046 3653 3161 3717 vir-

700 3762 929 3823 tutem:
960 3758 1024 3821 at
1050 3757 1100 3820 si
1126 3755 1406 3838 deinceps
1433 3755 1742 3820 consentis
1769 3754 1830 3817 in
1859 3773 2064 3827 usum,
2089 3752 2362 3836 profecto
2390 3753 2688 3820 virtutem
2714 3756 2872 3821 hanc
2899 3756 3157 3821 amittis.

790 3858 1189 3943 Virginitatis
1238 3857 1436 3921 virtus
1483 3875 1604 3921 non
1655 3854 1971 3920 amittitur
2001 3855 2337 3920 violatione
2370 3857 2570 3921 carnis
2615 3857 2789 3922 nullo
2831 3858 3017 3923 modo
3063 3850 3162 3923 ro·

700 3962 994 4027 luntaria.
1043 3960 1155 4025 Est
1202 3960 1545 4024 communis
1591 3958 1892 4024 doctrina.
1943 3957 2162 4022 Virtus
2210 3958 2385 4022 enim'
2421 3960 2515 4023 est
2563 3961 2623 4023 in
2665 3961 2872 4025 anima
2907 3981 3016 4025 nec
3047 3961 3159 4024 nisi

702 4065 845 4129 actu
894 4062 1249 4129 voluntario
1300 4061 1507 4125 amitti
1554 4061 1780 4144 potest.
1831 4060 2008 4125 Unde
2032 4058 2304 4145 August.
2341 4058 2415 4124 de
2461 4058 2592 4125 Ciu.
2635 4059 2766 4126 Dei
2793 4062 2835 4126 1.
2875 4064 2934 4126 1.
2969 4082 3020 4126 c.
3057 4062 3159 4125 18.

708 4192 743 4226 ‹
776 4167 919 4231 Ideo
953 4185 1094 4230 cum
1126 4165 1211 4228 eis
1244 4163 1810 4246 (concupiscentiis)
1842 4181 1963 4225 non
2014 4162 2221 4226 cedere
2252 4162 2617 4227 inconcussa
2647 4163 2991 4229 intentione
3037 4184 3164 4247 per-

700 4270 868 4334 sistit
900 4268 1202 4350 (animus)
1235 4285 1343 4329 nec
1368 4266 1440 4329 de
1477 4266 1612 4348 ipso
1646 4283 1898 4347 corpore
1933 4266 2094 4348 perit
2123 4265 2418 4342 castitas;
2446 4265 2592 4347 quia
2619 4285 2689 4331 eo
2716 4270 2927 4332 sancte
2952 4266 3162 4331 utendi

699 4372 1049 4453 perseverat
1081 4369 1371 4432 voluntas
1404 4368 1466 4430 et
1499 4365 1805 4447 quantum
1839 4365 1901 4430 in
1939 4365 2073 4449 ipso
2123 4368 2235 4445 est,
2271 4367 2459 4431 etiam
2495 4366 2762 4433 facultas
2788 4394 2849 4433 ».

792 4466 998 4541 mm.
1034 4469 1099 4534 Si
1132 4488 1273 4534 vero
1307 4467 1568 4533 violatio
1600 4467 1802 4531 carnis
1842 4470 2195 4533 voluntaria
2230 4468 2334 4548 sit,
2370 4470 2687 4535 amittitur
2717 4472 3047 4557 virginitas
3079 4472 3168 4536 ir-

696 4572 1125 4657 reparabiliter
1171 4572 1247 4653 (S.
1299 4571 1518 4634 Thom.
1570 4592 1627 4651 q.
1684 4570 1830 4633 152.
1883 4590 1937 4635 a.
1989 4571 2049 4635 3.
2102 4571 2180 4636 ad
2219 4572 2330 4655 3.).
2381 4571 2728 4658 Virginitas
2777 4574 2940 4638 enim
2987 4572 3162 4650 dicit,
