3497 5147
384 374 541 449 [852]
968 389 1121 437 Qun>
1163 390 1392 438 Qum‘ro
1428 391 1785 434 rumenam
1822 394 2256 436 Pnommmun
2746 384 2854 439 629

393 485 667 551 officium
715 486 1082 570 corrigendi,
1132 486 1610 571 reprehendendi
1664 490 1851 571 atque
1904 491 2097 554 etiam
2144 491 2455 574 puniendi,
2517 494 2726 569 efficit,
2781 495 2856 558 ut

391 588 605 652 eadem
654 588 818 653 actio
868 588 1113 653 facilius
1179 590 1391 673 gravis
1438 590 1523 654 sit
1569 610 1710 654 cum
1763 592 1993 656 iniuria
2030 593 2146 656 filii
2206 593 2497 660 adversus
2551 598 2854 677 parentes,

387 708 512 754 non
544 709 689 755 vero
736 690 1037 755 vicissim.
1078 690 1333 769 Verum,
1358 694 1432 755 ut
1480 690 1752 756 advertit
1785 692 1950 758 idem
1981 693 2178 778 Lugo,
2218 694 2370 759 haec
2399 696 2494 760 est
2515 695 2858 761 differentia

386 811 552 857 mere
600 792 966 871 materialis,
1019 813 1163 858 nam
1213 793 1458 875 quando
1503 795 1721 875 φανεὶς
1767 797 1864 860 est
1922 797 2171 875 offensa,
2233 798 2562 879 utrobique
2628 817 2854 864 novam

387 913 643 979 gravem
688 894 999 959 malitiam
1045 895 1268 960 induit.

479 998 840 1074 Parricidio,
907 998 1073 1080 quod
1118 1000 1354 1081 spectet
1401 998 1478 1062 ad
1525 999 1789 1081 speciem
1856 999 2093 1082 peccati
2143 998 2440 1064 adnexam
2500 1001 2854 1080 homicidio,

392 1100 839 1183 aequiparatur
877 1100 1110 1164 crimen
1135 1100 1340 1164 laesae
1372 1100 1727 1164 Maiestatis
1758 1101 1890 1164 scil.
1924 1101 1977 1165 si
2009 1101 2319 1183 quispiam
2350 1103 2574 1167 occidit
2596 1104 2853 1185 Papam,

394 1203 862 1285 Mperatorem,
897 1203 1152 1286 Regem,
1185 1202 1553 1285 Principem,
1591 1203 1658 1266 et
1687 1200 1841 1267 Voit
1884 1223 1944 1267 n.
1981 1203 2129 1266 656.
2165 1203 2338 1267 addit
2374 1204 2713 1282 custodem,
2746 1206 2855 1287 qui

393 1306 537 1369 actu
587 1305 757 1368 latus
794 1304 1101 1387 Principis
1146 1306 1362 1387 stipat.
1397 1305 1585 1368 Ratio
1633 1305 1748 1381 est,
1784 1305 1931 1386 quia
1977 1323 2192 1370 eorum
2222 1304 2497 1390 dignitas
2528 1307 2855 1389 specialem

394 1406 662 1489 imponit
709 1406 1156 1490 obligationem
1203 1406 1432 1471 amoris
1500 1409 1563 1473 et
1636 1407 1945 1489 obsequii3
1995 1426 2143 1492 ergo
2189 1411 2433 1490 praeter
2476 1410 2851 1475 iniustitiam

392 1507 719 1573 intercedit
763 1507 1025 1574 violatio
1062 1508 1246 1574 istius
1293 1508 1505 1573 debiti.

479 1611 642 1674 Hinc
672 1610 852 1694 Lugo
884 1610 1196 1676 concludit
1218 1610 1364 1674 ibid.
1398 1632 1458 1675 n.
1493 1612 1645 1675 309.
1669 1631 1847 1676 reum
1883 1630 2015 1677 esse
2045 1614 2250 1677 laesae
2280 1615 2629 1679 maiestatis
2661 1615 2851 1681 etiam

392 1714 793 1789 sacerdotem,
842 1714 950 1795 qui
999 1713 1239 1778 occidat
1285 1714 1650 1796 principem:
1698 1713 1846 1778 licet
1892 1714 2057 1778 enim
2103 1717 2422 1797 exemptus
2469 1735 2539 1780 ex
2586 1716 2720 1781 iure
2749 1737 2852 1782 ca—

391 1817 611 1882 nonico
659 1816 744 1880 sit
790 1836 827 1880 a
882 1816 1040 1881 laico
1089 1815 1408 1894 tribunali,
1459 1817 1667 1881 tamen
1731 1815 2020 1879 subditus
2065 1818 2163 1882 est
2207 1818 2500 1900 principis
2546 1821 2853 1900 quantum

393 1918 548 1982 satis
596 1919 709 1993 est,
760 1920 835 1982 ut
882 1918 1075 1982 violet
1123 1918 1490 1999 obsequium
1520 1937 1669 2002 erga
1699 1936 1884 1994 eum3
1919 1917 2062 1982 hinc
2092 1937 2129 1982 a
2172 1918 2374 1984 iudice
2419 1920 2851 1986 Ecclesiastico

390 2020 598 2103 puniri
643 2020 888 2085 deberet
933 2039 1044 2104 pro
1091 2020 1344 2103 speciali
1381 2039 1452 2084 ea
1498 2019 1708 2084 delicti
1753 2019 2015 2085 ratione.

481 2116 658 2190 852.
689 2121 862 2200 Quod
912 2123 1154 2205 spectat
1201 2122 1279 2186 ad
1322 2120 1741 2204 sacrileyium,
1788 2122 1945 2185 nihil
1989 2122 2424 2202 dubitandum,
2455 2125 2670 2189 haberi
2715 2144 2851 2208 spe-

393 2224 551 2288 ciem
597 2224 755 2288 hanc
800 2224 1080 2288 malitiae
1142 2225 1281 2287 tum
1325 2225 1568 2289 ratione
1612 2242 1928 2307 personae,
1976 2226 2029 2289 si
2075 2225 2160 2289 sit
2204 2244 2398 2303 sacra,
2426 2229 2565 2291 tum
2608 2228 2850 2292 ratione

392 2325 533 2402 loci,
584 2325 870 2390 videlicet
914 2326 967 2389 si
1012 2326 1415 2391 homicidium
1462 2328 1899 2391 committatur
1942 2327 2007 2390 in
2045 2327 2180 2393 loco
2225 2346 2421 2393 sacro.

479 2427 568 2491 At
616 2427 961 2492 notandum
1006 2428 1158 2509 (vid.
1192 2429 1552 2493 Tamburin.
1602 2429 1803 2492 Meth.
1847 2428 2122 2508 Conse-ss,
2171 2430 2278 2494 lib.
2314 2432 2374 2494 2.
2408 2450 2542 2513 cap.
2581 2432 2638 2494 7.
2690 2433 2748 2514 ξ.
2784 2433 2844 2496 5.

394 2550 454 2595 n.
484 2530 640 2614 39.),
691 2530 769 2594 ad
802 2530 1089 2596 effectum
1137 2530 1388 2613 refuyii,
1421 2531 1669 2597 nomine
1714 2531 1836 2596 loci
1866 2531 2027 2595 sacri
2059 2532 2330 2616 intelligi
2360 2552 2479 2598 non
2526 2533 2711 2599 modo
2757 2553 2848 2599 eo-

391 2635 643 2699 clesiam
690 2636 753 2699 et
799 2634 1256 2711 coemeterium,
1288 2635 1395 2700 sed
1440 2636 1648 2717 partes
1671 2636 1973 2712 externaS,
2007 2636 2377 2714 sacristiam,
2416 2637 2642 2702 turrim
2687 2656 2849 2702 cam-

388 2737 732 2820 panariam,
772 2736 1220 2802 monasterium
1266 2736 1395 2812 etc;
1431 2738 1499 2801 at
1530 2737 1636 2800 ubi
1674 2737 1748 2801 de
1779 2737 2108 2817 sacrileyio
2131 2738 2344 2822 agitur
2374 2757 2578 2821 presse
2622 2739 2850 2804 intelli-

394 2840 570 2924 gitur
600 2839 772 2904 solus
803 2838 1092 2903 ecclesiae
1131 2839 1405 2902 ambitus
1434 2857 1575 2903 cum
1608 2838 1738 2902 suis
1770 2840 2062 2920 cappellis
2099 2841 2165 2905 et
2208 2841 2665 2906 coemeterium.

476 2940 865 3016 Addendum,
893 2940 1426 3005 circumstantiam
1472 2941 1631 3005 hanc
1675 2941 1893 3021 utique
1938 2941 2381 3024 explicandam,
2420 2964 2564 3009 cum
2608 2963 2705 3008 res
2753 2947 2848 3009 est

390 3043 467 3107 de
496 3042 829 3108 homicidio
869 3044 982 3107 aut
1012 3043 1087 3106 de
1117 3042 1296 3126 gravi
1342 3042 1730 3126 percussione
1776 3062 1919 3107 cum
1965 3044 2260 3110 effusione
2294 3046 2636 3130 sanguinis.
2669 3045 2847 3124 Quod

396 3146 450 3209 si
480 3146 691 3229 gravis
724 3145 1065 3210 intercedat
1096 3146 1407 3227 percussio
1440 3147 1570 3210 sine
1592 3145 1915 3229 sanguinis
1946 3147 2260 3225 effusione,
2292 3148 2515 3212 merito
2546 3147 2726 3232 Lugo
2772 3148 2848 3210 de

390 3246 644 3312 Poenit.
679 3246 834 3329 disp.
875 3247 978 3310 16.
1020 3248 1165 3311 sect.
1204 3247 1307 3311 10.
1346 3267 1409 3311 n.
1442 3247 1592 3311 468.
1631 3249 1823 3332 negat
1868 3249 2152 3312 contrahi
2196 3249 2506 3314 malitiam
2538 3248 2849 3334 sacrilegii

394 3350 702 3436 (intellige
748 3350 1095 3415 necessario
1141 3349 1662 3433 exprimendam);
1689 3350 1836 3431 quia
1883 3351 2218 3432 prohibitio
2250 3350 2557 3415 Ecclesiae
2602 3370 2724 3416 non
2749 3351 2847 3415 ul-

390 3453 589 3516 terius
645 3451 1037 3535 protenditur
1099 3452 1286 3532 atque
1347 3449 1497 3514 adeo
1543 3451 1671 3515 sine
1717 3451 2122 3515 fundamento
2166 3450 2515 3514 extenditur
2561 3451 2843 3516 ulterius.

393 3553 595 3617 Notat
626 3556 836 3618 autem
872 3554 1072 3638 Lugo‚
1108 3571 1144 3616 a
1176 3552 1505 3635 Fagundez
1552 3552 1752 3635 gratis
1784 3552 1920 3614 heic
1940 3555 2157 3616 contra
2188 3552 2448 3636 allegari
2471 3551 2843 3629 Navarrum,

392 3653 788 3734 Silvestrum,
823 3655 1172 3737 Henriquez
1206 3655 1505 3736 aliosque,
1543 3654 1654 3734 qui
1683 3653 1944 3736 (inquit)
1991 3652 2063 3716 id
2102 3653 2353 3717 minime
2400 3652 2632 3716 dmnt.

478 3756 693 3837 Quoad
741 3758 1138 3822 latrocinium
1185 3758 1400 3840 utique
1464 3755 1698 3820 accedit
1743 3755 1989 3819 malitia
2044 3755 2287 3820 diversa
2343 3755 2637 3838 specifice,
2696 3755 2845 3838 quia

388 3860 553 3925 latro
598 3861 834 3926 malam
878 3861 1068 3926 habet
1119 3861 1509 3925 voluntatem
1556 3858 1910 3943 praedandi,
1946 3859 2022 3923 ad
2053 3857 2219 3941 quod
2252 3859 2700 3941 assequendum
2746 3859 2846 3923 vel

393 3963 635 4041 occidit,
670 3964 768 4030 vel
805 3965 1113 4028 vulnerat.
1146 3963 1234 4029 At
1267 3982 1391 4028 non
1424 3964 1575 4041 erat,
1617 3982 1727 4027 cur
1773 3963 2104 4045 poneretur
2149 3961 2310 4026 inter
2341 3962 2614 4027 diversas
2650 3963 2846 4028 homi-

384 4066 531 4132 cidii
556 4067 821 4149 species;
857 4085 1001 4130 nam
1040 4066 1094 4129 si
1128 4066 1288 4130 alius
1321 4066 1559 4131 occidat
1593 4066 1670 4131 ob
1703 4066 1897 4129 alium
1930 4084 2193 4148 pravum
2222 4065 2426 4141 finem,
2461 4067 2676 4146 utique
2708 4084 2846 4129 con-

392 4168 602 4233 trahet
631 4169 817 4233 huius
864 4167 1176 4232 malitiam
1220 4187 1331 4232 nec
1379 4169 1587 4232 tamen
1634 4167 1946 4251 quispiam
1997 4186 2192 4232 novas
2245 4167 2563 4233 homicidii
2616 4166 2846 4249 species

386 4269 767 4354 excogitavit
813 4271 927 4333 aut
972 4269 1376 4334 enumeravit.
1440 4268 1540 4333 Sic
1585 4271 1691 4351 qui
1748 4270 1995 4349 occidit,
2029 4272 2103 4336 ut
2150 4270 2348 4353 possit
2391 4267 2701 4333 moechari
2747 4267 2848 4332 vel

378 4370 444 4435 in
490 4372 703 4437 odium
732 4370 1053 4456 religionis
1084 4372 1201 4434 etc.

471 4474 792 4540 Adnexam
838 4473 1074 4558 pariter
1120 4472 1309 4535 habet
1356 4472 1546 4537 aliam
1589 4476 1852 4557 speciem
1899 4476 2133 4557 peccati
2179 4473 2556 4554 mleficium
2586 4491 2697 4537 seu
2743 4491 2849 4538 ve-

388 4577 677 4642 neficium
724 4578 1059 4664 magicum,
1108 4572 1356 4658 quando
1403 4574 1637 4639 scilicet
1682 4595 1796 4659 ope
1841 4577 2158 4642 daemonis
2206 4576 2394 4641 alicui
2449 4576 2687 4640 malum
2735 4576 2849 4639 aut
