3497 5147
284 356 293 364 '
389 349 538 426 [960]
1066 366 1219 415 Qum
1254 368 1333 408 m·
1369 366 1737 416 Quorurmx
1772 367 1867 409 au·
1902 369 2180 411 mxuma
2754 355 2862 411 709

1398 587 1689 652 SEc'no
1732 588 1847 653 VI.

889 733 920 766 '¹‘
943 733 1051 789 DE
1085 733 1337 790 SEXTO
1374 734 1474 790 m*
1510 734 1723 791 NONO
1760 736 2217 793 PRAECEPTO
2243 739 2274 772 ¹⁸
2308 743 2385 807 (a)

731 917 900 998 Quid
933 922 997 982 et
1040 917 1376 1000 quotuplex
1419 919 1509 983 sit
1550 917 1809 984 luxuria
1852 925 1914 985 et
1954 920 2137 1002 quale
2169 928 2513 1002 peccatum.

476 1095 647 1169 959.
698 1098 956 1163 De‘hac
1004 1097 1269 1163 materia
1314 1098 1515 1181 plura,
1565 1099 1688 1164 alio
1737 1099 1988 1180 quidem
2035 1099 2263 1164 directe
2316 1103 2670 1185 spectando,
2718 1104 2849 1167 tra-

384 1201 519 1267 dita,
567 1202 712 1266 sunt
758 1200 823 1265 in
856 1200 936 1265 tr.
966 1199 1042 1265 de
1086 1199 1355 1265 Actibus
1386 1200 1708 1265 Humanis
1745 1202 1810 1265 et
1839 1201 1914 1264 de
1961 1199 2271 1276 Peccatis,
2303 1221 2461 1284 quae
2497 1203 2850 1270 meminisse

382 1304 693 1471 luvglbssw
724 1404 1102 1471 tractatione
1134 1405 1428 1470 brevitati
1467 1405 1682 1489 utique
1725 1405 2098 1472 studendum
2137 1407 2274 1485 erit,
2319 1410 2387 1472 at
2430 1407 2561 1472 sine
2605 1408 2847 1474 iactura

377 1509 704 1585 claritatis,
760 1529 949 1592 quam
981 1509 1261 1593 postulat
1306 1509 1394 1573 rei
1439 1510 1685 1585 natura,
1719 1527 1897 1590 quae,
1936 1510 2094 1573 teste
2125 1528 2175 1574 s.
2224 1509 2410 1593 Alph.
2451 1530 2510 1574 n.
2544 1511 2717 1589 413„
2747 1515 2843 1577 est

383 1609 763 1693 frequentior
796 1611 860 1675 et
893 1610 1198 1694 copiosior
1228 1610 1684 1676 confessionum
1728 1612 2012 1675 materia.
2046 1610 2209 1698 Lege
2257 1632 2416 1694 quae
2445 1612 2592 1678 ibid.
2627 1633 2676 1678 s.
2726 1615 2849 1680 Do-

382 1712 517 1777 ctor
545 1714 775 1777 monet.

487 1855 522 1908 Ι.
548 1853 802 1918 Coniungo
840 1857 961 1907 haec
993 1855 1091 1907 duo
1129 1856 1395 1919 Praecepta
1414 1868 1429 1920 ;
1455 1852 1567 1920 quia
1607 1860 1812 1921 utroque
1847 1853 1974 1910 idem
2013 1855 2244 1924 explicite
2280 1859 2358 1911 vel
2396 1856 2630 1924 implicite
2668 1858 2838 1926 prohi-

380 1939 537 1998 betur,
567 1938 753 1993 scilicet
779 1946 979 2004 peccata
1005 1937 1337 2004 impudicitiae
1363 1944 1412 1992 et
1437 1938 1675 1993 luxuriae.
1704 1942 1792 1993 Est
1818 1944 1980 1993 autem
2006 1940 2196 1994 luxuria
2223 1939 2529 1995 inordinatus
2567 1940 2833 2008 appetitus,

378 2026 457 2076 vel
491 2038 609 2077 usus
635 2022 977 2078 delectationis
1005 2039 1092 2077 seu
1122 2038 1297 2078 sensus
1323 2023 1540 2089 venerei,
1569 2024 1652 2090 qui
1678 2027 1731 2078 fit
1757 2039 1866 2078 cum
1892 2024 2218 2079 commotione
2246 2026 2504 2094 spirituum
2529 2027 2835 2090 generationi

374 2106 711 2173 servientium,
748 2107 877 2161 circa
919 2114 1084 2175 partes
1121 2110 1350 2174 corporis
1385 2121 1652 2177 venereas;
1690 2108 1757 2163 ita
1811 2114 1864 2163 ut
1901 2109 2147 2176 appetitus
2184 2112 2265 2165 vel
2303 2111 2653 2166 delectationes
2693 2111 2834 2173 aliae.

374 2190 471 2247 etsi
493 2191 638 2246 etiam
676 2191 941 2247 sensitivae
967 2199 1052 2246 aut
1086 2191 1450 2256 sensitivorum‚
1478 2192 1521 2247 si
1546 2199 1706 2246 tamen
1733 2208 1830 2247 non
1867 2192 1965 2248 sint
1990 2208 2232 2249 venereae
2270 2202 2355 2251 aut
2383 2210 2706 2250 venereorum
2745 2211 2836 2252 nec

374 2278 438 2329 ad
476 2290 532 2329 ea
572 2276 874 2341 ordinentur,
903 2292 998 2331 non
1038 2283 1258 2345 spectent
1297 2279 1357 2331 ad
1398 2277 1657 2331 luxuriam.
1682 2280 1838 2331 Porro
1875 2285 2015 2332 actus
2052 2294 2138 2332 seu
2178 2285 2376 2347 peccata
2416 2280 2641 2335 luxuriae
2667 2280 2835 2335 distin·

372 2368 589 2425 suuntur
623 2362 673 2415 in
710 2361 1038 2429 impet-rectos,
1075 2361 1124 2415 in
1163 2361 1342 2429 quibus
1378 2377 1474 2416 non
1518 2362 1782 2417 intervenit
1819 2362 2018 2417 ultimus
2064 2364 2298 2420 terminus
2335 2378 2669 2431 venereorum‚
2709 2381 2833 2432 quae

370 2453 447 2500 est
482 2445 667 2500 decisio
704 2445 921 2511 seminiS,
964 2451 1016 2501 ut
1064 2453 1176 2500 sunt
1216 2453 1356 2500 aetus
1391 2446 1572 2501 interni
1609 2447 1962 2501 desideriorum
2013 2453 2062 2501 et
2099 2449 2481 2503 oblectationum
2523 2465 2831 2505 morosarum

371 2528 454 2598 qui
474 2529 685 2599 speciem
706 2537 901 2586 sumunt
918 2532 981 2585 ab
1008 2529 1230 2596 obiectis
1255 2531 1374 2585 etin
1398 2534 1636 2599 perlectos
1659 2545 1717 2587 ac
1742 2539 2122 2598 consummatos,
2140 2533 2225 2600 qui
2246 2532 2504 2589 terminum
2522 2534 2620 2589 iam
2647 2534 2830 2590 dictum

370 2617 549 2669 habent
574 2615 869 2670 adiunctum.
898 2615 996 2684 Qui
1025 2629 1200 2670 rursus
1230 2624 1343 2670 sunt
1381 2616 1619 2684 duplices.
1645 2616 1742 2672 Alii
1780 2617 1907 2672 enim
1944 2625 2058 2672 sunt
2093 2622 2357 2687 naturales,
2382 2619 2468 2687 qui
2494 2626 2698 2675 naturae
2728 2636 2825 2676 non

370 2707 643 2766 repugnant
668 2714 757 2754 nec
781 2698 946 2767 specie
976 2699 1207 2754 differunt
1239 2699 1289 2754 in
1327 2701 1517 2756 ratione
1555 2701 1780 2756 luxuriae
1807 2702 1923 2770 (etsi
1961 2717 2049 2769 per
2085 2704 2440 2760 deformitatem
2467 2706 2828 2774 superadditam

371 2782 634 2850 aliquando
655 2783 817 2851 specie
842 2784 1089 2852 differant)
1108 2800 1156 2839 v.
1175 2799 1251 2849 gr.
1272 2786 1583 2850 adulterium,
1602 2786 1818 2841 incestus
1843 2794 1937 2842 etc.
1959 2787 2057 2841 Alii
2081 2788 2381 2844 innaturales
2406 2799 2517 2845 sunt
2543 2806 2631 2845 seu
2658 2799 2828 2847 contra

373 2876 613 2933 naturam,
651 2867 700 2923 in
738 2868 917 2936 quibus
954 2867 1261 2923 conditiones
1309 2883 1335 2921 a
1376 2877 1546 2924 natura
1597 2870 1864 2937 institutae,
1902 2886 1951 2927 v.
1989 2887 2062 2936 gr.
2102 2873 2331 2928 identitas
2382 2875 2579 2943 speciei,
2617 2891 2706 2930 vas
2749 2879 2832 2931 de-

373 2950 527 3006 bitum
553 2960 646 3007 etc.
675 2968 769 3006 non
797 2960 1069 3007 servantur.
1094 2957 1155 3008 Et
1193 2953 1244 3007 hi
1280 2953 1427 3007 etiam
1464 2952 1513 3009 in
1550 2956 1739 3010 ratione
1779 2957 2002 3011 luxuriae
2039 2957 2270 3012 differunt
2294 2961 2472 3027 specie,
2500 2962 2703 3028 quaein
2730 2961 2830 3017 illis

367 3037 587 3091 variatur
622 3042 887 3091 secundum
927 3040 1114 3103 modos,
1139 3038 1320 3105 quibus
1355 3039 1737 3105 committuntur,
1763 3048 1967 3096 naturae
2005 3051 2350 3110 repugnantes.

469 3155 643 3230 98⁰.
685 3157 842 3239 Quid
890 3160 1136 3225 luxuria
1183 3162 1285 3242 sit,
1319 3163 1446 3227 iam
1493 3163 1727 3228 dictum
1774 3165 1868 3229 est
1898 3165 1961 3229 in
1994 3167 2074 3229 tr.
2123 3165 2198 3230 de
2244 3165 2533 3232 Peccatis
2578 3188 2711 3251 cap.
2762 3170 2822 3232 3.

373 3286 409 3320 «
447 3262 777 3327 Peccatum
826 3263 1107 3327 luxuriae
1154 3265 1441 3330 consistit
1483 3266 1546 3329 in
1591 3267 1727 3344 hoc,
1780 3267 1872 3331 ait
1915 3286 1964 3332 s,
2020 3267 2292 3333 Thomas
2341 3270 2401 3331 2.
2451 3271 2513 3334 2.
2561 3290 2620 3352 q.
2675 3271 2821 3335 154.

366 3383 422 3429 a.
477 3366 557 3443 1.‚
598 3366 762 3447 quod
810 3366 1036 3448 aliquis
1084 3385 1205 3430 non
1252 3367 1586 3431 secundum
1632 3370 1867 3433 rectam
1917 3370 2225 3434 rationem
2276 3370 2681 3436 delectatione
2727 3392 2826 3436 ve·

373 3485 555 3531 nerea.
601 3467 805 3531 utitur
836 3491 897 3531 ».
948 3468 1295 3533 Delectatio
1345 3470 1555 3533 autem
1600 3489 1858 3533 venerea
1906 3472 2000 3534 est
2031 3470 2357 3536 delectatio
2393 3473 2529 3535 orta
2562 3493 2632 3536 ex
2664 3492 2825 3538 com-

366 3567 641 3632 motione
688 3568 1023 3653 spirituum
1070 3569 1171 3652 (ut
1199 3570 1453 3654 dicitur)
1484 3570 1868 3656 generationi
1897 3571 2380 3636 inservientium.
2431 3571 2706 3637 Luxuria
2736 3574 2824 3637 id-

362 3670 523 3736 circo
569 3671 718 3736 bene
766 3672 1133 3737 describitur
1197 3673 1273 3736 ab
1304 3672 1410 3736 A.:
1465 3671 1855 3737 inordinatus
1904 3674 2215 3757 appetitus
2268 3673 2369 3738 vel
2420 3693 2571 3739 usus
2617 3675 2820 3759 (actus

358 3774 586 3838 interni
617 3776 679 3838 et
703 3776 936 3840 externi
958 3775 1584 3861 comprehenduntur)
1608 3775 2033 3841 delectationis
2059 3795 2166 3841 seu
2192 3795 2405 3841 sensus
2430 3778 2669 3842 venerei
2702 3780 2818 3844 etc.

359 3877 792 3942 Inordinatum
838 3878 1063 3963 quippe
1095 3882 1207 3956 est,
1243 3879 1537 3962 quidquid
1565 3898 1686 3943 non
1734 3881 1830 3944 est
1860 3879 2196 3944 secundum
2226 3881 2459 3944 rectam
2490 3879 2815 3946 rationem.

363 3978 518 4044 Heio
562 3999 708 4045 vero
754 3981 1142 4046 inordinatus
1176 3984 1270 4046 est
1310 3982 1622 4067 appetitus
1655 3984 1717 4046 et
1755 4001 1904 4047 usus
1949 4001 2367 4061 venereorum‚
2404 3984 2512 4065 qui
2541 3983 2614 4046 fit
2647 3987 2816 4048 extra

361 4081 831 4147 matrimonium
862 4083 961 4148 vel
991 4085 1205 4149 contra
1239 4085 1650 4169 obligationes
1697 4084 2100 4149 matrimonii.
2135 4084 2378 4149 Vitium
2427 4083 2680 4168 proinde
2726 4086 2818 4149 lu-

360 4184 571 4248 xuriae
619 4185 812 4250 situm
845 4186 939 4250 est
968 4186 1034 4249 in
1065 4186 1467 4252 delectatione
1498 4207 1755 4253 venerea
1785 4188 2135 4253 voluntarie
2167 4186 2457 4265 admissa,
2485 4189 2657 4251 extra
2689 4205 2816 4251 ma-

352 4286 738 4365 trimonium,
772 4289 871 4352 vel
907 4287 971 4352 in
1001 4288 1422 4367 matrimoni0‚
1455 4292 1667 4354 contra
1717 4289 2099 4355 matrimonii
2146 4291 2334 4375 leges.

458 4526 520 4572 (a)
552 4523 623 4575 B„
647 4523 828 4565 utiam
855 4523 1162 4574 monuimus,
1184 4521 1337 4564 huius
1368 4519 1618 4575 praecepti
1647 4525 2009 4569 tractationem
2039 4527 2328 4581 praeteriit:
2361 4529 2610 4582 quaedam
2639 4533 2813 4574 tamen

352 4588 422 4633 ab
446 4588 553 4644 ipso
581 4591 720 4634 dicta
746 4592 849 4634 huo
876 4593 1167 4634 referemus.
1197 4591 1255 4633 E.
