3497 5147
360 347 506 423 [775]
750 362 832 402 ΑΝ
870 360 1197 403 0011000010
1233 361 1363 403 me.
1403 362 1750 402 rammam·
1785 362 2173 404 Aum'rronmr
2212 363 2433 404 11100111.
2723 350 2830 405 569

367 462 641 542 itemque
688 460 1053 525 Tamburini
1083 462 1155 524 in
1184 459 1407 525 Deoaz.
1439 461 1547 526 lib.
1572 463 1634 525 4.
1670 480 1805 545 cap.
1841 463 1900 526 2.
1938 462 1995 544 g.
2037 463 2093 525 1.
2128 482 2189 526 n.
2228 463 2352 538 15„
2386 463 2555 542 quia,
2604 463 2827 545 inquit,

365 561 723 626 excluditur
766 561 1030 625 moralis
1072 563 1476 638 assistentem
1514 581 1673 644 quae
1704 564 1868 628 ratio
1901 563 2114 628 eadem
2147 564 2286 627 aliis
2317 563 2519 628 verbis
2556 566 2651 628 est
2687 584 2827 629 cum

364 665 606 729 ratione
644 663 852 748 Lugo:
902 665 1065 728 male
1112 666 1322 729 tamen
1358 664 1725 729 Tamburini
1772 665 2007 749 allegat
2050 665 2113 728 in
2160 665 2224 729 id
2272 663 2498 729 Suarez
2546 668 2609 730 et
2643 667 2827 742 Azor,

365 786 631 849 quorum
678 767 950 849 primum
982 768 1081 831 sui
1109 768 1439 832 immemor
1467 767 1620 848 (vid.
1654 785 1791 850 sup.
1826 787 1886 831 n.
1924 768 2103 851 773.)
2133 767 2207 833 de
2254 768 2378 833 alia
2415 787 2480 832 re
2510 768 2828 852 disputare

365 868 620 934 fatetur.
654 869 738 932 Et
768 867 1099 933 Gordonus
1124 870 1202 933 ab
1225 869 1301 933 A.
1328 869 1640 953 allegatus
1662 869 1816 934 item
1841 867 2148 935 defectum
2173 869 2537 934 attentionis
2576 873 2828 936 accusat

365 970 604 1035 Moral.
637 970 745 1035 lib.
781 971 842 1035 6.
878 989 936 1052 q.
976 971 1033 1035 7‘.
1068 989 1200 1053 cap.
1237 973 1297 1034 2.
1331 992 1391 1035 n.
1432 972 1533 1035 13.
1568 972 1631 1036 in
1662 970 1770 1035 fin.

452 1072 513 1138 S.
548 1072 733 1156 Alph.
767 1073 875 1137 lib.
911 1074 972 1137 3.
1007 1095 1067 1137 n.
1103 1074 1253 1137 314.
1290 1073 1501 1138 allatis
1533 1093 1644 1156 pro
1678 1073 2029 1138 affirmante
2062 1073 2348 1155 opinione
2379 1075 2535 1151 DD.,
2571 1075 2823 1140 subdit:

368 1200 404 1234 α
437 1176 606 1241 Haec
637 1176 903 1242 secunda
949 1176 1256 1241 sententia
1302 1193 1425 1241 non
1457 1176 1704 1241 videtur
1752 1176 2000 1240 omnino
2032 1176 2471 1259 probabilitate
2518 1176 2823 1241 destituta

363 1279 427 1342 et
460 1279 611 1343 olim
648 1279 1029 1362 probabilem
1073 1280 1205 1361 ipse
1237 1279 1482 1354 censui3
1523 1279 1630 1343 sed
1676 1279 1824 1360 quia
1871 1278 2271 1361 postmodum
2303 1279 2645 1356 observavi,
2688 1298 2825 1343 eam
2939 1305 2946 1310 ·

365 1400 401 1444 a
434 1382 731 1465 gravibus
763 1382 898 1446 DD.
932 1381 1122 1458 reiici,
1156 1381 1340 1447 modo
1373 1399 1496 1446 non
1528 1380 1723 1445 audeo
1756 1380 2140 1464 probabilem
2171 1380 2368 1444 dicere
2401 1405 2462 1445 ».

453 1482 683 1547 Verum
718 1501 865 1568 ergo
897 1501 1020 1547 non
1056 1483 1254 1559 video,
1296 1483 1550 1547 ubinam
1581 1482 1665 1546 sit
1700 1482 1821 1547 iste
1853 1500 2132 1546 excessus
2169 1486 2462 1546 externae
2479 1483 2825 1562 probabili»

367 1586 512 1648 tatis
557 1603 667 1668 pro
703 1584 990 1669 negante,
1027 1605 1167 1649 cum
1202 1585 1394 1649 etiam
1425 1603 1537 1668 pro
1572 1585 1925 1649 affirmante
1956 1602 2078 1648 non
2110 1584 2431 1666 pauciores
2475 1603 2586 1649 1100
2614 1586 2823 1650 minus

364 1711 584 1776 graves
615 1692 747 1776 ipse
777 1711 827 1757 s.
860 1692 1215 1776 Alphonsus
1244 1692 1474 1756 indicet
1504 1694 1567 1756 et
1598 1692 1709 1755 abs
1739 1711 1805 1756 re
1837 1691 2172 1756 viderimus
2203 1691 2507 1773 quosdam
2539 1691 2820 1775 allegari,

366 1794 459 1859 uti
492 1792 717 1859 Suarez
751 1795 815 1858 et
851 1794 1031 1860 Azor.

452 1894 627 1960 Circa
670 1897 944 1962 rationes
987 1917 1064 1961 ne
1109 1899 1240 1980 ipse
1285 1897 1533 1979 quidem
1580 1915 1628 1960 s.
1679 1895 1864 1979 Alph.
1913 1896 1955 1960 l.
2005 1916 2056 1961 0.
2105 1895 2333 1978 10110111
2379 1898 2820 1980 argumentum

362 1999 565 2064 ullum
609 2000 1057 2065 decretorium:
1106 2000 1234 2065 imo
1283 1999 1570 2074 advertit,
1620 1999 1948 2082 negativae
2013 1997 2414 2063 adhaerentes
2468 1999 2532 2062 in
2578 1999 2819 2064 ratione

362 2102 665 2168 afferendo
700 2120 823 2168 non
854 2104 974 2167 sibi
1004 2103 1329 2168 cohaerere
1365 2105 1429 2166 et
1460 2102 1617 2165 alias
1656 2101 1734 2165 ab
1767 2101 1906 2164 aliis
1939 2100 2161 2165 afferri.
2202 2123 2238 2159 ‹
2270 2100 2553 2164 Utuntur
2585 2103 2816 2179 autem,

360 2204 470 2279 ait,
505 2203 759 2269 diversis
790 2205 1139 2271 rationibus
1163 2229 1225 2269 ».
1252 2203 1430 2284 Quod
1466 2204 1675 2287 palam
1711 2203 1883 2280 facit,
1909 2203 2216 2267 rationem
2242 2203 2517 2285 aliquam
2554 2204 2819 2269 solidam

361 2325 433 2370 ac
469 2306 866 2371 manifestam
902 2306 1127 2372 deesse.

446 2408 609 2474 Nam
661 2410 726 2472 1⁰
757 2409 922 2491 quod
968 2410 1223 2492 quidam
1272 2410 1469 2484 aiunt,
1510 2428 1631 2474 non
1679 2427 1858 2492 posse
1908 2409 2123 2473 eodem
2167 2411 2448 2491 tempore
2492 2427 2816 2492 personam

360 2512 491 2597 geri
528 2512 670 2578 111110
713 2513 804 2577 101
833 2512 975 2576 111ᾰο
1022 2512 1350 2590 offerentis,
1382 2512 1447 2577 id
1493 2530 1682 2597 prope
1712 2510 1946 2595 puerile
1983 2512 2080 2576 est
2125 2513 2190 2577 et
2224 2510 2518 2594 probaret
2545 2511 2814 2594 insuper,

364 2633 486 2680 non
532 2615 745 2680 audire
806 2615 1064 2679 Missam
1111 2617 1312 2696 illum,
1360 2617 1467 2696 qui
1516 2618 1665 2679 tunc
1711 2615 2026 2679 examinat
2070 2606 2512 2679 conscientiam
2557 2615 2651 2696 (et
2697 2615 2816 2680 huc

359 2719 573 2781 contra
596 2736 987 2782 communem
1010 2718 1380 2783 sententiam
1406 2718 1651 2781 devenit
1674 2718 1990 2782 Bonacina
2008 2718 2082 2780 de
2107 2715 2306 2782 Euch.
2333 2717 2490 2799 disp.
2517 2719 2579 2780 4.
2604 2718 2812 2782 ultim.

360 2823 568 2904 punct.
586 2821 686 2884 11.
710 2841 770 2885 11.
801 2821 937 2903 26.)
962 2839 1033 2885 00
1056 2822 1258 2886 11111110
1284 2821 1489 2884 minus
1513 2819 1694 2883 illum
1719 2820 1828 2899 qui
1851 2822 2103 2902 peccata
2126 2839 2241 2884 sua
2264 2821 2396 2885 Deo
2421 2820 2811 2885 confiteatur.

446 2923 759 2988 Bonacina
791 2923 927 3005 (qui
956 2924 998 2987 l.
1035 2943 1085 2987 c.
1120 2924 1354 2987 fatetur
1386 2941 1450 2986 se
1487 2924 1657 3004 prius
1690 2922 2105 2986 affirmativae
2144 2923 2418 3005 opinioni
2463 2922 2814 2987 adhaesisse

357 3046 465 3090 ceu
500 3026 833 3109 probabili)
864 3027 1099 3090 moveri
1131 3045 1195 3090 se
1226 3026 1377 3090 dicit
1408 3025 1486 3088 ad
1516 3025 1885 3093 mutandam
1922 3026 2314 3101 sententiam,
2347 3028 2496 3107 quia
2525 3025 2815 3090 Ecclesia

346 3129 661 3208 praecipit
702 3129 995 3192 assistere
1040 3128 1286 3192 Missae
1317 3148 1441 3207 per
1483 3129 1732 3192 modum
1768 3130 2104 3192 orationis:
2139 3128 2366 3193 addens
2412 3128 2627 3193 deinde
2674 3127 2814 3209 (abs

357 3250 442 3308 re,
473 3234 549 3295 ut
580 3231 878 3315 vidimus)
910 3232 1351 3296 auctoritatem
1382 3229 1608 3295 Suarez
1642 3232 1707 3294 et
1742 3230 1925 3294 Azor.

445 3334 533 3397 At
578 3334 742 3398 enim
778 3353 828 3398 s.
862 3335 1047 3417 Alph.
1081 3356 1142 3398 n.
1176 3334 1326 3396 314.
1363 3332 1650 3409 advertit,
1684 3333 1844 3396 hanc
1888 3334 2193 3397 rationem
2240 3350 2362 3396 non
2399 3350 2530 3395 esse
2565 3332 2813 3396 firmam

357 3454 465 3500 nec
504 3437 1024 3516 orationem0esse
1068 3435 1496 3499 necessariam.
1536 3434 1619 3496 Et
1649 3432 1897 3514 quidem
1932 3434 2008 3496 ad
2055 3434 2172 3498 hoc
2217 3433 2453 3514 allegat
2497 3451 2640 3495 cum
2673 3434 2814 3496 aliis

356 3536 604 3615 Suarez,
630 3539 737 3620 qui
761 3538 835 3602 de
859 3536 1058 3602 Euch.
1085 3536 1241 3619 disp.
1272 3538 1377 3598 88.
1403 3537 1550 3598 sect.
1578 3536 1639 3597 3.
1672 3558 1708 3592 ‹
1732 3535 1982 3609 statuit,
2009 3536 2260 3598 tantum
2281 3533 2511 3614 requiri
2537 3534 2813 3613 aliquam

360 3641 770 3705 attentionem
800 3661 871 3706 ex
906 3641 1144 3705 obiecto
1178 3637 1534 3722 religiosam
1567 3638 1629 3700 et
1661 3636 1739 3699 ad
1771 3636 2014 3699 cultum
2046 3636 2159 3698 Dei
2191 3635 2600 3717 pertinentem
2630 3658 2692 3697 ».

446 3738 617 3814 775.
658 3744 889 3826 Aliqui,
930 3746 1002 3807 ut
1046 3742 1335 3817 vidimus,
1383 3739 1616 3823 negant
1661 3737 1872 3801 haberi
1919 3738 1983 3800 in
2029 3736 2359 3801 confitente
2406 3736 2816 3801 attentionem

357 3850 700 3923 externam,
718 3847 1130 3930 praesentiam
1155 3845 1285 3910 scil.
1306 3842 1625 3917 moralem,
1643 3859 1770 3922 qua
1795 3841 2111 3923 appareat,
2131 3858 2274 3903 eum
2291 3842 2477 3905 Sacro
2503 3839 2812 3904 assistere.

356 3952 444 4016 At
473 3954 638 4017 enim
684 3973 793 4018 0111
836 3954 900 4018 111
947 3954 1154 4029 choro,
1194 3952 1324 4017 scil.
1360 3952 1503 4034 post
1548 3949 1745 4013 altare
1791 3948 1995 4012 maius
2043 3947 2163 4011 erit
2207 3964 2492 4030 praesens
2538 3948 2646 4028 qui
2690 3966 2814 4012 non

356 4056 708 4134 confitetur,
746 4075 868 4121 non
901 4057 1019 4120 erit
1047 4073 1333 4138 praesens
1366 4054 1592 4116 ibidem
1624 4052 1802 4128 alter,
1828 4052 1976 4132 quia
2007 4050 2367 4135 genuflectit
2403 4068 2590 4133 prope
2621 4068 2817 4113 sacer-

355 4158 565 4224 dotem
590 4161 690 4224 cui
715 4159 1045 4224 confitetur
1068 4162 1360 4241 peccata?
1376 4158 1674 4221 Recident
1697 4175 1845 4240 ergo
1869 4156 2064 4221 1011111
2090 4156 2354 4238 primam
2379 4153 2812 4217 difficultatem

354 4260 427 4326 de
475 4262 717 4327 diversa
764 4279 1025 4345 persona
1074 4261 1381 4324 offerentis
1428 4262 1492 4324 et
1538 4260 1643 4323 rei.
1679 4258 1767 4324 At
1813 4276 1957 4323 vero
2005 4256 2306 4338 numquid
2354 4255 2621 4319 exterius
2652 4253 2816 4338 gerit

352 4382 680 4445 personam
706 4363 1032 4438 offerentis,
1060 4363 1168 4443 qui
1199 4363 1475 4443 tempore
1500 4361 1728 4425 Missae
1753 4362 2040 4425 circumit
2068 4360 2297 4435 fideleS,
2325 4378 2466 4423 cum
2496 4356 2814 4440 marsupio

355 4487 464 4532 seu
510 4468 766 4551 capsula
798 4467 897 4531 vel
929 4469 1161 4549 patera,
1205 4467 1277 4528 ut
1308 4464 1565 4548 colligat
1612 4465 2032 4547 eleemosynas
2063 4482 2174 4546 pro
2213 4462 2539 4526 animabus
2586 4479 2816 4545 purga-

356 4570 553 4634 torii?
584 4570 714 4634 Aut
750 4570 974 4634 melius
1022 4571 1335 4632 externam
1385 4568 1794 4630 attentionem
1840 4568 2119 4648 praestat
2165 4564 2447 4629 sacerdos
2479 4564 2812 4638 celebrans,
