3497 5147
678 337 787 394 704
858 351 1068 393 maor.
1097 351 1178 393 vx.
1206 351 1367 391 ωσι.
1397 351 1452 390 v.
1490 349 1578 388 nn
1602 346 1830 396 Quarto
1851 345 2066 387 ΡΜ.
2088 343 2416 385 nncAmm.
2441 341 2577 384 cnr.
2605 343 2694 384 111.
2721 343 2862 387 nun.
2897 344 2936 384 1.
3010 327 3156 405 [950]

678 448 950 526 stantiis‚
985 448 1047 511 in
1089 448 1315 532 quibus
1348 445 1740 511 incommoda
1768 444 1974 510 timeri
2020 443 2262 526 possint
2295 443 2408 506 aut
2435 460 2558 506 non
2593 440 2852 524 possint.
2880 438 2945 504 Si
2969 441 3153 506 modo

680 572 728 615 a.
755 550 939 635 Alph.
968 551 1223 630 viveret,
1252 553 1526 615 cerneret
1552 548 1747 614 oculis
1774 548 1924 624 suiS,
1950 545 2291 611 Ecclesiam
2316 542 2719 626 tranquillius
2743 542 2962 628 degere
2993 543 3156 608 inter

679 653 1130 730 schismaticos,
1170 653 1535 728 haereticos,
1570 653 1802 727 turcas,
1836 649 2224 721 idololatras,
2259 666 2450 730 quam
2497 647 2614 711 sub
2660 645 2960 730 regimine
3007 664 3154 728 quo-

680 755 965 834 rundam,
1000 755 1106 837 qui
1139 774 1202 819 se
1241 753 1456 818 dicunt
1486 752 1847 817 catholicoe.

787 881 841 932 L.
872 882 921 932 8.
948 878 1183 932 Similiter
1203 879 1315 931 licet
1342 877 1483 931 alteri
1510 876 1739 943 Principi,
1766 875 1911 929 etiam
1937 873 2141 930 alterius
2168 872 2297 937 fidei,
2329 873 2383 927 in
2409 876 2541 926 bello
2575 870 2705 926 iusto
2734 870 2969 925 auxilium
2998 875 3154 940 ferre3

679 961 773 1019 nisi
800 969 961 1016 tamen
1002 962 1065 1016 sit
1104 962 1375 1030 periculum
1404 960 1637 1025 scandali,
1667 960 1955 1014 incrementi
1992 964 2252 1013 haereseos
2290 965 2339 1012 et
2378 957 2542 1011 damni
2581 970 2729 1011 verae
2767 954 2898 1010 ndei.
2928 957 2989 1009 V.
3026 955 3147 1010 Con.

679 1057 745 1105 tr.
772 1050 837 1105 de
863 1050 1109 1107 Caritate
1132 1052 1180 1104 d.
1207 1049 1274 1104 de
1298 1047 1462 1103 Bello.

774 1156 897 1220 Res
935 1155 1105 1220 clara
1144 1159 1257 1219 est.

794 1296 869 1347 Ll.
898 1296 945 1347 9.
979 1297 1157 1357 DuceS,
1184 1293 1407 1358 Tribuni,
1448 1293 1777 1350 Centuriones
1816 1290 1995 1357 aliique
2033 1290 2278 1344 officiales
2317 1295 2519 1357 peccant
2559 1295 2881 1354 teneaturque
2909 1290 2972 1340 ad
3013 1286 3148 1341 resti-

686 1376 937 1441 tutionem,
975 1380 1013 1430 l.
1037 1377 1078 1431 si
1099 1378 1357 1445 pauciores
1383 1382 1594 1431 habeant
1614 1376 1808 1439 milites,
1831 1391 1976 1442 quam
2001 1375 2049 1428 in
2071 1374 2315 1430 solutione
2343 1371 2574 1440 stipendii
2600 1372 2861 1427 exhibent:
2885 1375 2936 1425 2.
2957 1374 3148 1438 quando

686 1465 867 1517 debent
902 1479 962 1516 ex
990 1464 1151 1517 officio
1182 1471 1503 1518 commeatum
1542 1478 1716 1517 curare
1757 1471 1805 1516 el
1843 1465 1959 1516 dant
1996 1461 2234 1516 militibus
2260 1460 2421 1514 cibum
2461 1463 2541 1513 vel
2570 1466 2739 1527 potum
2767 1466 3064 1525 corruptum,
3091 1471 3152 1511 ex

686 1562 785 1613 quo
824 1548 985 1602 morbi
1010 1548 1258 1602 oriantur:
1292 1552 1342 1602 3.
1369 1548 1412 1602 si
1441 1547 1490 1601 in
1518 1547 1725 1602 transitu
1753 1562 1841 1613 per
1870 1545 2095 1610 regiones
2132 1545 2373 1612 accipiant
2409 1543 2644 1612 pecunias
2680 1560 2708 1598 a
2738 1542 2890 1597 variis
2916 1542 3066 1611 pagis,
3093 1557 3153 1596 ne

686 1631 799 1686 istic
839 1640 1124 1699 pernoctent
1151 1640 1235 1687 aut
1261 1640 1541 1686 morentur:
1569 1634 1618 1685 4.
1645 1632 1687 1686 si
1715 1632 1797 1686 uni
1824 1630 1966 1685 militi
1991 1633 2107 1685 dent
2132 1634 2271 1698 plura
2305 1633 2587 1696 syngrapha
2611 1631 2676 1683 ad
2711 1630 2889 1682 domos
2915 1628 3155 1681 diversas·

686 1716 851 1770 Molin.
876 1719 990 1771 Bec.
1020 1716 1161 1771 Dian.
1191 1732 1237 1784 p.
1266 1721 1315 1771 6.
1345 1725 1377 1771 t.
1402 1718 1448 1770 4.
1476 1733 1514 1770 r.
1545 1718 1627 1770 27.
1652 1725 1700 1771 et
1724 1720 1837 1769 28.:
1859 1718 1908 1770 ὅ.
1938 1716 1980 1769 si
2005 1714 2302 1783 stipendium
2325 1714 2562 1768 militibus
2586 1717 2935 1768 subtrahentes
2961 1711 3154 1781 permit·

686 1808 790 1854 tant
828 1809 1123 1868 extorquere
1162 1805 1222 1855 ab
1261 1801 1605 1856 innocentibus
1636 1800 1928 1856 necessaria.

777 1911 947 1977 Haec
984 1913 1258 1977 notanda
1296 1912 1375 1977 ad
1408 1932 1511 1977 eos
1541 1912 1900 1988 monendos,
1941 1911 2048 1994 qui
2085 1909 2181 1976 his
2212 1930 2492 1994 praeesse
2530 1909 2772 1975 debent.

798 2056 897 2108 Lll.
926 2058 1009 2110 40.
1037 2055 1190 2117 Miles,
1219 2055 1301 2121 qui
1338 2054 1387 2108 in
1429 2057 1559 2110 bello
1598 2063 1646 2109 et
1683 2054 1815 2108 iusto
1854 2061 1903 2108 et
1942 2052 2126 2108 iniusto
2166 2062 2366 2120 paratus
2391 2060 2468 2108 est
2505 2052 2684 2108 mereri
2720 2051 2985 2119 stipendia,
3007 2050 3156 2105 estin

687 2142 819 2194 malo
856 2146 985 2193 statu
1025 2147 1074 2193 et
1109 2139 1313 2207 incapax
1351 2140 1814 2203 absolutioni3‚11isi
1853 2147 2062 2193 mentem
2100 2139 2315 2203 corrigat
2339 2147 2388 2193 et
2426 2137 2641 2205 quidem,
2666 2137 2708 2191 si
2749 2135 2924 2190 militet
2946 2136 2999 2189 in
3024 2138 3154 2190 bello

686 2224 887 2290 iniust0,
927 2232 1117 2279 tenetur
1152 2228 1214 2279 ad
1252 2225 1610 2279 restitutionem
1651 2228 1960 2287 damnorum,
1996 2223 2088 2277 nisi
2126 2223 2439 2290 inculpabilis
2471 2221 2744 2289 ignorantia
2784 2229 3156 2289 exeuse13tune

688 2310 816 2365 enim
856 2309 1034 2364 sufficit
1073 2309 1317 2365 restitutio
1357 2324 1543 2373 eorum,
1582 2324 1705 2376 quae
1745 2310 1793 2362 in
1835 2308 1996 2374 specie
2037 2312 2183 2363 habet
2227 2310 2305 2362 vel
2344 2322 2527 2371 eorum,
2567 2306 2615 2360 in
2654 2305 2835 2372 quibus
2887 2309 3040 2359 lactus
3082 2310 3158 2358 est

688 2393 853 2449 ditior.
884 2397 948 2447 V.
972 2395 1083 2448 inlr.

779 2494 953 2569 950.
990 2497 1206 2580 Quoad
1240 2498 1702 2562 restitutionem
1744 2496 2023 2582 intellige
2055 2496 2128 2560 de
2159 2496 2407 2580 praeda,
2443 2514 2565 2579 qua
2611 2492 2817 2559 factus
2861 2493 3018 2557 esset
3063 2490 3152 2554 di-

688 2602 832 2682 tior,
865 2621 988 2667 non
1020 2621 1164 2665 vero
1199 2602 1271 2664 de
1310 2599 1636 2683 stipendio.
1672 2597 1764 2662 Cf.
1800 2599 2054 2664 dicenda
2095 2599 2200 2663 ubi
2231 2600 2306 2663 de
2337 2597 2776 2663 Restitutione.

802 2744 920 2795 Llll.
954 2743 1035 2791 ll.
1063 2738 1114 2791 si
1154 2744 1362 2791 vocatus
1400 2739 1461 2791 ad
1504 2739 1683 2791 bellum
1723 2737 1787 2791 sil
1820 2737 2046 2791 subditus
2085 2737 2341 2804 PrincipiS,
2373 2738 2454 2804 qui
2495 2740 2677 2792 bellum
2714 2736 2842 2801 gerit
2878 2744 2961 2790 aut
3003 2738 3061 2788 ab
3097 2751 3158 2789 eo

689 2836 802 2880 ante
834 2827 1119 2886 conductus,
1148 2839 1243 2877 non
1271 2831 1463 2877 tenetur
1488 2822 1735 2890 inquirere
1765 2825 1824 2876 de
1863 2821 2047 2876 iustitia
2078 2823 2210 2888 belli,
2243 2822 2454 2888 quandiu
2496 2823 2626 2876 nulla
2651 2824 2917 2875 vehemens
2941 2820 3157 2887 suspicio

691 2909 900 2964 occurrit
937 2908 986 2962 in
1024 2907 1332 2972 contrarium,
1356 2923 1480 2974 quae
1520 2907 1730 2976 positive
1772 2909 1944 2961 reddat
1972 2906 2204 2975 dubium;
2235 2907 2347 2973 quia
2389 2913 2550 2973 potest
2588 2919 2898 2974 praesumere
2937 2919 3028 2971 pro
3065 2919 3156 2958 suo

691 2995 932 3061 Principe,
960 2995 1038 3048 cui
1076 2995 1125 3048 in
1166 2994 1316 3048 dnbio
1355 2996 1501 3048 debet
1527 2994 1730 3049 obedire
1758 2994 1960 3060 eiusque
1999 2993 2271 3047 auctoritas
2307 2995 2596 3060 plerumque
2631 2991 2704 3046 illi
2742 2991 2950 3045 snmciet
2976 2993 3039 3044 ad
3065 2994 3158 3044 lor·

689 3081 921 3136 mnndum
954 3079 1097 3133 etiam
1126 3078 1337 3146 positive
1357 3079 1588 3133 iudicium
1620 3079 1876 3146 probabile
1902 3081 1964 3132 de
1983 3078 2169 3132 iustitia
2192 3093 2385 3141 causae,
2408 3093 2468 3132 ne
2492 3093 2601 3132 eum
2622 3076 2770 3132 dubia
2791 3078 2886 3131 lide
2911 3085 3155 3144 operetur.

691 3167 757 3218 V.
783 3163 838 3218 C.
865 3167 985 3229 Lug.
1013 3166 1060 3217 d.
1091 3167 1174 3219 «18.
1202 3162 1267 3219 de
1295 3167 1426 3219 lust.
1450 3180 1490 3218 s.
1529 3167 1569 3217 1.
1592 3179 1638 3218 n.
1663 3166 1747 3217 21.
1771 3163 1823 3216 si
1860 3178 1978 3216 vero
2006 3179 2103 3216 non
2140 3163 2205 3216 sit
2237 3162 2480 3226 subdituS,
2510 3169 2702 3217 tenetur
2742 3161 2880 3229 prius
2917 3161 3155 3228 inquirere

693 3258 742 3305 et
779 3257 948 3318 postea
989 3253 1158 3304 saltem
1198 3249 1455 3317 probabile
1483 3255 1693 3304 formare
1729 3248 1982 3312 iudicium,
2019 3251 2198 3301 bellum
2226 3263 2335 3301 esse
2362 3248 2560 3302 iustum.
2592 3250 2705 3302 Mol.
2730 3249 2779 3299 (Ι.
2810 3248 2927 3300 113.
2959 3261 3006 3300 n.
3041 3248 3153 3300 171.

692 3337 863 3400 Laym.
892 3337 922 3388 1.
953 3337 1001 3388 2.
1032 3343 1063 3389 ι.
1093 3337 1142 3389 3.
1171 3350 1212 3388 c.
1244 3338 1326 3388 12.
1358 3351 1401 3389 n.
1430 3338 1478 3388 8.
1507 3337 1657 3400 Azor,
1683 3335 1828 3387 Malu.
1857 3332 2028 3397 Regin.
2056 3341 2226 3386 contra
2252 3335 2490 3398 quosdam
2517 3335 2644 3399 apud
2673 3331 2815 3385 Dian.
2843 3337 2913 3385 to.
2941 3334 2989 3385 9..
3017 3339 3078 3384 tr.
3105 3333 3155 3385 5.

688 3418 827 3474 misc.
855 3434 895 3474 r.
924 3423 1007 3474 96.
1035 3428 1083 3474 et
1122 3428 1238 3474 torn.
1267 3423 1315 3474 3.
1344 3435 1384 3473 r.
1412 3421 1463 3472 7.
1488 3418 1631 3472 Card.
1659 3420 1719 3472 de
1746 3422 1881 3482 Lugo
1907 3419 1937 3472 1.
1964 3434 2006 3471 c.
2036 3420 2207 3471 Escob.
2235 3420 2290 3471 E.
2317 3419 2368 3471 7.
2395 3432 2438 3470 c.
2467 3418 2515 3471 8.

783 3526 935 3601 951.
969 3531 1061 3596 De
1098 3530 1299 3594 milite
1347 3528 1596 3593 subdito
1630 3527 1773 3609 (aut
1819 3528 2121 3593 conducto
2158 3528 2301 3591 ante
2340 3527 2601 3609 bellum)
2648 3526 2915 3590 habetur
2946 3524 3157 3590 eadem

689 3634 909 3719 regula
941 3633 1005 3698 in
1044 3634 1177 3698 iure
1208 3631 1520 3697 Canonico
1568 3651 1618 3695 c.
1663 3629 1833 3712 Quid
1873 3630 2167 3712 culpatur
2198 3632 2261 3693 4.
2294 3649 2463 3694 caus.
2499 3630 2603 3693 23.
2638 3647 2697 3711 q.
2737 3630 2795 3693 1.
2828 3647 2904 3692 ex
2948 3629 3157 3714 Augu-

691 3737 855 3800 stino
894 3735 1108 3800 Contr.
1156 3735 1372 3799 Faust.
1422 3734 1528 3799 lib.
1567 3735 1670 3797 22.
1706 3753 1838 3817 cap.
1880 3734 2011 3797 74.:
2069 3758 2104 3790 «
2137 3731 2251 3796 Vir
2297 3733 2522 3809 iustus,
2571 3732 2625 3796 si
2671 3730 2832 3795 forte
2869 3730 2986 3794 sub
3016 3748 3156 3816 rege

690 3838 939 3901 homine
964 3838 1156 3902 etiam
1189 3837 1489 3922 sacrilego
1523 3836 1774 3915 militet,
1802 3836 1965 3900 recte
1989 3836 2198 3919 potest
2228 3834 2338 3899 illo
2364 3834 2614 3898 iubente
2638 3833 2889 3910 bellare,
2916 3833 2969 3898 si
2995 3831 3154 3915 quod

693 3941 811 4006 sibi
859 3942 1127 4021 iubetur,
1176 3943 1273 4006 vel
1335 3960 1455 4006 non
1509 3960 1639 4006 esse
1701 3943 1918 4004 contra
1965 3939 2081 4004 Dei
2137 3941 2535 4023 praeceptum
2589 3938 2828 4002 certum
2876 3938 2989 4012 est,
3041 3937 3151 4012 vel,

690 4046 907 4110 utrum
947 4045 1049 4122 sit,
1084 4047 1323 4110 certum
1356 4063 1479 4108 non
1512 4045 1606 4108 est
1638 4069 1698 4106 ».

782 4147 958 4229 Quod
990 4167 1134 4212 vero
1174 4147 1419 4223 dicitur,
1450 4146 1729 4210 sufficere
1767 4144 2208 4209 auctoritatem
2241 4143 2545 4228 Principis
2581 4143 2657 4208 ad
2692 4142 2994 4207 iudicium
3027 4159 3155 4225 pro-

692 4251 895 4315 babile
921 4251 993 4314 de
1018 4249 1162 4314 belli
1186 4247 1453 4324 iustitia,
1480 4246 1705 4311 merito
1733 4245 1910 4330 Lugo
1938 4245 2093 4329 disp.
2118 4247 2219 4309 18.
2248 4267 2308 4309 n.
2330 4246 2435 4309 21.
2459 4244 2746 4322 advertit,
2774 4262 2897 4309 non
2923 4261 3155 4325 semper

694 4355 756 4417 et
792 4352 856 4415 in
896 4351 1254 4416 universum
1287 4369 1504 4415 verum
1543 4367 1691 4412 esse.

791 4477 825 4508 «
858 4451 1116 4530 Quando
1165 4452 1327 4515 enim
1375 4450 1636 4534 (inquit)
1686 4450 1933 4516 aliunde
1980 4452 2127 4528 scio,
2169 4451 2506 4536 principem
2544 4450 2775 4537 passim
2822 4469 2935 4532 pro
2982 4448 3156 4513 libito

692 4555 1041 4638 praecipere
1073 4555 1302 4638 turpia,
1337 4553 1690 4633 homicidia,
1725 4555 1895 4620 furta
1943 4557 2007 4620 et
2053 4554 2303 4635 similia,
2346 4555 2477 4622 sine
2511 4555 2640 4621 ulla
2677 4572 2932 4639 prorsus
2967 4553 3159 4617 atten-
