3497 5147
346 364 490 440 [135]
1287 379 1440 430 Qum
1471 381 1571 424 su·
1606 381 1866 424 canu-As
2700 372 2801 426 101

435 476 601 541 Nam
639 477 706 539 1⁰
741 477 995 560 quidam
1028 479 1336 563 explicant
1372 479 1445 543 de
1474 479 1782 543 beneficiis
1813 479 2074 544 invicem
2105 482 2521 563 rependendis,
2556 481 2691 562 Quo
2713 502 2805 546 re·

346 581 575 644 vocant
621 579 779 644 illud
826 598 876 644 a.
926 578 1242 665 Gregorii:
1291 580 1599 644 Probah'o
1645 580 1997 645 dilectionis
2041 582 2338 646 exhibitio
2384 588 2478 647 est
2505 585 2710 664 operis
2738 587 2803 649 et

347 681 665 764 Apostoli:
700 681 853 745 Non
871 681 1224 764 ’diliyamus
1252 683 1434 747 verbo
1464 702 1659 764 neque
1689 680 1910 765 linqua
1941 687 2056 748 etc.

528 784 600 846 2ο
637 782 907 863 Quidam
938 785 1246 867 explicant
1277 804 1384 868 per
1414 785 1645 850 bonum
1693 786 1963 867 aliquod,
2002 787 2167 868 quod
2215 805 2540 851 commune
2584 788 2803 855 debeat

348 904 497 963 esse,
530 885 607 949 ut
638 885 702 949 in
748 904 820 950 eo
867 887 1172 968 quaedam
1201 889 1290 951 sit
1316 889 1597 963 societas,
1643 886 1998 968 aequabit-as
2026 891 2163 966 etc.‚
2197 890 2294 953 uti
2338 891 2435 954 est
2470 891 2639 953 inter
2666 909 2803 954 con-

348 988 527 1064 cives,
552 989 721 1052 inter
751 988 1214 1069 cmnmilitoneS,
1247 991 1417 1054 inter
1451 991 1945 1072 comanyuineos
1974 993 2091 1055 etc.
2130 989 2212 1055 Et
2239 993 2441 1073 quoad
2472 1011 2605 1056 rem
2637 1011 2806 1075 prae-

350 1093 585 1155 sentem
630 1090 1024 1156 considerant
1067 1094 1261 1156 vitam
1303 1093 1568 1175 ymmo,
1631 1113 1758 1173 qua
1824 1093 2135 1174 efficimur
2191 1093 2439 1157 divinae
2494 1101 2803 1158 camertes

345 1196 630 1256 naturae.

433 1294 577 1359 Huc
607 1298 869 1378 spectat,
894 1298 1059 1378 quod
1090 1298 1611 1381 quisquesferatur
1647 1298 1726 1362 ad
1763 1298 2106 1382 diligendos
2120 1318 2246 1377 coe,
2280 1301 2388 1381 qui
2418 1301 2650 1365 similes
2682 1301 2802 1366 sibi

347 1400 470 1463 sint
501 1399 566 1462 in
596 1399 826 1477 indole,
858 1399 921 1464 in
960 1400 1353 1483 professione,
1383 1402 1449 1466 in
1487 1402 1767 1466 doctrina
1797 1401 1861 1465 in
1900 1403 2069 1466 vitiis
2093 1422 2357 1485 quoque.
2391 1403 2563 1467 Haec
2595 1404 2802 1469 omnia

348 1504 410 1566 et
440 1503 691 1587 singula
723 1521 870 1567 vera
900 1506 1068 1581 sunt,
1103 1504 1209 1568 sed
1231 1523 1353 1569 non
1383 1505 1787 1586 requiruntur
1825 1506 2051 1569 omnia.

431 1601 591 1675 }35.
641 1606 864 1688 Itaque
910 1606 1188 1670 amicitia
1218 1624 1343 1671 non
1373 1607 1525 1670 dicit
1555 1609 1767 1670 actum
1805 1608 2035 1672 amoris
2065 1607 2172 1671 sed
2203 1607 2489 1671 habitum
2521 1608 2804 1672 caritatis

348 1726 457 1771 seu
506 1709 744 1771 statum
791 1708 982 1785 illiue,
1008 1709 1113 1790 qui
1148 1709 1336 1772 habet
1366 1709 1712 1772 caritatem.
1747 1707 2063 1773 Consonat
2094 1710 2155 1772 id
2192 1709 2384 1774 sacris
2414 1709 2669 1774 litteris.
2704 1711 2805 1775 Ita

355 1807 636 1873 Clu-istus
688 1811 859 1875 Ioan.
921 1810 1059 1873 XV.
1114 1812 1216 1874 14.
1271 1812 1373 1874 15.
1437 1811 1560 1874 Vos
1609 1811 1802 1874 amici
1838 1812 1962 1874 mci
2004 1813 2171 1885 estve,
2211 1831 2317 1874 vos
2362 1809 2502 1874 dlxi
2551 1812 2800 1875 amicos,

357 1911 456 1974 Ps.
471 1909 871 1976 CXXXVIII.
889 1913 990 1975 17.
1003 1913 1221 1976 Nimis
1235 1911 1635 1993 honom‘ficati
1648 1914 2002 1977 suntamv'ci
2026 1915 2136 1988 tui,
2154 1912 2350 1977 Deus.
2374 1914 2578 1977 Iacob.
2600 1913 2681 1977 ΙΙ.
2699 1915 2803 1977 23.

350 2011 682 2077 Abraham
724 2015 963 2078 amicus
1009 2013 1140 2077 Dei
1180 2012 1534 2094 appellatus
1563 2021 1671 2078 est.

434 2115 729 2180 Notanda
773 2120 870 2182 est
915 2116 1196 2182 doctrina
1241 2136 1291 2180 s,
1332 2117 1836 2182 Bonaventurae:
1872 2118 2034 2200 quod
2066 2133 2243 2182 amor
2274 2118 2804 2200 concupiscentiae

343 2220 428 2283 sit
472 2238 510 2282 a
559 2219 838 2283 caritate.
884 2219 984 2282 Ita
1021 2219 1126 2283 ille
1151 2221 1212 2283 3.
1247 2220 1390 2284 dist.
1433 2220 1536 2282 27.
1572 2221 1691 2283 art.
1726 2221 1787 2282 2.
1820 2239 1879 2301 q.
1916 2223 1977 2284 2.
2016 2240 2334 2302 quaereus,
2365 2240 2455 2283 an
2484 2226 2806 2283 monteca-

341 2323 559 2386 ritatie
594 2322 801 2402 possit
842 2342 974 2386 esse
1019 2324 1444 2386 mercenarium
1478 2325 1543 2386 et
1574 2322 1868 2386 distincta
1890 2324 2165 2387 mercede
2189 2325 2398 2388 creata
2423 2324 2501 2387 ab
2531 2323 2805 2387 increata

342 2427 405 2489 et
452 2426 728 2502 aeterna,
768 2424 1014 2489 subdit:
1055 2449 1090 2483 «
1126 2425 1217 2488 De
1241 2425 1505 2488 secunda
1535 2424 1936 2489 mercimonia
1967 2425 2224 2488 dubium
2256 2427 2368 2502 est,
2397 2445 2505 2508 pro
2538 2444 2609 2490 eo
2636 2424 2802 2506 quod

339 2527 448 2592 illa
495 2528 709 2612 potest
741 2545 886 2592 esse
931 2545 1073 2592 cum
1119 2527 1399 2605 caritate,
1431 2545 1560 2591 non
1605 2532 1810 2591 tamen
1856 2531 1951 2591 est
1992 2527 2241 2592 omnino
2287 2531 2539 2601 cerium,
2592 2532 2805 2590 vetrum

333 2632 427 2695 sit
466 2651 509 2694 a
555 2631 841 2695 caritate.
881 2628 1045 2693 Nam
1091 2630 1342 2711 quidam
1377 2630 1709 2694 voluerunt
1739 2629 1956 2708 dicere,
1992 2629 2157 2711 quod
2184 2647 2308 2693 uon
2347 2631 2443 2693 est
2474 2648 2509 2692 a
2540 2630 2803 2693 caritate

337 2736 441 2799 sed
490 2735 706 2819 potius
755 2733 833 2797 ab
879 2733 1107 2797 affectu
1151 2736 1433 2809 naturae,
1466 2733 1732 2797 caritate
1778 2734 2252 2797 concomitante.
2287 2733 2481 2797 Amor
2512 2733 2675 2796 enim
2705 2752 2804 2798 ca-

339 2839 579 2910 ritatis,
620 2839 694 2900 ut
740 2835 976 2908 dicunt,
1015 2854 1157 2899 cnm
1189 2836 1273 2898 sit
1321 2853 1495 2899 amor
1539 2835 1878 2918 gratuituS,
1918 2850 2039 2899 non
2083 2835 2366 2900 intuetur
2410 2835 2798 2917 praemium:

333 2941 462 3006 imo
509 2937 859 3004 liberaliter
907 2937 1156 3001 omnino
1194 2936 1346 3000 facit
1379 2936 1694 3000 hominem
1740 2937 1969 3001 ser-vire
2016 2937 2167 3013 Dee,
2216 2937 2379 3001 sicut
2418 2937 2588 3000 filins
2634 2937 2803 3019 patri

332 3062 467 3108 suo.
501 3042 672 3107 Aliis
719 3043 931 3105 autem
980 3039 1244 3115 videtur,
1285 3039 1450 3121 quod
1501 3039 1651 3103 talis
1683 3040 1940 3105 affectus
1983 3040 2398 3104 mercenarius
2427 3039 2626 3122 possit
2670 3057 2800 3105 esse

329 3165 365 3210 a
413 3147 710 3211 caritate.
757 3143 1147 3208 Desiderium
1193 3142 1358 3206 enim
1403 3141 1670 3205 habendi
1715 3143 2031 3206 aeternam
2074 3142 2416 3206 mercedem
2449 3141 2515 3205 et
2559 3140 2801 3206 fruendi

330 3250 594 3313 aeterno
642 3247 824 3321 bone,
859 3248 953 3310 est
999 3245 1367 3309 desiderium
1412 3245 1656 3329 gratiae
1683 3264 1796 3309 nec
1842 3248 1937 3309 est
1968 3246 2197 3309 amoris
2228 3245 2535 3309 naturalis
2562 3264 2676 3310 nec
2707 3262 2803 3310 ac-

328 3351 580 3433 quisiti,
632 3349 738 3413 sed
790 3349 1001 3432 potius
1049 3346 1278 3411 amoris
1324 3346 1618 3431 gratuiti:
1658 3349 1983 3430 praecipue
2026 3347 2183 3410 illud
2230 3348 2619 3425 desiderium,
2676 3368 2799 3430 quo

326 3451 583 3516 dicebat
632 3450 1002 3534 Apostolus:
1053 3448 1247 3528 Cupio
1293 3448 1551 3512 dissolvi
1594 3455 1656 3513 et
1698 3469 1829 3513 esse
1859 3468 1998 3512 cum
2048 3446 2319 3513 Chresto.
2368 3449 2464 3513 Ad
2512 3450 2801 3514 affectum

324 3555 494 3618 enim
542 3552 835 3617 caritatis
881 3570 1005 3616 non
1035 3552 1286 3615 tantum
1316 3552 1556 3634 spectat
1587 3568 1796 3616 amare
1828 3550 2030 3615 Deum
2062 3569 2271 3617 amore
2304 3550 2633 3626 amicitiae,
2673 3552 2798 3617 imo

320 3658 522 3722 etim
559 3675 774 3720 amore
793 3654 1366 3737 concupiscentiae:
1400 3654 1522 3717 frui
1554 3655 1717 3717 enim
1750 3656 1846 3717 est
1875 3672 2084 3717 amore
2104 3654 2423 3717 inhaerere
2447 3655 2510 3716 et
2531 3655 2797 3732 constat,

325 3760 498 3842 qnod
523 3758 658 3824 frui
691 3758 821 3821 Deo
867 3759 965 3821 est
994 3774 1102 3839 per
1131 3756 1479 3820 caritatem.
1519 3756 1602 3819 Et
1629 3755 1769 3819 ideo
1804 3756 2142 3819 voluerunt
2168 3755 2280 3819 isti
2312 3754 2509 3819 dicere
2546 3757 2609 3820 et
2646 3757 2801 3821 satis

325 3861 766 3946 probabiliter,
805 3860 882 3923 ut
909 3858 1177 3935 videtur,
1209 3857 1374 3939 quod
1397 3860 1608 3922 motus
1639 3856 1922 3921 caritatis
1948 3858 2285 3921 secundum
2323 3858 2573 3939 aliquod
2606 3874 2800 3943 genus

319 3963 772 4029 mercimoniae
817 3962 1016 4045 possit
1061 3978 1192 4025 esse
1223 3960 1656 4035 mercenarium
1697 3959 1934 4023 scilicet
1978 3960 2317 4024 secundum
2365 3961 2529 4041 quod
2569 3962 2801 4025 consti-

318 4069 451 4135 tuit
499 4065 852 4132 mercedem
882 4083 1063 4129 suam
1108 4064 1269 4128 circa
1314 4063 1547 4128 bonum
1590 4063 1957 4139 increatum,
1998 4062 2074 4126 ad
2107 4063 2273 4145 quod
2296 4061 2498 4127 tondit
2528 4063 2802 4129 sicutad

323 4171 514 4235 finale
566 4168 918 4252 praemium
964 4167 1028 4231 et
1072 4166 1379 4231 desiderat
1426 4168 1726 4247 tanquam
1773 4184 1954 4229 omne
2012 4165 2266 4229 bonum.
2324 4163 2390 4228 Si
2430 4164 2594 4228 enim
2640 4164 2800 4228 hanc

321 4273 715 4356 positionem
761 4269 1067 4334 sustinere
1095 4268 1359 4333 velimus
1387 4269 1689 4349 tanquam
1721 4267 2124 4350 probabilem,
2156 4267 2316 4329 satis
2359 4264 2636 4344 famliter
2679 4265 2802 4329 dis-

315 4375 671 4440 solvuntur
696 4372 995 4450 ratione&
1043 4390 1202 4452 quae
1246 4374 1400 4434 sunt
1440 4369 1531 4433 ad
1572 4371 1915 4449 quaesitam
1949 4374 2204 4448 partem
2232 4394 2295 4431 ».

409 4477 591 4544 fflud
618 4477 836 4541 autem
863 4473 1230 4550 notandum,
1271 4473 1438 4556 quod
1475 4473 1728 4537 dubiam
1755 4490 1826 4535 ac
1863 4470 2247 4554 probabilem
2279 4470 2430 4534 dicit
2466 4471 2695 4534 thesim
2727 4471 2800 4533 de

263 4615 284 4627 ⁴
315 4586 625 4651 caritatis
673 4588 842 4647 motu
882 4583 1288 4661 mercenarie,
1336 4596 1458 4646 non
1507 4581 1713 4644 autem
1764 4579 2021 4643 dubium
2091 4577 2244 4640 dicit
2310 4576 2682 4659 principium
2727 4575 2801 4637 de
