3497 5147
719 318 829 373 800
1007 330 1220 372 τΒΑοτ.
1247 332 1328 374 vx.
1356 330 1517 372 sacr.
1544 331 1649 373 vn.
1678 332 1764 371 nn
1789 330 2026 372 oca-Avo
2050 331 2266 373 rma-c.
2295 332 2624 375 omanem.
2654 335 2798 376 nrm.
2825 335 2890 375 n.
2927 320 2932 325 ’
3002 321 3183 396 [1081]

720 428 1045 512 pluribus,-
1072 448 1261 510 quam
1310 447 1464 511 opus
1511 429 1628 493 sit:
1680 431 1752 491 2⁰
1797 447 1905 493 nec
1950 428 2221 494 revelare
2266 449 2614 513 personam,
2665 431 2717 496 si
2762 432 2827 496 id
2872 451 2996 497 non
3029 453 3181 517 opus

720 529 803 594 sit
851 531 928 594 ad
974 550 1271 614 scopum:
1321 551 1431 596 nec
1475 532 1748 595 revelare
1813 532 1877 596 in
1923 533 2057 615 ipso
2106 532 2270 597 facto
2317 532 2450 606 illa,
2499 552 2657 614 quae
2704 533 2782 597 ad
2828 533 3014 598 finem
3058 554 3179 600 non

718 632 956 697 faciunt
982 635 1045 696 et
1068 635 1140 696 4⁰
1170 633 1225 697 si
1270 653 1368 699 res
1401 634 1661 717 patitur,
1701 633 2102 698 revelandum
2134 635 2229 698 est
2261 634 2474 698 addita
2511 634 2733 700 secreti
2765 636 3047 701 servandi
3079 657 3180 720 pa-

714 735 936 800 ctione.

804 840 1072 918 TertiuS,
1123 842 1370 923 quando
1418 840 1481 905 id
1512 840 1707 925 exigit
1736 840 1969 904 bonum
2015 840 2339 923 spirituale
2388 840 2500 904 aut
2529 841 2872 923 temporale
2917 842 3178 925 proximi

716 945 829 1007 aut
876 944 1366 1009 communitatis:
1419 946 1495 1007 ut
1552 963 1771 1026 nempe
1824 943 2181 1008 huiusmodi
2236 944 2405 1007 mala
2462 942 2901 1027 impediantur.
2966 945 3173 1023 Ratio,

711 1046 857 1126 quia
890 1065 1113 1111 nocens
1129 1066 1251 1110 non
1284 1048 1473 1112 habet
1503 1047 1601 1111 ius
1635 1046 1711 1110 ad
1745 1046 1977 1110 famam
2009 1065 2151 1110 cum
2176 1045 2442 1111 aliorum
2474 1046 2721 1110 damno.
2754 1045 3174 1112 Venmtamen

709 1147 1008 1212 revelatio
1062 1149 1215 1213 haec
1260 1148 1393 1214 fieri
1440 1148 1620 1213 debet
1666 1168 1811 1213 cum
1855 1148 2114 1215 minimo
2161 1149 2439 1215 nocentis
2487 1149 2714 1214 damno
2772 1149 2847 1212 ut
2903 1168 3042 1232 sup.
3092 1148 3178 1213 di-

708 1250 885 1312 ctum
918 1251 1031 1313 est.

798 1355 1127 1421 Praeterea
1160 1356 1285 1422 alia
1316 1357 1587 1424 conditio
1616 1357 1885 1434 additur,
1913 1376 2072 1439 quae
2105 1359 2168 1421 et
2206 1356 2595 1442 praecedenti
2625 1356 2799 1421 casui
2829 1358 3173 1421 communis

707 1459 823 1530 est,
849 1458 1153 1537 videlicet,
1193 1460 1359 1542 quod
1390 1460 1685 1524 damnum
1724 1460 2066 1525 cavendum
2103 1480 2211 1544 per
2238 1459 2680 1524 revelationem
2713 1458 2797 1523 sit
2831 1461 3174 1543 proportio-

707 1561 926 1625 natum
965 1561 1213 1640 damno,
1246 1562 1411 1644 quod
1443 1582 1514 1626 ex
1551 1562 1927 1627 revelatione
1960 1562 2140 1627 alteri
2171 1562 2454 1627 infertur.

794 1663 892 1727 Ad
922 1664 1393 1749 intelligendam
1414 1666 1721 1729 rationem
1753 1665 1998 1743 horum,
2026 1665 2276 1730 adverte
2300 1664 2452 1729 haec
2473 1683 2615 1728 cum
2639 1663 2818 1749 Lugo
2842 1662 3030 1746 (disp.
3069 1664 3169 1726 14.

707 1784 763 1828 n.
802 1767 980 1851 97.):
1015 1792 1050 1826 «
1083 1769 1210 1841 Ius,
1243 1768 1409 1851 quod
1441 1768 1703 1850 quilibet
1759 1768 1946 1831 habet
1981 1768 2062 1832 ad
2116 1787 2295 1832 suam
2333 1767 2567 1831 famam
2603 1766 2918 1831 diversum
2966 1770 3061 1830 est
3104 1767 3164 1830 in

706 1869 918 1933 ordine
951 1870 1028 1934 ad
1055 1890 1267 1935 veram
1305 1870 1539 1934 famam
1579 1888 1689 1934 seu
1718 1869 2049 1934 fundatam
2083 1870 2146 1933 in
2178 1889 2324 1935 vera
2357 1868 2637 1933 bonitate
2667 1870 2732 1933 et
2776 1868 3011 1933 famam
3060 1868 3168 1933 fal-

703 1989 839 2035 sam
870 1990 981 2035 seu
1012 1972 1339 2036 fundatam
1362 1973 1427 2035 in
1451 1971 1732 2036 bonitate
1757 1989 1878 2036 non
1906 1991 2050 2037 vera
2089 1971 2194 2037 sed
2234 1971 2557 2055 apparenti
2587 1971 2653 2035 et
2681 1970 3059 2035 existimata.
3095 1972 3166 2036 In

701 2074 903 2158 primo
936 2095 1084 2140 casu
1115 2078 1213 2141 ius
1250 2077 1408 2142 illud
1434 2076 1798 2160 simpliciter
1830 2078 1927 2141 est
1963 2080 2025 2141 et
2057 2077 2300 2161 obligat
2330 2075 2798 2152 universaliter;
2825 2095 2972 2141 vera
3005 2078 3166 2141 enim

701 2178 980 2260 probitas
1027 2179 1137 2242 dat
1166 2179 1266 2244 ius
1298 2179 1723 2256 intrinsecum,
1764 2182 1838 2244 ut
1883 2179 2031 2243 talis
2069 2181 2256 2244 homo
2290 2178 2602 2242 iudicetur
2631 2178 2696 2242 et
2724 2179 3167 2262 pronuncietur

699 2280 777 2370 ab
826 2280 986 2355 aliis,
1035 2282 1240 2364 qualis
1273 2302 1484 2348 revera
1536 2284 1648 2347 est.
1690 2281 1778 2347 At
1823 2300 1967 2347 vero
2006 2281 2069 2346 in
2121 2280 2386 2346 secundo
2434 2299 2584 2345 casu
2619 2299 2743 2345 non
2790 2280 2885 2346 est
2928 2280 3027 2345 ius
3074 2282 3164 2345 ita

700 2384 1066 2461 universale,
1100 2384 1205 2448 sed
1229 2385 1432 2469 magis
1450 2385 1826 2449 limitatum:
1855 2385 2164 2466 quatenus
2189 2387 2441 2467 propter
2464 2383 2979 2461 inconvenientia,
3006 2403 3162 2464 quae

697 2488 912 2551 contra
945 2487 1177 2551 bonum
1209 2506 1534 2552 commune
1559 2489 1622 2550 et
1646 2507 1860 2569 pacem
1894 2507 1966 2551 ac
1989 2486 2514 2569 tranquillitatem
2537 2487 2959 2568 sequerentur,
2985 2505 3157 2570 opor·

699 2590 826 2653 tuit
864 2589 1138 2654 defectus
1171 2589 1447 2654 occultos
1479 2608 1602 2654 non
1634 2590 1939 2672 publicari
1970 2589 2091 2654 nisi
2129 2590 2193 2653 in
2223 2590 2301 2654 iis
2333 2587 2823 2654 circumstantiis
2846 2590 2912 2653 in
2937 2590 3160 2671 quibus

698 2692 774 2755 ad
799 2692 1054 2756 eandem
1087 2710 1298 2775 pacem
1346 2693 1409 2756 et
1446 2693 1679 2757 bonum
1712 2693 1880 2756 vitae
1918 2693 2226 2757 humanae
2259 2692 2501 2775 expedit
2532 2710 2748 2757 eorum
2795 2692 3158 2775 publicatio,

696 2797 884 2878 prout
928 2796 991 2859 in
1039 2795 1322 2878 pluribus
1368 2796 1614 2860 casibus
1663 2795 1968 2878 publicari
2020 2796 2282 2878 possunt
2319 2813 2440 2859 non
2489 2795 2692 2859 solum
2726 2813 2763 2859 a
2807 2793 3009 2859 iudice
3056 2793 3157 2860 sed

695 2898 885 2962 etiam
907 2888 948 2960 *a
978 2898 1275 2981 privatis,
1317 2898 1463 2980 quia
1497 2897 1732 2962 scilicet
1768 2917 1946 2981 posse
1977 2897 2042 2962 in
2074 2897 2308 2962 talibus
2334 2896 2819 2963 circumstantiis
2856 2896 3158 2981 publicari

693 2999 855 3065 cedit
899 3001 963 3064 in
1018 3000 1222 3065 maius
1267 3000 1427 3066 illud
1473 3020 1798 3067 commune
1854 3001 2106 3076 bonum,
2141 3002 2398 3083 propter
2436 2999 2604 3082 quod
2635 3000 2700 3064 in
2744 2999 2885 3064 aliis
2913 3001 3157 3066 casibus

690 3104 1030 3188 publicatio
1076 3123 1369 3170 verorum
1415 3103 1767 3168 defectuum
1800 3103 1963 3167 foret
2005 3103 2229 3166 illicita
2269 3127 2333 3165 ›.
2366 3102 2532 3187 Ergo
2571 3102 2736 3166 sicut
2780 3121 2853 3166 ex
2898 3103 3032 3167 iure
3077 3102 3155 3166 ad

690 3209 915 3272 bonam
962 3226 1172 3271 veram
1220 3207 1454 3270 famam
1501 3203 1909 3282 concluditur,
1967 3223 2311 3285 numquam
2374 3223 2505 3269 esse
2550 3203 2797 3269 licitum
2841 3203 3156 3287 imponere

687 3310 959 3394 cuipiam
991 3310 1222 3375 falsum
1270 3309 1533 3384 crimem
1572 3307 1666 3371 ita
1712 3325 1855 3370 cum
1903 3306 2071 3371 fama
2102 3306 2263 3371 falsa
2295 3307 2389 3371 est
2427 3307 2489 3370 et
2522 3305 2858 3371 occultatio
2906 3307 3068 3372 cedit
3093 3306 3153 3370 in

685 3435 876 3499 grave
922 3411 1406 3489 incommodum,
1442 3409 1714 3493 profecto
1764 3429 1887 3475 non
1936 3409 2180 3493 expedit
2226 3408 2305 3473 ad
2342 3428 2668 3476 commune
2715 3409 2951 3475 bonum
2984 3413 3045 3474 et
3077 3409 3154 3473 ad

686 3536 901 3599 pacem
947 3515 1272 3580 hominum
1317 3515 1381 3578 et
1440 3513 1734 3596 quietem,
1797 3512 1962 3595 quod
2009 3513 2236 3577 delicta
2284 3511 2528 3577 occulta
2597 3510 2986 3576 manifestari
3030 3530 3153 3576 non

684 3621 965 3792 poslslllnsstl.
1005 3723 1093 3787 At
1139 3740 1443 3804 quaenam
1491 3719 1809 3804 proportio
1845 3718 2176 3784 statuenda
2208 3718 2368 3782 inter
2401 3715 2726 3781 vitandum
2759 3714 3056 3779 damnum
3089 3717 3152 3778 et

685 3823 983 3886 damnum
1020 3824 1318 3902 nocentis,
1352 3824 1528 3888 cuius
1564 3823 1877 3888 revelatur
1910 3822 2185 3886 crimen?

774 3923 1041 4004 Quidam
1089 3926 1452 3990 statuebant
1488 3927 1647 3989 hanc
1676 3926 1961 4009 regulam
1993 3924 2146 4006 (vid.
2180 3921 2460 4007 Struggl.
2494 3922 2558 3985 et
2588 3919 2723 4002 A.):
2766 3943 2802 3978 α
2833 3917 3150 3983 Damnum

681 4028 848 4111 quod
880 4029 1158 4112 proximo
1197 4029 1475 4105 timetur,
1512 4028 1693 4092 debet
1730 4047 1861 4093 esse
1886 4028 2089 4091 maius
2122 4027 2236 4090 aut
2268 4026 2522 4108 aequale
2554 4022 2946 4098 detriment0‚
2983 4021 3149 4104 quod

682 4153 751 4197 ex
789 4132 1164 4198 revelatione
1200 4134 1418 4197 auctor
1455 4130 1729 4197 criminis
1762 4131 2004 4214 patitur
2034 4153 2097 4194 ›.

770 4237 1023 4314 Verum,
1050 4238 1124 4301 ut
1144 4235 1352 4319 inquit
1373 4236 1552 4320 Lugo
1579 4237 1734 4319 disp.
1761 4237 1861 4298 14.
1890 4256 1949 4299 n.
1973 4236 2141 4298 112.:
2176 4258 2211 4292 «
2234 4234 2385 4297 haec
2409 4229 2688 4297 doctrina
2711 4227 3151 4295 universaliter

682 4341 932 4420 accepta
970 4338 1155 4402 nimis
1193 4338 1414 4403 stricta
1446 4337 1692 4402 videtur
1740 4340 1802 4401 et
1848 4340 2063 4402 contra
2109 4339 2380 4401 mentem
2418 4335 2809 4401 doctorum...
2844 4331 3146 4415 Alioquin

679 4441 730 4502 si
782 4459 852 4502 ex
900 4440 1253 4520 homicidio,
1304 4440 1468 4523 quod
1512 4439 1699 4504 Petro
1747 4440 2093 4522 imponitur
2139 4440 2203 4503 et
2248 4439 2508 4503 Ioannes
2555 4435 2889 4514 commisit,
2938 4435 3148 4500 solum

678 4540 963 4604 imminet
993 4542 1179 4608 Petro
1228 4562 1423 4625 poena
1471 4542 1637 4606 exilii
1670 4543 1768 4606 vel
1799 4542 2168 4619 triremium,
2202 4560 2325 4606 non
2358 4559 2568 4624 posses
2605 4538 3002 4604 manifestare
3037 4557 3151 4603 au-
