3497 5147
326 368 474 444 1323]
1411 383 1725 425 01111110
2690 374 2797 429 237

335 479 633 545 Oratione
664 499 715 543 c.
773 481 832 543 1.
866 500 924 543 n.
961 482 1020 543 2.
1055 480 1294 553 docent,
1344 484 1738 565 praeceptum
1786 482 2066 547 divinum
2115 483 2330 548 orandi
2377 502 2507 548 esse
2553 504 2797 567 praece-

327 584 507 668 ptum
553 602 803 664 quoque
846 583 1185 667 religioniS,
1235 586 1543 665 quatenus
1588 585 1794 650 voluit
1839 587 2028 659 Deus,
2078 588 2153 649 ut
2188 605 2299 670 pro
2334 587 2680 651 obtinendis
2713 589 2793 652 ab

326 705 399 751 eo
422 686 619 761 boniS,
649 685 1011 749 adhiberent
1036 686 1313 750 homines
1336 686 1610 751 medium
1632 688 1751 752 hoc
1775 688 2031 752 humilis
2054 689 2454 754 subiectionis
2472 692 2537 754 et
2559 690 2790 755 cultuS.

326 789 445 870 Qui
476 790 685 855 cultus
717 789 1129 853 materialiter
1158 792 1487 868 exercetur,
1528 792 2040 874 quotiescumque
2071 794 2287 857 oratur
2319 793 2423 873 (cf.
2457 813 2517 856 n.
2558 794 2691 875 19.)
2724 796 2789 857 et

327 893 674 958 formaliter
718 892 981 956 exerceri
1034 894 1242 975 potest
1293 912 1435 956 cum
1481 894 1672 957 etiam
1717 894 1893 957 nulla
1939 914 2236 977 urgemur
2281 895 2644 959 imminente
2691 915 2790 960 ne-

329 996 650 1061 cessitate:
694 1013 933 1078 semper
978 995 1141 1058 enim
1171 1014 1492 1059 versamur
1536 997 1599 1059 in
1645 998 1960 1061 communi
2003 998 2370 1062 necessitate
2417 998 2790 1064 auxiliorum

330 1100 464 1175 Dei,
513 1100 737 1163 saltem
786 1118 896 1182 pro
943 1101 1221 1182 tempore
1263 1099 1498 1164 futuro.
1546 1102 1633 1164 At
1678 1102 1924 1183 quando
1979 1103 2041 1165 et
2094 1102 2339 1184 quoties
2386 1103 2502 1167 sub
2546 1104 2785 1169 motivo

327 1201 648 1285 religionis
683 1200 882 1265 oratio
914 1200 1192 1264 facienda
1215 1202 1317 1279 sit,
1352 1202 1676 1284 disputant
1698 1202 1996 1288 theologi.
2032 1203 2167 1283 Qua
2202 1204 2267 1267 in
2312 1224 2378 1269 re
2423 1205 2575 1269 11330
2597 1206 2786 1270 habet

327 1303 401 1367 B.
426 1304 492 1366 in
523 1305 675 1368 nota
707 1303 786 1367 ad
819 1304 879 1385 g.
915 1303 1063 1366 260.
1097 1302 1239 1368 Vol.
1278 1306 1333 1367 l.
1369 1303 1563 1389 Gury.

413 1403 596 1476 323.
653 1431 689 1465 ‹
720 1406 1009 1487 Plerique
1052 1406 1330 1471 fatentur
1375 1407 1640 1491 ingenue
1677 1411 1924 1492 tempus
1971 1409 2354 1492 frequentiae
2384 1410 2782 1475 determinari

324 1510 478 1573 satis
525 1528 647 1573 non
696 1527 893 1591 posse,
941 1511 1128 1590 prout
1174 1510 1365 1573 etiam
1411 1510 1485 1574 de
1516 1512 1857 1594 praeceptis
1905 1511 2187 1576 caritatis
2221 1514 2335 1576 aut
2369 1511 2786 1595 poenitentiae

322 1610 441 1675 dici
481 1611 642 1676 solet
674 1610 843 1692 (Vid.
886 1610 1145 1696 Struggl
1192 1614 1269 1675 tr.
1307 1614 1366 1676 5.
1407 1633 1465 1694 q.
1520 1614 1577 1676 1.
1612 1634 1671 1677 n.
1709 1614 1836 1691 23.,
1887 1614 1995 1695 qui
2027 1612 2183 1678 hanc
2215 1614 2588 1678 sententiam
2634 1614 2787 1679 dicit

316 1734 700 1778 communem
731 1713 1229 1799 Theoloyorum).
1263 1713 1549 1793 Quidam,
1574 1717 1819 1797 praeter
1850 1718 2097 1798 tempus
2123 1716 2308 1797 primi
2338 1735 2490 1780 usus
2521 1716 2784 1781 rationis

317 1819 384 1880 et
435 1817 682 1881 articuli
723 1818 968 1895 mortiS,
1019 1818 1295 1901 exigunt,
1360 1818 1436 1882 ut
1480 1818 1705 1881 saltem
1763 1818 1953 1881 semel
1997 1818 2060 1881 in
2109 1837 2269 1882 anno
2319 1820 2619 1883 orandum
2669 1820 2774 1883 sit.

320 1918 429 1983 Ita
475 1937 615 1982 cum
661 1918 795 1983 aliis
844 1919 1360 1984 Salmantieenses
1406 1921 1486 1983 tr.
1523 1921 1627 1983 21.
1662 1938 1795 2003 cap.
1831 1922 1892 1984 9.
1925 1940 1986 1983 n.
2025 1921 2126 1983 17.
2161 1919 2427 1999 Quidam
2454 1922 2782 2005 obligatio-

320 2039 467 2084 nem
518 2022 672 2085 hanc
713 2042 934 2106 urgere
982 2024 1316 2105 opinantur
1346 2022 1610 2106 singulis
1634 2024 1967 2098 mensibus,
2003 2024 2159 2086 nihil
2191 2025 2398 2087 tamen
2432 2022 2506 2087 de
2540 2023 2789 2087 levitate

318 2126 437 2186 aut
477 2125 788 2205 qravitate
832 2125 1018 2189 huius
1066 2125 1467 2209 obligationis
1501 2125 1810 2189 addentes.
1845 2127 1945 2190 Ita
1977 2125 2292 2190 Bonacina
2323 2125 2398 2190 de
2429 2126 2593 2191 Hor.
2643 2148 2781 2193 can.

320 2225 476 2309 disp.
519 2226 575 2289 1.
610 2246 668 2307 q.
711 2228 772 2289 2.
807 2247 865 2309 p.
904 2227 961 2290 1.
1005 2247 1061 2290 11.
1101 2228 1226 2299 12„
1261 2226 1486 2291 Suarez
1521 2226 1594 2289 de
1636 2226 1810 2291 Orat.
1845 2228 1952 2291 lib.
1991 2228 2047 2291 1.
2082 2247 2215 2310 cap.
2250 2230 2356 2293 30.
2387 2248 2450 2292 n.
2489 2230 2614 2306 16„
2640 2230 2789 2294 licet

319 2328 683 2393 dubitanter
726 2330 1026 2411 loquatur
1070 2329 1191 2412 (ait
1237 2330 1429 2393 enim:
1478 2349 1605 2393 non
1640 2329 2067 2408 permittenda
2111 2329 2334 2393 dilatio
2379 2335 2572 2394 unius
2622 2332 2786 2395 cinni

318 2450 430 2494 nec
474 2430 743 2510 sortasse
790 2433 980 2494 anius
1015 2434 1275 2515 mensis)
1316 2433 1379 2496 et
1408 2430 1657 2496 Lessius
1689 2432 1764 2494 de
1795 2432 1955 2495 Just.
1991 2437 2052 2495 et
2080 2431 2217 2496 Iar.
2251 2433 2358 2497 lib.
2411 2435 2471 2496 2.
2505 2453 2636 2516 cap.
2673 2436 2778 2498 37.

320 2553 382 2598 n.
435 2533 559 2612 12.‚
594 2535 703 2616 qui
750 2534 959 2599 tamen
990 2553 1099 2599 nec
1143 2534 1360 2599 firmus
1391 2534 1455 2599 in
1487 2553 1558 2600 eo
1591 2536 1704 2608 est,
1738 2532 1889 2599 dum
1919 2534 2152 2612 scribit,
2178 2534 2268 2599 ad
2291 2554 2563 2600 mensem
2590 2556 2788 2600 unum

316 2635 419 2701 vel
459 2636 730 2701 alterum
774 2640 839 2701 et
881 2639 1105 2702 horum
1143 2636 1398 2720 (Suarez
1446 2640 1509 2702 et
1546 2638 1772 2720 Lessii)
1807 2639 2156 2721 opinionem
2202 2638 2532 2722 praedietis
2581 2640 2785 2705 verbis

312 2742 676 2823 conceptam
721 2741 884 2803 satis
927 2738 1367 2803 rationabilem
1412 2740 1568 2804 dixit
1613 2740 1875 2805 Ioannes
1925 2761 1960 2804 a
2007 2761 2054 2805 s.
2082 2742 2323 2806 Thema
2370 2744 2432 2807 2.
2474 2744 2536 2805 2.
2575 2762 2633 2824 q.
2671 2744 2776 2807 83.

311 2844 431 2908 art.
459 2843 522 2906 3.
563 2863 621 2906 n.
657 2842 718 2906 6.
770 2841 1048 2907 Ulterius
1094 2860 1458 2926 progressus
1505 2843 1665 2907 hanc
1710 2845 2096 2907 menstruam
2144 2844 2588 2928 obligationem
2622 2845 2781 2911 dixit

311 2964 569 3027 yravem
596 2944 823 3008 Palaus
856 2944 934 3008 tr.
972 2945 1029 3008 7.
1065 2945 1219 3028 disp.
1253 2946 1309 3008 1.
1342 2965 1402 3028 p.
1441 2946 1501 3009 8.
1527 2964 1587 3008 3.
1615 2946 1697 3022 3.,
1733 2946 1833 3009 0111
1856 2946 2020 3009 111313
2051 2946 2345 3011 1033113111
2378 2966 2414 3011 3
2445 2967 2494 3011 s.
2531 2948 2771 3012 Thema

315 3050 708 3114 associarunt
754 3046 1266 3112 Salmanticenses
1313 3048 1354 3111 l.
1396 3067 1446 3111 0.
1496 3050 1560 3112 et
1594 3047 1778 3112 illum
1816 3047 2124 3131 opinando
2171 3049 2610 3130 (autumarem,
2660 3050 2781 3132 ait)

316 3152 622 3233 sequutus
669 3152 764 3215 est
810 3150 1151 3235 Roncaglia
1199 3152 1276 3214 tr.
1330 3151 1388 3213 7.
1439 3170 1496 3232 q.
1552 3152 1607 3214 1.
1657 3169 1791 3233 cap.
1844 3152 1901 3214 1.
1952 3172 2010 3233 q.
2064 3152 2152 3226 7.;
2188 3172 2569 3234 quamquam
2600 3152 2779 3217 Palai

318 3254 526 3338 opinio
558 3254 663 3317 vix
692 3254 814 3317 huc
844 3254 1169 3337 pertineat,
1195 3273 1336 3318 cum
1368 3253 1441 3317 de
1474 3254 1755 3319 oratione
1785 3253 1875 3316 ad
1906 3255 2243 3319 vincendas
2277 3256 2650 3319 tentationes
2680 3276 2783 3318 ne-

314 3358 596 3421 cessaria
627 3376 904 3439 expresse
935 3356 1216 3421 disserat.
1243 3355 1509 3435 Quidam
1559 3356 1664 3420 alii
1697 3357 1959 3439 denique
1989 3359 2104 3421 hoc
2136 3360 2530 3440 praeceptum
2556 3377 2776 3442 urgere

316 3459 608 3524 dixerunt
667 3459 933 3543 singulis
986 3459 1404 3535 hebdomadis,
1455 3459 1579 3522 rati
1632 3459 1885 3533 scilicet,
1943 3460 2043 3522 vix
2098 3459 2386 3522 satisfieri
2447 3461 2774 3542 praecepto

315 3561 605 3626 audiendi
637 3560 918 3637 Missam,
951 3561 1072 3626 nisi
1104 3562 1313 3643 aliqua
1354 3561 1631 3625 oratione
1664 3561 1897 3637 addita,
1931 3580 2138 3644 posse:
2174 3581 2332 3642 quae
2366 3562 2572 3643 opinio
2606 3581 2778 3644 prae-

315 3666 603 3746 terquam
636 3662 716 3727 ad
745 3681 877 3726 rem
913 3682 1033 3726 non
1066 3663 1235 3736 facit,
1270 3663 1417 3744 quia
1464 3662 1536 3725 de
1585 3663 1883 3738 oratione,
1919 3663 2015 3726 uti
2047 3662 2248 3726 medio
2283 3663 2360 3726 ad
2393 3663 2563 3728 aliud
2595 3683 2776 3747 prae-

309 3769 560 3850 ceptum
608 3764 1000 3841 servandum,
1050 3764 1313 3840 disserit,
1363 3765 1774 3829 communiter
1823 3766 1955 3829 tum
2006 3764 2210 3846 quoad
2256 3785 2320 3830 se
2380 3767 2517 3832 tum
2566 3768 2769 3850 quoad

307 3870 617 3934 rationem
652 3868 916 3932 allatam
951 3867 1228 3931 reiicitur
1250 3892 1310 3930 ».

398 3996 433 4030 «ι
467 3970 934 4036 Concludamus
981 3971 1101 4034 huc
1145 3970 1487 4034 revocando
1536 3971 1904 4053 principium
1951 3973 2030 4034 ab
2078 3973 2363 4037 omnibus
2403 3973 2762 4051 admissum,

298 4093 511 4158 nempe
570 4092 696 4137 non
751 4090 881 4136 esse
938 4071 1326 4136 asserendam
1387 4093 1640 4153 yravem
1685 4072 1933 4153 eulpam
1978 4077 2094 4136 aaz?
2136 4074 2597 4157 obliyationem,
2659 4076 2774 4138 nisi

296 4178 628 4241 manifesta
662 4176 727 4239 et
758 4175 1004 4239 evidens
1038 4175 1198 4238 ratio
1224 4175 1287 4237 id
1325 4176 1633 4258 postulet3
1671 4178 1847 4259 atqui
1882 4178 2186 4243 eiusmodi
2209 4180 2535 4254 rationem,
2564 4177 2769 4259 quoad

299 4278 815 4344 hebdomadarias
864 4279 976 4341 aut
1020 4279 1371 4342 menstruas
1428 4279 1842 4363 obligationes
1899 4300 2139 4365 graves,
2181 4282 2387 4346 deesse
2441 4280 2772 4346 manifeste

306 4383 495 4464 patet,
539 4381 769 4464 quippe
794 4398 983 4461 quam
1008 4379 1211 4443 videre
1242 4399 1421 4444 nemo
1457 4380 1656 4445 adhuc
1702 4384 1931 4465 potuit.
1967 4385 2137 4448 Adde
2163 4386 2225 4448 et
2262 4384 2770 4467 implexissimam

311 4483 521 4548 deinde
568 4482 1018 4566 quaestionem,
1060 4481 1202 4563 quid
1240 4483 1317 4546 ad
1353 4502 1608 4564 gravem
1655 4486 1903 4569 culpam
1951 4486 2272 4550 vitandam
2313 4507 2466 4570 opus
2513 4490 2615 4558 sit,
2651 4486 2775 4549 suf-

313 4585 555 4651 ficiatne
603 4584 799 4651 semel
835 4584 1085 4648 dixisse:
1126 4582 1304 4648 Deus
1334 4585 1566 4648 adiuva
1597 4606 1691 4649 me
1739 4589 1854 4650 aut
1883 4588 2031 4669 quid
2064 4589 2252 4652 aliud.
2293 4590 2500 4672 Igitur
2530 4587 2776 4652 Confes-
