3497 5147
305 346 440 420 [534]
1153 361 1304 410 Qun>
1347 361 1442 404 srr
1478 363 1893 406 mannen-rma
2644 355 2754 409 409

301 458 447 534 finiS‚
475 459 584 539 qui
616 459 712 522 est
758 459 1147 524 confirmatio
1175 460 1485 524 veritatis:
1520 480 1677 542 quae
1701 463 1985 540 materia,
2027 464 2190 528 circa
2222 464 2749 546 quamv-ematur,

302 580 447 644 quae
495 562 644 625 sunt
688 562 1091 644 particularia
1138 562 1306 626 facta
1352 563 1798 647 contingentia,
1835 585 1958 646 qua
2004 566 2077 630 de
2123 586 2189 631 re
2236 567 2313 630 cf.
2363 568 2612 646 Suarez‚
2679 569 2753 632 de

302 663 498 746 Reliy.
539 666 618 729 tr.
655 666 715 728 5.
748 665 793 728 l.
839 666 896 727 1.
930 685 981 730 c.
1021 667 1123 729 10.

378 766 699 846 Quomodo
725 767 895 832 Deus
919 769 1175 832 vocetur
1204 768 1271 832 in
1300 769 1525 832 testem
1549 769 1815 851 explicat
1839 769 2130 835 Valentia
2156 772 2216 835 2.
2246 774 2305 835 2.
2342 772 2498 855 disp.
2525 773 2583 836 6.
2614 792 2671 854 q.
2690 775 2748 838 7.

300 890 349 953 p.
385 870 440 932 1.
475 869 678 933 verbis
710 870 788 933 ab
826 870 899 934 A.
941 870 1171 948 citatis,
1205 871 1511 952 quatenus
1557 871 1790 948 iuram,
1831 874 2135 953 quantum
2175 873 2238 936 in
2278 893 2341 937 se
2374 875 2487 951 est,
2538 874 2753 958 cupiat

299 991 361 1036 ac
389 971 542 1035 velit
579 972 779 1036 Deum
825 970 890 1035 id
938 971 1101 1053 quod
1149 973 1318 1037 iurat
1348 973 1567 1037 testari
1604 974 1668 1037 et
1698 972 2114 1051 manifestare,
2150 976 2205 1038 si
2253 977 2316 1039 et
2362 977 2608 1057 quando
2655 977 2750 1041 illi

296 1074 607 1156 placuerit,
642 1075 771 1139 sive
803 1075 867 1139 in
898 1075 1016 1140 hac
1062 1075 1190 1139 sive
1222 1075 1286 1139 in
1333 1076 1532 1140 altera
1579 1077 1731 1149 vita,
1765 1077 2064 1158 tanquam
2099 1078 2263 1159 quod
2303 1079 2381 1142 ab
2429 1098 2499 1143 eo
2532 1080 2618 1143 sit
2655 1098 2752 1145 co-

293 1177 533 1260 gnitum
578 1179 642 1241 et
688 1197 922 1242 verum.

375 1273 550 1348 533.
584 1277 810 1357 Quaeri
856 1281 1063 1362 potest
1109 1298 1187 1343 an
1234 1279 1484 1344 effectus
1521 1281 1877 1357 iuramenti,
1917 1281 2024 1362 qui
2071 1284 2165 1346 est
2211 1282 2599 1347 confirmatio
2649 1302 2748 1346 ve-

292 1381 512 1456 ritati3‚
561 1380 826 1464 pendeat
861 1401 933 1446 ex
970 1382 1329 1450 testimonio
1361 1383 1497 1458 Dei,
1525 1402 1603 1447 an
1635 1403 1707 1447 ex
1737 1384 2128 1449 invocatione
2161 1385 2347 1448 huius
2381 1385 2743 1451 testimonii.

293 1481 456 1560 Sane,
508 1482 563 1546 si
604 1484 790 1560 Densi,
823 1484 1043 1548 statim
1076 1503 1148 1548 ac
1176 1485 1443 1559 iuratur,
1479 1485 1793 1549 accederet
1823 1486 2181 1550 testimonio
2217 1505 2351 1560 sue,
2387 1487 2560 1551 nulla
2585 1488 2748 1553 esset

291 1584 639 1649 difficultas„
676 1584 794 1650 Sed
825 1587 1074 1651 constat
1117 1606 1242 1651 non
1290 1606 1419 1652 esse
1466 1587 1629 1652 inter
1673 1607 1770 1652 res
1811 1587 2151 1651 ordinarias
2190 1588 2549 1652 huiusmodi
2594 1589 2746 1654 divi-

289 1706 428 1750 num
472 1688 895 1754 interventum
941 1690 1005 1754 et
1036 1689 1440 1754 nihilominus
1473 1690 1691 1754 statim
1725 1709 1797 1755 ac
1828 1691 2249 1754 iuramentum
2280 1690 2597 1771 prolatum
2629 1693 2741 1770 est,

285 1790 565 1855 effectum
612 1810 795 1856 suum
839 1793 1130 1869 nancisei,
1166 1792 1315 1873 quin
1354 1793 1741 1874 exspectetur
1787 1791 2145 1855 testificatio
2195 1791 2330 1855 Dei.
2379 1791 2625 1857 Scilicet
2670 1813 2741 1857 eo

287 1892 418 1974 ipso
463 1894 626 1974 quod
671 1896 812 1977 quis
858 1896 1048 1960 audet
1096 1895 1295 1959 Deum
1341 1895 1439 1958 sui
1485 1894 1635 1958 dicti
1683 1894 1799 1958 aut
1843 1893 2130 1976 promissi
2163 1895 2387 1957 testem
2432 1894 2738 1972 invocare,

285 1996 389 2076 qui
436 2014 671 2079 semper
715 1999 942 2080 potest,
980 2017 1121 2062 eum
1170 1997 1342 2072 velit,
1391 1997 1732 2070 testificari,
1775 1999 1839 2061 et
1869 1997 2031 2060 certe
2077 1995 2140 2059 in
2189 1996 2387 2060 altera
2435 1996 2566 2059 vita
2612 2015 2742 2061 ma-

281 2098 600 2164 nifestabit
623 2120 838 2165 verum
862 2100 966 2182 (cf.
1000 2119 1049 2164 s,
1079 2101 1297 2164 Thom.
1326 2120 1385 2182 q.
1420 2120 1470 2163 e.
1509 2119 1562 2163 a.
1601 2103 1659 2162 2.
1697 2100 1774 2162 ad
1807 2100 1942 2180 3¹¹¹),
1979 2099 2204 2162 certior
2228 2097 2392 2180 apud
2418 2098 2739 2163 audientes

276 2199 347 2264 fit
391 2202 626 2267 veritas
662 2202 1007 2284 loquentis:
1048 2203 1334 2285 quocirca
1380 2203 1434 2266 si
1483 2203 1801 2267 audientes
1834 2202 2033 2265 sciant
2063 2201 2375 2266 iurantem
2412 2201 2574 2265 male
2614 2202 2741 2283 opi-

274 2303 403 2367 nari
450 2303 527 2369 de
578 2306 728 2383 Deo,
776 2324 899 2370 non
946 2304 1019 2370 fit
1065 2305 1183 2371 hoc
1211 2305 1346 2388 ipso
1380 2306 1604 2370 certior
1637 2305 1799 2387 apud
1833 2322 1938 2369 eos
1975 2323 2072 2368 res
2110 2305 2352 2380 iurata;
2388 2304 2534 2386 quia
2566 2303 2738 2368 deest

275 2424 415 2469 vera
444 2407 764 2472 invocatio
812 2406 1007 2473 divini
1053 2408 1417 2472 testimonii.
1463 2433 1498 2465 «ι
1546 2408 1617 2471 In
1650 2408 2024 2485 iurament0‚
2060 2407 2151 2471 ait
2182 2426 2230 2471 s.
2266 2406 2540 2472 Thomas
2579 2426 2635 2470 a.
2672 2408 2732 2470 5.

270 2507 349 2571 ad
398 2511 452 2575 1.
486 2511 837 2576 reverentia
884 2510 1079 2577 divini
1124 2511 1391 2577 nominis
1425 2512 1768 2576 assumitur
1800 2511 1876 2575 ad
1909 2510 2196 2594 promissi
2229 2511 2356 2593 (vel
2388 2510 2565 2593 dicti)
2598 2529 2737 2575 con-

267 2610 691 2678 firmationem
716 2637 750 2671 »
790 2613 853 2677 et
878 2614 956 2677 ad
989 2616 1111 2677 2¹¹¹:
1153 2638 1188 2673 «
1212 2613 1331 2692 Qui
1365 2614 1552 2691 iurat,
1587 2615 1793 2678 utitur
1823 2615 2218 2679 veneratione
2244 2614 2375 2678 eius
2408 2633 2514 2696 per
2549 2632 2734 2695 quem

264 2712 455 2779 iurat:
508 2715 767 2780 ordinat
814 2717 1024 2780 autem
1072 2716 1491 2781 iuramentum
1540 2717 1618 2780 ad
1658 2716 1913 2798 aliquid,
1964 2715 2128 2798 quod
2176 2719 2271 2781 est
2318 2716 2731 2780 necessarium

260 2817 579 2898 praesenti
618 2817 784 2881 vitae
822 2842 899 2893 »‚·
923 2818 1088 2900 quod
1120 2820 1215 2883 est
1254 2819 1640 2884 confirmatio
1680 2820 2000 2883 veritatis:
2043 2819 2118 2883 ef.
2155 2819 2378 2884 Suarez
2410 2819 2454 2882 1.
2494 2839 2545 2884 c.
2580 2839 2632 2882 c.
2669 2818 2728 2882 6.

342 2919 534 2984 Patet
579 2920 1002 2984 iuramentum
1039 2940 1169 2986 esse
1204 2923 1413 2986 actum
1448 2922 1701 2985 virtutis
1733 2921 2082 3003 religionis;
2117 2944 2151 2978 ‹
2184 2941 2327 2985 nam
2358 2921 2422 2984 in
2455 2921 2571 2984 hoc
2593 2921 2730 3003 ipso

254 3022 419 3102 quod
466 3024 666 3088 homo
715 3042 821 3106 per
867 3024 1068 3088 Deum
1116 3026 1303 3102 iurat,
1339 3023 1666 3108 profitetur
1699 3025 1902 3087 Deum
1940 3023 2264 3106 potiorem,
2298 3024 2518 3105 utpote
2550 3022 2727 3086 cuius

251 3125 481 3190 veritas
516 3128 620 3191 est
656 3125 1088 3191 indefectibilis
1125 3129 1188 3191 et
1223 3126 1497 3212 cognitio
1536 3127 1906 3192 universalis
1932 3126 2104 3190 etsie
2137 3127 2266 3189 Deo
2307 3125 2517 3206 aliquo
2542 3123 2727 3189 modo

248 3231 671 3294 reverentiam
717 3229 1023 3293 exhibet...
1068 3230 1365 3294 Exhibere
1412 3234 1625 3294 autem
1679 3229 2090 3294 reverentiam
2147 3229 2276 3293 Deo
2334 3227 2602 3310 pertinet
2650 3225 2727 3290 ad

249 3332 625 3415 religionem
652 3355 714 3393 ».
754 3328 814 3394 S.
851 3330 1121 3395 Thomas
1153 3332 1197 3395 l.
1238 3352 1290 3395 c.
1340 3351 1396 3394 a.
1432 3333 1493 3395 4.

339 3430 522 3503 534.
562 3433 791 3497 Differt
837 3452 983 3516 ergo
1030 3433 1451 3498 iuramentum
1491 3453 1527 3497 a
1560 3437 1727 3511 voto,
1770 3435 1844 3497 ut
1880 3453 1988 3515 per
2018 3451 2083 3496 se
2114 3431 2324 3514 patet3
2361 3430 2529 3493 aliud
2562 3432 2724 3495 enim

245 3540 337 3599 est
377 3536 630 3618 aliquid
681 3537 809 3601 Deo
858 3538 1238 3618 promittere,
1276 3538 1445 3601 aliud
1492 3539 1694 3601 Deum
1742 3557 1962 3600 vocare
2013 3537 2072 3600 in
2107 3536 2365 3600 testem:
2406 3534 2611 3597 differt
2650 3535 2727 3598 ab

246 3640 554 3716 oratione,
619 3658 779 3721 quae
826 3641 921 3703 est
967 3640 1276 3704 invocatio
1330 3639 1407 3704 ad
1455 3640 1706 3721 aliquod
1756 3640 1986 3703 bonum
2041 3638 2444 3703 obtinendum
2503 3657 2538 3699 a
2595 3638 2726 3701 Deo

240 3741 653 3808 misericorde
699 3743 764 3807 et
810 3742 1264 3824 omnipotente:
1316 3744 1665 3806 iuramento
1707 3759 1852 3805 vero
1903 3742 2137 3823 petitur
2169 3740 2600 3804 testimonium
2648 3739 2725 3804 ab

241 3846 666 3911 omnisciente
697 3845 761 3908 et
791 3844 1109 3909 infallibili
1132 3846 1395 3909 veritate
1428 3846 1489 3909 in
1522 3844 2079 3910 confirmationem.
2107 3842 2384 3906 Tandem
2409 3842 2560 3906 nota
2584 3861 2726 3907 cum

238 3967 289 4012 s.
322 3951 602 4025 Thoma‚
657 3967 715 4012 a.
753 3949 811 4012 1.
847 3948 925 4013 ad
962 3949 1019 4011 1.
1076 3949 1241 4031 quod
1290 3950 1458 4013 aliud
1498 3953 1592 4013 est
1640 3948 2001 4014 testimonio
2058 3948 2171 4011 Dei
2227 3948 2323 4011 uti
2371 3947 2498 4011 iam
2552 3946 2723 4022 dato,

237 4054 401 4135 quod
452 4054 533 4116 fit
584 4070 735 4115 cum
783 4052 1012 4134 aliquis
1053 4053 1488 4117 auctoritatem
1521 4072 1570 4117 s.
1607 4052 1959 4135 Scripturae
1992 4051 2266 4127 inducit3
2302 4050 2472 4115 aliud
2505 4051 2600 4112 est
2637 4051 2724 4112 te-

236 4155 623 4221 stimonium
657 4154 773 4218 Dei
800 4155 1135 4238 implorare
1172 4156 1245 4219 ut
1280 4154 1707 4231 exhibendum,
1741 4153 1907 4235 quod
1944 4153 2017 4218 fit
2048 4154 2112 4218 in
2145 4152 2516 4217 iuramento.

319 4260 442 4325 Per
474 4279 570 4335 se,
608 4257 690 4320 ut
719 4257 882 4340 apud
914 4257 1116 4321 Deum
1155 4258 1409 4341 obliget,
1458 4258 1880 4322 iuramentum
1926 4257 2134 4340 potest
2180 4254 2420 4318 interno
2468 4251 2719 4315 tantum

239 4366 377 4430 actu
425 4360 793 4434 contineri;
842 4360 1155 4425 invocatio
1192 4360 1355 4424 enim
1403 4360 1519 4424 Dei
1567 4361 1640 4424 ut
1670 4360 1956 4435 testetur,
1990 4358 2140 4422 solis
2188 4356 2429 4420 actibus
2461 4353 2720 4417 internis

238 4465 361 4532 fieri
408 4464 683 4550 potest:
709 4462 813 4526 sed
860 4462 990 4527 tale
1019 4463 1439 4527 iuramentum
1473 4463 1707 4526 carebit
1737 4481 1808 4527 eo
1851 4462 2090 4532 effectu,
2125 4478 2309 4541 quem
2341 4457 2718 4520 extrinsecus

236 4587 444 4653 parere
480 4566 685 4640 solet,
723 4566 799 4629 ut
842 4564 1103 4630 assertio
1135 4566 1233 4629 vel
1278 4564 1606 4646 promissio
1642 4563 1805 4646 apud
1843 4564 1999 4626 alios
2023 4561 2367 4633 roboretur,
2402 4556 2622 4621 statim
2648 4577 2718 4620 ac

230 4671 679 4737 iuramentum
725 4666 1052 4750 profertur.
1093 4664 1185 4729 Cf.
1221 4664 1468 4743 Suarez‚
1502 4666 1542 4729 l.
1579 4685 1629 4729 c.
1657 4685 1707 4728 c.
1747 4667 1804 4727 1.
1838 4685 1898 4727 n.
1934 4665 1995 4725 4.
2024 4665 2057 4701 *
