3497 5147
305 333 451 409 [417]
760 401 777 412 .
850 348 1090 390 nocam
1126 346 1559 390 sacmmomm.
1597 346 1897 389 Ponmmo
1934 347 2269 389 necamur:
2667 335 2777 391 309

392 445 477 509 Et
516 463 645 509 uno
684 444 870 509 verbo
920 445 1301 527 quicumque
1365 446 1715 527 peccatores
1777 444 2028 527 publici,
2078 445 2206 510 sive
2266 445 2433 509 fures
2481 447 2607 510 sint
2652 447 2780 511 sive

314 547 611 624 latrones,
646 546 1093 623 concubinarii,
1132 545 1439 622 maledici,
1490 544 1856 627 blasphemi,
1903 546 2178 631 religiosi
2225 548 2616 631 proprietarii
2662 550 2777 612 etc.

306 649 436 714 sine
486 649 868 732 poenitentia
912 649 1153 713 notorie
1198 646 1572 712 decedentes,

395 750 636 830 Quibus
680 749 1056 834 adiungendi
1085 749 1200 827 illi,
1235 750 1343 832 qui
1387 749 1570 827 ferro,
1604 768 1856 826 veneno,
1896 750 2138 833 laqueo,
2173 752 2534 834 praecipitio
2571 754 2633 816 in
2668 772 2775 836 pu·

302 854 475 917 teum
526 852 625 916 vel
676 852 909 915 fiumen
941 852 1055 916 etc.
1105 855 1371 917 mortem
1418 851 1537 915 sibi
1581 851 1700 933 ipsi
1747 854 1966 935 sponte
2012 852 2378 918 intulerunt.
2419 855 2510 918 De
2548 855 2772 937 quibus

307 958 516 1019 tamen
561 954 783 1038 regula
838 955 1185 1037 temperata
1247 954 1342 1018 est
1390 973 1462 1018 ex
1518 954 1822 1018 sententia
1871 954 2187 1019 Benedicti
2233 955 2427 1032 X1V.,
2476 954 2769 1034 docentis,

307 1076 485 1140 posse
522 1057 585 1120 in
622 1056 762 1120 loco
796 1074 970 1121 sacro
1005 1056 1269 1138 sepeliri,
1304 1075 1445 1121 cum
1492 1056 1616 1121 fere
1655 1056 1753 1121 sui
1794 1058 2108 1141 compotes
2146 1076 2267 1122 non
2314 1058 2440 1121 sint
2484 1057 2768 1136 habendi,

302 1159 423 1223 nisi
468 1160 853 1224 contrarium
898 1160 1156 1224 constet.

392 1259 458 1325 Si
506 1261 781 1343 aliquem
829 1261 1056 1325 horum
1102 1261 1165 1325 in
1215 1260 1469 1327 ecclesia
1516 1261 1761 1344 sepeliri
1807 1263 2090 1347 contigit,
2125 1264 2178 1326 si
2226 1282 2364 1328 ossa
2410 1263 2500 1327 ita
2539 1264 2768 1347 sepulti

298 1366 380 1429 ab
427 1366 698 1431 aliorum
746 1365 1026 1431 fidelium
1075 1366 1433 1449 corporibus
1479 1367 1711 1430 secerni
1758 1369 2036 1450 possunt,
2087 1367 2474 1434 exhumanda
2520 1370 2667 1432 sunt
2704 1369 2769 1432 et

302 1460 677 1551 proficienda
700 1467 919 1551 procul
942 1468 1020 1530 ab
1045 1466 1458 1532 ecclesiastica
1483 1467 1824 1550 sepultura.
1845 1468 2223 1553 Schmalzgr.
2242 1470 2304 1534 in
2322 1470 2430 1533 lib.
2453 1470 2513 1534 3.
2533 1469 2634 1533 tit.
2655 1470 2760 1533 28.

296 1590 401 1634 nn.
435 1571 541 1634 49.
577 1573 683 1635 50.
717 1568 925 1645 SecuS‚
959 1569 1012 1633 si
1045 1569 1305 1633 discerni
1334 1589 1457 1634 non
1495 1570 1754 1652 possint.

388 1674 513 1739 Hic
547 1692 729 1738 casus
762 1673 1030 1737 maxime
1055 1673 1258 1754 quoad
1291 1673 1633 1737 haereticos
1665 1672 1896 1754 poterit
1930 1673 2187 1737 evenire.
2215 1673 2378 1738 Nam
2410 1675 2462 1738 si
2495 1674 2763 1738 haeresis

296 1776 509 1841 solum
540 1780 683 1860 post
713 1776 988 1840 mortem
1021 1775 1371 1859 detegatur,
1407 1776 1557 1838 tunc
1589 1776 1968 1840 exsecutioni
2000 1777 2150 1840 haec
2180 1777 2486 1841 sententia
2517 1777 2769 1841 deman-

296 1877 514 1942 datur.
548 1877 661 1943 Sed
690 1878 763 1943 de
798 1877 897 1942 his
934 1877 1220 1942 omnibus
1258 1877 1448 1953 valet,
1483 1878 1648 1958 quod
1685 1897 1747 1940 n.
1775 1878 1926 1942 415.
1954 1878 2239 1955 diximus,
2275 1879 2403 1943 scil.
2440 1899 2542 1944 eos
2574 1880 2637 1944 in
2670 1881 2767 1944 de-

306 1981 712 2045 testationem
733 1980 1008 2045 criminis
1034 1980 1267 2063 privari
1292 1998 1464 2043 sacra
1489 1980 1831 2062 sepultura,
1859 1979 1963 2043 sed
1989 2000 2109 2045 non
2138 1981 2335 2063 pollui
2359 1982 2695 2046 ecclesiam.

384 2078 546 2152 417.
589 2081 810 2163 Quoad
853 2102 983 2146 non
1031 2081 1394 2162 baptizatos,
1430 2082 1880 2165 Intelliguntur
1923 2083 2218 2165 primario
2266 2085 2514 2168 pagani,
2562 2085 2768 2149 iudaei

219 2221 229 2229 ·
298 2184 537 2267 aliique
560 2185 858 2250 infideles
885 2183 1166 2264 Quorum
1192 2184 1513 2265 sepultura
1537 2183 1599 2246 in
1633 2184 1769 2248 loco
1796 2203 1970 2249 sacro
1995 2185 2405 2267 pollutionem
2429 2187 2548 2251 loci
2571 2187 2766 2270 ipsius

282 2286 551 2352 inducit.

382 2388 501 2455 Sed
531 2391 630 2454 his
674 2388 939 2455 addendi
987 2390 1136 2453 sunt
1182 2387 1468 2464 infantes,
1501 2387 1777 2452 fidelium
1815 2388 1950 2466 filii,
1991 2390 2099 2471 qui
2137 2389 2506 2454 decesserint
2536 2391 2766 2472 absque

294 2492 638 2577 baptismo.
672 2492 898 2577 Excipe
928 2491 1049 2556 nisi
1071 2490 1380 2556 moriatur
1405 2490 1592 2553 simul
1616 2509 1759 2555 cum
1781 2491 1983 2554 matre
2015 2510 2156 2555 eum
2181 2491 2245 2554 in
2275 2494 2455 2557 utero
2481 2496 2763 2577 gerente3

281 2597 447 2660 tunc
486 2597 651 2661 enim
682 2597 969 2660 censetur
998 2595 1221 2658 matris
1256 2613 1419 2677 pars.
1461 2618 1496 2653 «
1520 2592 1661 2658 Non
1694 2593 2208 2676 improbabiliter,
2234 2595 2439 2677 inquit
2463 2594 2764 2660 Schmalz.

281 2699 358 2762 in
390 2698 498 2762 lib.
536 2699 596 2762 3.
634 2699 736 2763 tit.
770 2699 878 2762 40.
910 2717 969 2761 n.
1009 2697 1135 2773 74.,
1171 2696 1501 2781 Ugolinus,
1542 2694 1757 2780 Engel,
1796 2695 2065 2774 Iordan.,
2099 2696 2476 2762 Wiestner...
2510 2702 2761 2784 negant,

287 2821 404 2886 per
453 2803 843 2885 sepulturam
888 2799 1147 2865 infantis
1212 2797 1524 2882 progeniti
1568 2817 1640 2861 ex
1694 2798 2054 2880 parentibus
2108 2798 2412 2877 fidelibus,
2461 2801 2565 2865 sed
2623 2804 2766 2867 ante

291 2904 687 2987 baptismum
734 2903 967 2968 mortui
1016 2902 1189 2965 extra
1234 2901 1483 2964 uterum
1530 2900 1775 2975 matriS,
1807 2900 2003 2982 pollui
2051 2901 2370 2966 ecclesiam
2406 2903 2768 2970 1010001110-

283 3007 548 3071 terium.
596 3005 809 3083 Ratio,
859 3005 1006 3087 quia
1050 3002 1327 3067 infideles
1374 3021 1709 3084 eorumque
1756 3001 2023 3066 infantes
2071 3003 2396 3086 privantur
2442 3007 2763 3090 sepultura

280 3108 733 3183 ecclesiastica,
771 3124 1099 3187 eorumque
1130 3102 1492 3184 corporibus
1508 3103 1828 3183 polluitur
1857 3103 2114 3168 ecclesia
2150 3110 2212 3167 et
2238 3108 2662 3171 coemeterium
2693 3127 2767 3173 ex

292 3209 559 3294 speciali
589 3209 851 3286 ratione,
879 3208 1027 3291 quia
1059 3207 1190 3272 scil.
1216 3205 1400 3270 fidem
1432 3206 1835 3270 christianam
1860 3207 1958 3270 vel
1990 3207 2053 3269 in
2086 3225 2151 3271 se
2175 3207 2272 3271 vel
2312 3209 2372 3272 in
2406 3211 2765 3292 parentibus

288 3312 601 3377 detestati
631 3311 811 3376 sunt:
851 3328 975 3375 non
1013 3309 1105 3373 ita
1136 3326 1274 3372 eam
1310 3307 1605 3372 detestati
1636 3311 1783 3372 sunt
1814 3309 2083 3373 infantes
2113 3309 2478 3385 fidelium...,
2503 3311 2629 3377 imo
2660 3333 2766 3397 pa·

287 3417 554 3480 rentum
585 3432 842 3478 suorum
875 3411 1200 3477 voluntate
1234 3409 1364 3473 iam
1398 3408 1475 3472 ad
1513 3409 1895 3492 baptismum
1926 3410 2398 3475 destinabantur
2429 3437 2490 3476 ».

294 3508 307 3599 ζ
370 3515 654 3596 Quidam
684 3514 1154 3579 catechumenos
1202 3510 1278 3576 ad
1330 3510 1720 3595 sepulturam
1758 3512 2237 3576 ecclesiasticam
2286 3513 2536 3577 admitti
2583 3534 2760 3596 posse

274 3637 605 3685 censuere.
637 3617 729 3681 Ex
765 3614 1078 3682 communi
1110 3615 1246 3678 DD.
1282 3612 1654 3678 contradicit
1688 3612 2030 3697 Laymann,
2067 3614 2159 3677 ait
2205 3612 2581 3699 Schmalzgr.
2615 3616 2657 3679 1.
2693 3618 2755 3681 3.

267 3725 380 3786 tit.
420 3722 532 3786 28.
567 3739 627 3784 n.
663 3720 769 3783 49.
808 3718 1249 3791 Veruntamen,
1289 3718 1365 3779 ut
1399 3714 1563 3778 idem
1602 3712 1980 3798 Schmalzgr.
2030 3714 2136 3778 lib.
2178 3716 2239 3779 3.
2273 3716 2374 3780 tit.
2409 3716 2514 3780 40.
2550 3738 2610 3782 11.
2650 3720 2752 3783 72.

269 3824 514 3908 inquit,
564 3820 952 3887 communior
1004 3819 1311 3884 sententia
1358 3818 1567 3901 negat,
1617 3817 1732 3880 hac
1782 3817 2102 3900 sepultura
2158 3818 2474 3883 ecclesiam
2520 3822 2751 3905 pollui3

270 3933 455 4014 quia,
497 3930 574 3993 ut
605 3929 697 3992 ait
729 3926 959 4011 Sayrus
997 3926 1070 3989 de
1111 3923 1413 3990 censuris
1457 3924 1565 3987 lib.
1608 3926 1666 3987 5.
1702 3943 1835 4006 cap.
1875 3924 1976 3987 16.
2012 3945 2070 3989 11.
2107 3925 2234 4001 24..
2274 3927 2749 3993 catechumenus

273 4053 407 4100 non
452 4031 789 4116 reputatur
822 4028 1027 4111 quoad
1073 4029 1190 4093 hoc
1235 4027 1518 4103 infidelis,
1568 4026 1672 4090 sed
1720 4026 1992 4091 creditur
2034 4027 2325 4093 habuisse
2370 4028 2752 4112 baptismum

274 4135 584 4201 flaminis.
636 4134 771 4198 Lmo
820 4131 1096 4195 Barbosa
1144 4131 1287 4212 post
1335 4130 1490 4194 alios
1537 4128 1839 4211 quosdam
1887 4130 1960 4192 de
2003 4128 2180 4211 Offic.
2220 4129 2436 4211 Efflsa
2477 4133 2637 4213 part.
2688 4134 2749 4198 2.

269 4240 469 4323 alleg.
507 4238 614 4301 28.
648 4256 707 4300 11.
746 4235 851 4297 53.
893 4235 1099 4298 censet
1130 4231 1321 4296 etiam
1351 4232 1521 4296 licite
1558 4230 1804 4314 sepeliri
1834 4231 1896 4294 in
1931 4231 2186 4296 ecclesia
2217 4250 2414 4314 posse,
2450 4233 2596 4312 quia
2626 4252 2748 4299 non

274 4342 517 4405 debent
549 4337 823 4421 separari
875 4355 909 4399 a
940 4335 1117 4400 nobis
1150 4333 1470 4416 sepultura
1516 4332 1582 4409 ii,
1622 4333 1728 4414 qui
1777 4333 1840 4397 vi
1877 4333 2160 4397 caritatis
2206 4334 2381 4397 nobis
2421 4337 2566 4398 sunt
2612 4355 2749 4401 con·

274 4442 507 4508 iuncti.
542 4439 683 4505 Non
714 4422 1115 4502 bene‘tamen
1147 4434 1525 4519 Schmalzgr.
1556 4435 1598 4498 l.
1635 4455 1685 4498 0.
1718 4434 2042 4500 confundit
2071 4454 2202 4498 rem
2240 4437 2303 4499 et
2340 4435 2745 4519 allegationes

271 4547 393 4623 ita,
444 4547 520 4609 ut
564 4540 954 4607 communior
1000 4540 1165 4603 stare
1212 4538 1499 4602 videatur
1544 4538 1733 4602 etiam
1781 4557 1890 4620 pro
1937 4537 2264 4616 sepultura
2307 4537 2483 4601 licita
2499 4559 2522 4616 ,·
2560 4559 2747 4621 quam

264 4645 659 4716 sententiam
690 4643 869 4727 prius
901 4640 1137 4705 dixerat
1167 4658 1298 4704 esse
1330 4643 1547 4701 contra
1577 4658 1972 4701 communem.
