3497 5147
288 392 428 467 [120]
1023 406 1273 453 QUANDO
1311 406 1574 447 onmem
1612 407 1828 467 ruane.
1871 406 2004 447 spru
2673 392 2745 444 89

288 524 321 567 a
351 503 527 567 nobis
567 504 983 586 pertractata:
1025 523 1239 567 verum
1287 504 1425 567 tum
1473 503 1694 567 obiecti
1732 503 2046 581 nobilitata,
2083 503 2218 566 tum
2261 502 2538 565 absentia
2573 522 2745 566 accu-

288 608 456 695 ratae
490 605 762 669 notionis
796 606 981 670 huius
1006 606 1259 669 virtutis
1294 605 1355 668 in
1391 606 1670 688 pluribus
1704 606 2186 670 tractationibus
2218 605 2578 681 moralibuS‚
2607 606 2740 669 tum

287 707 557 772 eiusdem
603 708 938 772 necessitas
969 726 1078 791 pro
1126 706 1532 772 instructione
1564 707 1958 785 catechetica‚
1995 726 2152 789 quae
2185 706 2392 789 ampla
2433 725 2561 771 esse
2593 707 2747 771 velit

289 810 347 873 et
377 809 454 873 ad
480 810 764 873 tramites
789 809 1073 873 veritatis
1098 813 1332 883 exacta,
1366 811 1693 874 effecerunt
1710 812 1784 874 ut
1816 811 2051 875 diutius
2085 810 2148 874 in
2180 810 2296 873 hac
2333 808 2746 874 declaratione

288 930 775 977 immoraremur.

393 1059 446 1109 ΙΙ.
469 1059 615 1122 Resp.
636 1058 681 1108 l.
703 1056 963 1110 Probabile
989 1065 1063 1111 est
1091 1065 1399 1123 praeceptum
1425 1060 1541 1123 Spei
1567 1056 1786 1120 obligare
1813 1071 1900 1123 per
1926 1071 1996 1120 se,
2024 1072 2133 1109 cum
2157 1058 2365 1123 primum
2393 1056 2580 1111 bomini
2603 1072 2747 1110 usum

286 1140 483 1193 rationis
519 1148 745 1195 assecuto
774 1143 906 1195 Deus
930 1148 978 1195 et
1009 1142 1281 1208 BeatitudO,
1312 1151 1551 1207 tamquam
1595 1140 1717 1203 111115,
1750 1142 1809 1194 ad
1837 1156 1978 1207 quem
2007 1148 2083 1193 ten
2107 1143 2206 1194 lere
2241 1143 2402 1205 debet,
2440 1141 2744 1194 sufficienter

288 1231 358 1277 est
382 1225 696 1292 propositus;
720 1225 786 1278 ita
817 1234 867 1279 ut
892 1225 1093 1279 notabili
1121 1234 1339 1293 tempore
1368 1241 1461 1279 non
1493 1225 1697 1279 differat.
1727 1230 1792 1279 tta
1830 1229 2008 1279 Becan.
2033 1242 2075 1279 c.
2113 1227 2190 1278 17.
2221 1242 2268 1292 (1.
2297 1227 2346 1278 7.
2372 1240 2416 1278 u.
2448 1229 2494 1278 2.
2516 1227 2666 1278 Turr.
2695 1232 2744 1277 ct

286 1310 435 1363 ceteri
458 1322 701 1365 commun.
729 1314 789 1364 Et
812 1318 891 1364 est
921 1311 1205 1379 rationein
1233 1311 1336 1365 sine
1362 1318 1473 1365 actu
1501 1311 1616 1377 Spei
1643 1325 1731 1365 nec
1758 1310 2013 1364 iustificari
2043 1325 2130 1363 nec
2157 1310 2207 1364 in
2238 1309 2423 1364 iustitia
2451 1310 2615 1363 divina
2643 1325 2749 1376 per·

287 1394 451 1448 sista-e
488 1408 578 1449 nec
616 1394 866 1450 meritorie
903 1395 1099 1461 operari
1138 1410 1412 1464 possumus.
1442 1395 1539 1449 vid.
1566 1397 1912 1450 scholasticos.

391 1484 465 1534 ΙΙΙ.
493 1483 644 1547 Resp.
674 1483 723 1534 2.
751 1483 1068 1548 Praeceptum
1094 1482 1207 1547 Spei
1235 1497 1321 1549 per
1348 1482 1572 1536 accidens
1610 1482 1809 1546 obligat.
1841 1485 1888 1535 l.
1917 1483 2124 1549 Quando
2162 1490 2300 1535 actus
2330 1480 2596 1540 Orationis,
2629 1483 2749 1532 Poe·

290 1564 530 1627 niteutiae‚
551 1565 785 1619 Caritatis
805 1576 897 1619 etc.
923 1567 969 1619 in
993 1573 1254 1635 praecepto
1280 1576 1407 1630 sunt,
1429 1568 1512 1633 qui
1533 1568 1636 1620 sine
1666 1567 1864 1634 praevio
1887 1576 1997 1620 actu
2020 1568 2136 1633 Spei
2159 1567 2382 1620 exerceri
2412 1582 2506 1620 non
2529 1574 2749 1631 possunt.

290 1652 353 1703 lta
382 1655 521 1703 Auct.
547 1650 629 1704 cit.
652 1659 701 1704 et
727 1650 830 1705 Fill.
850 1660 909 1705 tr.
934 1655 1017 1704 22.
1041 1670 1082 1705 c.
1108 1652 1155 1705 8.
1179 1668 1225 1706 n.
1248 1653 1366 1705 255.
1388 1655 1434 1704 2.
1456 1652 1661 1718 Quando
1688 1651 1796 1717 quis
1823 1652 1888 1704 ita
1919 1659 2144 1715 tentatur,
2173 1660 2224 1705 ut
2256 1652 2525 1717 periculum
2557 1650 2750 1702 5119011-

289 1742 476 1797 sensus,
495 1735 589 1789 nisi
616 1734 826 1789 animum
853 1751 941 1803 spe
966 1736 1136 1799 erigat.
1162 1736 1275 1788 Vitl.
1296 1735 1404 1789 Fin.
1433 1738 1467 1789 1.
1491 1752 1533 1788 c.
1567 1738 1733 1800 haym.
1758 1740 1789 1787 Ι.
1811 1739 1860 1787 2.
1886 1743 1919 1787 t.
1945 1739 1993 1787 2.
2016 1752 2055 1788 c.
2084 1738 2131 1788 2.
2156 1738 2333 1787 Bonae.
2352 1742 2386 1788 t.
2407 1739 2457 1787 2.
2482 1738 2530 1787 d.
2559 1737 2607 1787 ὅ.
2629 1752 2673 1800 q.
2701 1735 2747 1787 3.

383 1848 515 1921 119.
564 1849 719 1915 Cum
767 1851 838 1916 de
889 1851 1268 1935 obligatione
1340 1852 1468 1935 spei
1538 1850 1854 1916 habendae
1903 1852 2133 1936 agitur,
2195 1851 2637 1916 advertendum
2687 1850 2750 1913 in

289 1953 526 2036 primis,
577 1973 742 2037 spem
787 1956 1195 2019 necessariam
1244 1974 1373 2019 esse
1422 1955 1788 2018 necessitate
1835 1953 2026 2017 medii
2073 1953 2148 2017 ad
2184 1954 2626 2036 assequendam
2660 1953 2751 2016 111-

284 2058 724 2123 stificationem
756 2062 817 2124 et
850 2061 1138 2125 salutem.
1174 2059 1386 2140 Quoad
1430 2059 1954 2135 iustificationem‚
1991 2061 2165 2142 patet
2199 2079 2270 2123 ex
2293 2058 2459 2123 Trid.
2504 2078 2649 2123 sess,
2687 2058 2744 2121 6.

282 2180 333 2224 c.
375 2161 435 2222 6.
473 2160 554 2223 Et
601 2182 745 2226 sane
792 2183 933 2227 cum
980 2163 1165 2227 homo
1215 2162 1433 2225 debeat
1480 2181 1543 2224 se
1593 2160 1835 2225 actibus
1885 2161 2014 2225 suis
2063 2181 2428 2244 praeparare
2462 2161 2538 2224 ad
2571 2161 2749 2225 iusti-

278 2264 638 2328 ficationem
673 2285 706 2328 a
746 2265 875 2331 Deo
922 2266 1204 2350 gratuito
1254 2264 1671 2341 obtinendam,
1720 2263 1784 2327 id
1833 2263 2028 2328 facere
2079 2265 2312 2345 nequit,
2365 2264 2484 2327 nisi
2521 2265 2743 2346 speret.

281 2365 525 2433 Rursus
574 2367 787 2432 eodem
833 2370 1014 2452 pacto
1062 2388 1203 2431 cum
1250 2366 1432 2431 finem
1472 2386 1676 2443 suum,
1711 2367 1818 2447 qui
1853 2368 1947 2430 est
1980 2367 2168 2444 Deua,
2209 2366 2499 2447 consequi
2530 2365 2748 2429 debeat

278 2469 462 2535 homo
498 2471 743 2535 meritis
776 2472 903 2535 suis
936 2491 1040 2555 per
1090 2470 1390 2534 auxilium
1438 2470 1572 2547 Dei,
1607 2470 1823 2551 nequit
1871 2468 1950 2532 ad
1995 2468 2157 2532 hunc
2189 2468 2374 2530 finem
2408 2488 2471 2531 se
2502 2486 2749 2531 movere

278 2573 395 2638 nisi
442 2575 685 2639 bonum
730 2573 884 2639 illud
935 2575 1198 2639 arduum
1246 2577 1447 2659 speret
1495 2576 1558 2639 et
1605 2576 1808 2657 speret
1873 2572 2174 2637 auxilium
2222 2571 2356 2636 Dei.
2397 2568 2556 2651 Quia
2604 2590 2746 2635 vero

274 2697 436 2758 quae
484 2679 834 2742 necessaria
882 2682 1027 2743 sunt
1090 2679 1453 2742 necessitate
1501 2677 1709 2752 medii,
1761 2676 1811 2739 si
1860 2676 1985 2739 sint
2047 2677 2109 2739 in
2158 2676 2368 2740 nostra
2417 2675 2747 2758 potestate,

269 2783 419 2844 sunt
468 2781 673 2845 etiam
720 2780 895 2844 nobis
942 2781 1287 2864 praecepta,
1338 2781 1513 2863 patet
1560 2781 1770 2841 actum
1819 2779 1946 2860 spei
1995 2777 2208 2841 cadere
2255 2777 2370 2841 sub
2403 2777 2746 2859 praecepto.

362 2882 485 2948 Pro
540 2883 964 2967 intelligentia
1018 2902 1163 2966 ergo
1214 2881 1433 2964 prioris
1482 2879 1917 2963 responsioniS‚
1967 2879 2088 2943 duo
2148 2879 2517 2943 advertenda
2581 2879 2746 2942 sunt.

271 2984 587 3064 Primum,
629 2983 793 3067 quod
832 2985 894 3049 in
941 2983 1292 3048 huiusmodi
1346 2985 1670 3067 praecepto
1720 2982 1943 3065 duplex
1991 2985 2198 3066 potest
2232 2981 2532 3066 obligatio
2558 2982 2752 3045 consi-

269 3086 507 3151 derari:
564 3088 787 3164 altera,
838 3106 961 3170 qua
1008 3089 1405 3169 praeceptum
1475 3085 1683 3148 evadit
1753 3085 2107 3166 neyativum
2157 3087 2220 3147 et
2265 3084 2382 3147 erit
2444 3083 2748 3167 obligatio

264 3208 388 3253 non
439 3188 817 3272 desperandi
864 3188 961 3253 vel
1009 3188 1199 3253 etiam
1246 3209 1366 3252 non
1414 3186 1846 3271 praesumendi
1877 3187 2049 3269 (nam
2084 3185 2205 3251 duo
2254 3187 2403 3250 haec
2441 3185 2596 3249 vitia
2634 3187 2752 3249 vir-

265 3293 391 3355 tuti
428 3292 566 3375 spei
608 3293 1024 3373 opponuntur,
1067 3291 1332 3355 alterum
1364 3311 1471 3374 per
1502 3290 1829 3368 defectum,
1864 3289 2131 3353 alterum
2163 3309 2270 3372 per
2317 3289 2656 3371 excessum)
2690 3289 2751 3351 et

259 3396 351 3459 sic
416 3395 833 3479 praeceptum
882 3394 1010 3478 spei
1060 3393 1298 3478 obligat
1346 3413 1582 3476 semper
1643 3394 1705 3456 et
1766 3411 1875 3475 pro
1925 3411 2180 3474 semper,
2230 3390 2404 3454 iuxta
2459 3392 2750 3454 naturam

258 3499 591 3582 praecepti
645 3497 949 3581 negativi3
1009 3497 1223 3574 altera,
1273 3516 1395 3578 qua
1450 3496 1848 3579 praeceptum
1895 3497 1988 3558 est
2033 3493 2487 3574 affirmativum
2524 3495 2586 3556 et
2631 3492 2748 3556 erit

261 3601 588 3687 obligatio
643 3599 921 3664 eliciendi
959 3599 1224 3682 positive
1260 3599 1470 3663 actum
1502 3598 1651 3680 spei.
1692 3597 1775 3659 Et
1811 3597 1960 3660 haec
2007 3615 2128 3660 non
2179 3595 2416 3678 obligat
2447 3613 2557 3677 pro
2592 3613 2751 3658 sem-

258 3723 391 3788 per,
428 3704 541 3769 sed
580 3703 791 3767 solum
824 3702 953 3765 suis
987 3700 1386 3783 temporibus,

353 3807 665 3870 Alterum
698 3804 809 3880 est,
845 3803 1010 3884 quod
1054 3803 1206 3868 haec
1254 3801 1555 3888 obligatio
1605 3800 1701 3864 vel
1751 3801 1844 3864 est
1890 3800 2221 3865 intrinseca
2253 3800 2350 3864 vel
2383 3799 2749 3864 extrinseca:

255 3909 427 3992 quod
481 3908 642 3974 aliis
691 3907 891 3972 verbis
939 3906 1137 3971 efferri
1185 3906 1364 3985 solet,
1414 3925 1630 3989 nempe
1678 3903 1844 3986 quod
1891 3903 2020 3986 spei
2067 3905 2464 3988 praeceptum
2513 3903 2752 3988 obligat

256 4011 354 4076 vel
392 4033 528 4092 per
580 4031 651 4074 se
702 4009 766 4071 υἱ
821 4009 1057 4074 scilicet
1102 4010 1303 4089 ipsius
1374 4010 1627 4071 virtutis
1673 4006 1770 4070 vel
1807 4026 1927 4086 per
1972 4004 2278 4084 accidens,
2343 4007 2487 4088 quia
2537 4027 2753 4088 nempe

254 4118 442 4180 actus
515 4112 758 4194 aliquis
806 4112 938 4196 spei
983 4112 1357 4177 necessarius
1407 4113 1501 4174 est
1550 4109 1625 4174 ad
1674 4109 1845 4173 aliud
1891 4109 2286 4192 praeceptum
2351 4108 2748 4192 implendum,

256 4239 314 4282 v.
348 4241 447 4305 gr.
495 4216 949 4303 poenitentiae,
984 4214 1506 4299 quemadmodum
1553 4212 1791 4277 dictum
1829 4213 1923 4276 est
1968 4211 2041 4274 de
2088 4211 2205 4276 fide
2239 4211 2325 4293 (11.
2362 4213 2517 4294 40).
2552 4210 2633 4275 Et
2681 4211 2753 4275 de

253 4325 540 4406 utraque
596 4321 720 4384 hac
772 4319 1136 4383 necessitate
1177 4317 1408 4382 tractat
1463 4315 1698 4380 Auctor
1755 4313 2062 4378 distinctis
2119 4313 2358 4378 duabus
2414 4315 2755 4397 responsio-

253 4427 466 4491 nibus.
1392 4467 1400 4479 ·

349 4523 518 4599 120.
566 4526 714 4589 Iam
762 4542 904 4588 vero
954 4523 1118 4605 quod
1166 4521 1497 4604 aliquando
1545 4521 1940 4604 praeceptum
1981 4519 2107 4602 spei
2140 4539 2248 4603 per
2279 4538 2341 4582 se
2391 4519 2626 4604 obliget
2657 4519 2754 4580 de·

251 4631 523 4696 ducitur
575 4645 657 4691 ex
704 4625 999 4690 damnata
1045 4626 1227 4708 Prop.
1269 4625 1318 4689 I.
1370 4625 1447 4687 ab
1493 4624 1666 4688 Alex.
1718 4621 1899 4685 VIL:
1935 4645 1968 4679 «
2001 4621 2206 4686 Homo
2255 4621 2427 4685 nullo
2477 4640 2750 4700 unquam
