3497 5147
712 343 824 402 7oe
915 355 1126 398 rane-r.
1156 357 1235 397 vr.
1256 354 1422 397 amr.
1450 354 1530 396 vr.
1548 354 1635 394 nn
1658 351 1852 394 sax-ro
1873 352 1952 392 nr
1977 350 2141 394 nono
2165 351 2380 394 mne.
2405 350 2737 393 uncamm.
2760 352 2904 393 nun.
2923 354 2967 394 1.
3019 340 3163 410 [9741

713 454 1078 521 declaranda
1110 452 1196 517 sit
1226 453 1287 516 in
1321 450 1701 516 confessione
1731 448 2008 531 qualitas
2032 467 2326 532 personae
2373 450 2642 532 turpiter
2672 450 2987 532 aspectae;
3021 450 3178 515 nihi·

710 562 981 627 lominus
1012 579 1061 624 s.
1102 559 1287 643 Alph.
1322 579 1381 623 n.
1415 559 1567 621 421.
1602 557 1904 621 veriorem
1950 555 2103 620 dicit
2147 556 2519 620 sententiam
2549 553 2753 632 Croi1‚
2787 555 2899 636 qui
2943 559 3172 634 censet,

709 664 894 749 quod,
924 662 1039 728 nisi
1065 660 1436 726 desiderium
1462 658 1732 734 accedat,
1755 658 1864 740 qui
1886 675 2138 721 veneree
2163 656 2386 741 aspicit
2401 675 2750 740 personam,
2776 674 2899 721 non
2924 659 3173 722 tenetur

708 765 983 833 confiteri
1019 763 1224 847 qualis
1256 762 1443 828 fuerit
1468 780 1748 844 persona.
1784 761 1950 824 Dum
1982 760 2146 824 enim
2177 759 2350 824 solus
2381 763 2668 842 aspectus
2701 756 2879 824 adest
2901 761 2967 824 et
2998 760 3176 825 abest

706 868 1098 943 desiderium,
1134 865 1432 950 praecisio
1464 863 1595 927 fieri
1642 881 1751 945 per
1796 861 2074 926 animum
2114 862 2322 944 potest
2351 861 2578 927 obiecti
2613 880 2653 925 a
2682 861 3172 928 ffl‘rcumstantiis

706 975 779 1036 ut
811 972 871 1036 in
906 970 1040 1034 solo
1074 968 1314 1034 obiecto
1346 964 1675 1031 delectatio
1708 981 1964 1028 venerea
1995 963 2296 1045 quiescat.

798 1072 971 1138 Unde
1019 1071 1205 1137 insert
1254 1069 1395 1152 post
1440 1087 1489 1132 s.
1524 1066 1709 1151 Alph.
1744 1064 1920 1150 Gury
1969 1067 2092 1131 vol.
2132 1067 2189 1129 1.
2228 1067 2286 1149 ξ.
2321 1066 2472 1130 417.
2517 1067 2684 1149 quod
2716 1069 3002 1150 aspectus
3034 1088 3172 1134 con-

705 1176 1081 1258 sanguineae
1116 1174 1210 1237 vel
1243 1173 1614 1254 coniugatae
1646 1169 1746 1234 vel
1776 1187 1986 1233 sacrae
2019 1187 2313 1251 personae
2337 1188 2460 1234 non
2497 1169 2705 1234 induit
2735 1170 3045 1234 malitiam
3076 1172 3172 1236 in-

705 1281 931 1352 cestus,
968 1275 1255 1341 adulterii
1291 1276 1404 1339 aut
1433 1271 1765 1356 sacrilegii.

794 1379 859 1446 Si
892 1399 1036 1445 vero
1069 1379 1131 1443 in
1165 1380 1418 1461 aspectu
1455 1374 1658 1458 turpis
1705 1374 2035 1439 delectatio
2084 1375 2246 1439 esset
2291 1373 2365 1440 de
2397 1373 2638 1438 obiecto
2669 1375 2860 1458 prout
2892 1376 3018 1439 tale
3049 1378 3164 1453 est,

702 1485 840 1549 tum
870 1483 994 1547 iam
1018 1478 1487 1547 circumstantia
1512 1477 1932 1543 assumeretur
1954 1476 2030 1540 ut
2052 1476 2383 1542 obiectum.
2417 1473 2510 1541 Of.
2537 1475 2904 1541 Tamburini
2929 1475 3166 1542 Metod.

712 1585 891 1664 Consi
928 1585 967 1649 l.
1011 1587 1071 1647 2.
1105 1603 1156 1647 c.
1194 1582 1251 1647 7.
1286 1602 1346 1645 n.
1383 1582 1469 1658 3.,
1501 1579 1611 1663 qui
1640 1578 2031 1644 rarissimum
2067 1577 2132 1642 id
2163 1578 2333 1644 dicit.

791 1687 1004 1752 Nolim
1051 1688 1259 1751 tamen
1306 1684 1528 1749 inferre
1574 1682 1823 1766 perinde
1870 1700 2001 1746 esse
2047 1681 2176 1745 sive
2223 1681 2364 1763 quis
2396 1681 2649 1746 hauriat
2693 1681 3168 1749 delectationem

704 1809 1021 1856 veneream
1042 1789 1202 1854 circa
1218 1805 1453 1852 marem
1473 1785 1602 1850 sive
1627 1785 1790 1850 circa
1814 1784 2140 1848 feminam:
2167 1784 2451 1849 doctrina
2474 1785 2704 1849 etenim
2727 1785 3168 1870 theologorum

699 1893 947 1978 quidem
975 1893 1087 1968 est,
1115 1891 1177 1956 in
1212 1889 1619 1954 delectatione
1641 1887 1778 1952 sola
1801 1886 2244 1969 praecisionem
2267 1884 2403 1950 ficri
2420 1904 2598 1969 posse
2624 1906 2661 1951 a
2677 1887 3170 1956 circumstantiis

700 1995 944 2070 obiecti,
980 1997 1047 2058 at
1080 1993 1213 2057 heic
1244 1990 1526 2056 doctrina
1556 1989 1679 2054 ista
1709 1988 1868 2052 nihil
1899 1987 2164 2064 confert3
2199 2007 2346 2053 nam
2393 1988 2592 2053 altera
2622 2008 2886 2073 persona
2915 2011 3038 2057 non
3071 1996 3171 2058 est

698 2097 956 2164 alterius
980 2093 1450 2160 circumstantia
1480 2094 1593 2157 aut
1615 2090 1912 2172 qualitas,
1940 2091 2044 2154 sed
2069 2092 2219 2155 sunt
2242 2090 2365 2155 duo
2390 2089 2686 2157 distincta
2710 2092 2950 2157 obiecta
2976 2098 3169 2178 atque

697 2200 865 2266 aliud
914 2198 1237 2264 moraliter
1282 2198 1378 2261 est
1424 2193 1716 2259 delectari
1764 2195 1919 2277 puta
1965 2193 2038 2258 de
2085 2193 2310 2277 copula
2356 2195 2737 2277 apprehensa
2782 2214 2923 2260 cum
2971 2216 3166 2275 mare,

696 2302 864 2368 aliud
891 2320 1033 2368 cum
1072 2299 1320 2364 femina.
2263 2321 2274 2332 ·

786 2400 960 2476 974.
1010 2405 1154 2469 Alia
1191 2402 1529 2468 difficultas
1578 2403 1672 2465 est
1717 2401 1793 2466 de
1839 2401 2041 2465 verbis
2076 2401 2352 2467 obscenis
2384 2421 2496 2466 seu
2526 2401 2804 2467 obscenis
2836 2404 3162 2486 colloquiis

696 2511 808 2575 aut
841 2506 1117 2572 obscenis
1148 2503 1536 2568 lectionibus.
1586 2504 1678 2568 De
1715 2503 1813 2567 his
1859 2503 2128 2568 breviter
2173 2502 2457 2582 dicimuS,
2489 2503 2656 2587 quod
2688 2505 2955 2589 seposito
2987 2523 3161 2570 scan-

693 2613 857 2688 da10,
886 2610 957 2675 ‹le
991 2628 1113 2691 quo
1150 2626 1309 2671 nunc
1346 2624 1467 2671 non
1497 2605 1836 2688 loquimur,
1869 2607 2115 2671 malitia
2145 2608 2372 2673 horum
2405 2609 2681 2686 actuum,
2716 2610 2827 2691 qui
2856 2629 2928 2675 ex
2956 2609 3161 2675 inten-

694 2716 860 2779 tione
894 2712 1056 2776 tiuut
1086 2707 1515 2772 delectationis
1547 2724 1857 2785 venereae,
1900 2728 1973 2773 ea
2017 2708 2154 2792 ipsa
2185 2711 2300 2786 est,
2335 2729 2496 2791 quae
2525 2710 2754 2776 residet
2784 2712 2848 2776 in
2878 2712 3160 2779 interiori

694 2820 837 2881 actu
872 2815 1000 2877 sive
1034 2828 1314 2876 morosae
1347 2809 1795 2888 delectationis,
1830 2812 1960 2876 sive
1992 2811 2228 2895 gaudii,
2263 2811 2393 2876 sive
2426 2811 2731 2890 desiderii,
2765 2814 2841 2879 de
2877 2834 3001 2896 qua
3032 2816 3161 2881 iam

693 2918 841 2983 alibi
882 2918 1091 2981 actum
1124 2917 1236 2979 est.
1272 2914 1414 2998 Ipsa
1448 2916 1659 2980 autem
1692 2913 1878 2978 verba
1907 2914 2003 2978 vel
2037 2914 2349 2995 colloquia
2388 2913 2670 2980 confiteri
2701 2918 2978 3000 oportet3
3011 2919 3160 3000 quia

688 3020 840 3087 eunt
872 3020 1140 3101 peccata.

784 3122 874 3187 De
905 3140 978 3185 ea
1003 3124 1213 3185 autem
1238 3119 1502 3195 malitia,
1530 3138 1719 3202 quam
1745 3119 1970 3183 habere
2005 3121 2266 3201 possunt
2289 3118 2336 3182 ii
2360 3120 2557 3197 actus,
2585 3124 2894 3202 quatenus
2920 3124 3162 3190 occasio

687 3226 816 3291 sint
850 3242 1138 3288 venereae
1171 3223 1599 3289 delectationis
1631 3221 1731 3287 vel
1763 3221 2128 3304 pollutionis
2160 3222 2278 3285 etc.
2313 3220 2589 3288 dicemus
2621 3224 2685 3288 in
2723 3243 2892 3308 seqq.
2925 3226 3161 3292 Resoll.

784 3328 1001 3410 Itaque
1034 3327 1095 3393 in
1128 3327 1475 3413 hypothesi,
1513 3325 1678 3409 quod
1728 3326 1905 3389 actus
1937 3324 2002 3387 hi
2036 3327 2350 3407 ponantur
2387 3344 2458 3391 ex
2495 3327 2841 3394 intentione
2865 3348 3157 3396 venereae

686 3432 1138 3509 delectationis,
1182 3432 1433 3515 peccata
1466 3431 1614 3494 sunt
1651 3427 1947 3493 mortalia
1971 3427 2356 3510 speciemque
2389 3429 2740 3495 sortiuntur
2776 3430 3157 3498 differentem

684 3537 861 3603 iuxta
894 3536 1144 3617 regulas
1176 3534 1377 3599 datas.

776 3637 1008 3703 Verum
1043 3636 1276 3711 oscula,
1313 3637 1538 3711 tactus,
1566 3636 1875 3717 aspectus,
1901 3633 2086 3698 lectio
2110 3636 2227 3697 etc.
2254 3652 2375 3698 non
2408 3651 2649 3717 semper
2672 3635 2835 3702 fiunt
2864 3655 2937 3702 ex
2960 3639 3159 3705 inten-

684 3742 855 3805 tione
891 3759 1179 3803 venereae
1211 3737 1659 3813 ‹lelectationi3‚
1688 3734 1974 3818 quamvis
2000 3754 2120 3800 non
2146 3754 2287 3800 raro
2307 3738 2631 3801 versentur
2652 3737 2816 3803 circa
2840 3739 3155 3806 obiectum

684 3842 825 3927 plus
860 3842 1062 3907 minus
1098 3844 1274 3925 turpe
1313 3843 1375 3903 et
1406 3840 1823 3904 inhonestum.
1859 3837 2195 3917 Quaeritur
2226 3856 2304 3901 an
2337 3840 2401 3902 et
2436 3842 2746 3920 quatenus
2782 3841 2846 3905 in
2886 3841 3004 3907 hac
3042 3844 3157 3929 hy-

684 3944 925 4029 pothesi
962 3944 1087 4009 siut
1126 3946 1394 4027 peecata.
1436 3942 1575 4007 Huc
1608 3943 1890 4024 spectant
1924 3959 2090 4021 seqq.
2124 3940 2357 4004 Besoll.

774 4050 997 4113 munia
1031 4050 1239 4112 autem
1277 4066 1345 4109 ex
1382 4046 1502 4109 isto
1538 4043 1836 4127 principio
1875 4041 1998 4105 fere
2046 4042 2344 4124 pendent:
2395 4042 2686 4109 illicitum
2734 4063 2870 4111 esse
2897 4056 2960 4111 et
2994 4066 3156 4113 mor-

684 4153 807 4217 tale
841 4151 1138 4217 coniicere
1186 4170 1249 4213 se
1296 4149 1359 4212 iu
1408 4146 1750 4229 periculum
1802 4143 1940 4226 plus
1977 4144 2184 4209 minus
2231 4145 2578 4228 proximum
2620 4148 2792 4227 (nam
2842 4147 2958 4213 hac
2993 4151 3054 4214 in
3087 4171 3153 4216 re

682 4274 801 4321 non
843 4258 1085 4337 oportet
1124 4252 1274 4317 adeo
1322 4270 1453 4315 esse
1499 4248 1791 4327 subtiles)
1828 4266 2158 4311 consensus
2205 4249 2268 4312 in
2314 4247 2785 4314 delectationem
2827 4269 3151 4319 veneream

680 4360 745 4423 et
778 4356 1000 4421 ideirco
1035 4376 1139 4421 eas
1173 4353 1446 4419 actiones
1478 4368 1609 4415 esse
1638 4349 1756 4414 sub
1801 4350 2056 4415 mortali
2085 4350 2395 4427 vitandas,
2444 4369 2603 4433 quae
2641 4351 2769 4416 tale
2801 4354 3149 4436 periculum

679 4478 887 4523 seeum
929 4457 1154 4522 serunt.
1200 4452 1571 4519 Huiusmodi
1608 4470 1713 4535 per
1746 4470 1810 4516 se
1843 4458 2007 4529 sunt,
2044 4472 2203 4535 quae
2250 4473 2322 4519 ex
2368 4460 2594 4520 natura
2626 4472 2742 4520 sua
2772 4457 2841 4520 et
2867 4459 3151 4541 graviter

678 4558 947 4627 intimuit
1001 4558 1075 4621 nd
1124 4555 1593 4621 delectationem
1642 4575 1960 4620 veneream
1997 4557 2058 4620 in
2100 4575 2280 4621 sensu
2331 4557 2737 4623 excitandam.
2788 4556 2948 4624 Cum
3001 4581 3149 4627 vero
