3497 5147
712 342 821 397 624
1016 354 1227 395 macr.
1250 354 1329 394 νι.
1351 352 1512 394 sac-r.
1534 354 1615 393 ιν.
1636 352 1723 393 ma
1746 351 1993 400 Quan‘ro
2017 351 2234 392 ruane.
2254 348 2580 390 0110111001.
2609 348 2750 390 oms.
2771 348 2877 389 vn.
3028 332 3176 407 [846]

1708 539 1885 605 Unde
1923 538 2208 603 resolves.

821 720 996 771 XLlV.
1024 721 1068 771 t.
1092 717 1330 785 Discipuli
1358 726 1574 786 peccant,
1604 720 1645 771 l.
1674 718 1715 771 si
1746 718 2151 785 praeceptoribus
2172 723 2220 770 et
2248 716 2541 784 paedagogis
2563 731 2659 769 non
2686 717 2912 770 exibeant
2938 721 3175 772 bonorem

712 809 761 856 et
799 803 1145 858 reverentiam:
1174 807 1222 856 2.
1251 803 1292 857 si
1332 820 1425 857 non
1466 803 1698 857 obediant
1735 801 1784 855 in
1825 807 1973 856 rebus
2013 802 2369 869 pertinentibus
2409 805 2469 855 ad
2510 802 2669 855 studia
2702 810 2751 855 et
2789 806 2944 855 bonos
2982 818 3174 857 mores:

713 889 760 940 3.
790 887 831 940 si
857 903 943 941 eos
980 888 1207 942 convitiis
1247 892 1323 941 vel
1364 888 1732 942 contumeliosis
1771 888 1938 941 verbis
1979 890 2258 941 traducant:
2288 888 2336 940 4.
2363 887 2405 940 si
2432 886 2730 951 negligenter
2766 890 3010 948 studeant,
3035 891 3177 940 sebo·

715 978 865 1026 larum
905 980 987 1026 aut
1025 974 1295 1027 studiorum
1334 982 1554 1040 tempore
1594 973 1721 1027 lusui
1763 980 1937 1026 vacent
1975 976 2053 1026 vel
2093 972 2224 1027 otio:
2257 975 2306 1026 5.
2346 971 2575 1038 pecunias
2614 980 2868 1039 parentum
2906 972 3178 1039 dilapident

713 1058 793 1110 vel
830 1056 1065 1111 inutiliter
1103 1059 1412 1124 expendant:
1439 1060 1487 1111 6.
1528 1059 1656 1113 malo
1696 1061 1793 1111 ssne
1831 1059 2085 1110 studeant:
2112 1058 2163 1109 7.
2198 1055 2452 1121 Gymnasii
2489 1056 2567 1110 sui
2597 1059 2731 1120 leges
2769 1060 2846 1109 vel
2885 1055 3177 1111 Academiae

714 1146 895 1193 statuta
922 1140 986 1206 (si
1015 1140 1212 1206 quidem
1237 1157 1294 1194 ea
1321 1143 1382 1194 ad
1422 1149 1673 1207 peccatum
1713 1142 1953 1205 obligent)
1981 1157 2075 1194 non
2101 1148 2326 1195 servent:
2356 1144 2404 1207 8,
2432 1140 2662 1194 scientias
2686 1140 3055 1205 superstitiosas
3090 1147 3176 1194 aut

714 1223 893 1277 vetitas
931 1224 1183 1279 addiscant
1224 1229 1298 1280 vel
1341 1226 1494 1280 libros
1534 1226 1812 1293 prohibitos
1851 1230 2037 1290 legant:
2065 1229 2114 1278 9.
2141 1225 2434 1291 stipendium
2467 1225 2682 1279 debitum
2722 1226 2913 1279 doctori
2950 1242 3039 1280 suo
3076 1241 3173 1280 non

713 1309 924 1372 solvant,
954 1325 1064 1362 cum
1104 1311 1306 1376 possint.
1338 1312 1461 1365 Vide
1487 1313 1665 1366 Navar.
1697 1328 1740 1365 c.
1770 1314 1855 1366 23.
1882 1319 1931 1364 et
1958 1312 2041 1363 25.
2071 1311 2176 1365 Fili.
2207 1318 2268 1364 tr.
2298 1314 2379 1364 28.
2407 1326 2454 1377 p.
2483 1314 2531 1364 2.
2557 1326 2599 1364 c.
2635 1313 2711 1363 10.
2737 1326 2784 1377 q.
2821 1314 2861 1364 1.

822 1395 979 1446 XLV.
1009 1397 1056 1448 2.
1096 1395 1313 1459 Magistri
1351 1405 1402 1450 et
1438 1394 1681 1461 pedagogi
1720 1404 1939 1463 peccant,
1983 1398 2028 1447 t.
2069 1396 2112 1449 si
2150 1404 2347 1461 peccata
2387 1396 2742 1464 discipulorum
2781 1396 3088 1450 dissimulent
3124 1403 3177 1451 et

715 1493 810 1531 non
848 1478 1111 1544 corrigant,
1137 1483 1333 1545 quando
1374 1489 1608 1548 possunt:
1637 1485 1686 1535 2.
1717 1485 1990 1549 protectum
2017 1496 2184 1534 eorum
2209 1481 2257 1533 in
2284 1481 2465 1535 litteris
2491 1496 2586 1536 non
2624 1485 2797 1535 sedulo
2825 1488 3176 1548 promoveant:

715 1564 765 1616 3.
791 1577 887 1616 non
925 1566 1132 1617 doceant
1170 1568 1325 1619 bonos
1361 1580 1552 1619 mores:
1592 1566 1639 1618 4.
1679 1565 1719 1618 si
1760 1581 1819 1619 ex
1861 1565 2116 1632 proposito
2156 1569 2274 1618 falsa
2312 1568 2519 1619 doceant
2559 1574 2613 1619 ut
2651 1582 2782 1633 vera,
2825 1569 2904 1621 vel
2944 1566 3178 1633 supersti-

714 1646 840 1700 tiosa
867 1653 916 1701 et
939 1648 1083 1702 saluti
1110 1649 1281 1703 noxia:
1303 1652 1352 1703 5.
1375 1666 1470 1704 non
1497 1653 1725 1704 studeant
1748 1649 1859 1715 ipsi,
1887 1655 1937 1703 ut
1963 1649 2124 1702 officio
2151 1649 2475 1704 satisfaciant:
2502 1652 2550 1703 6.
2579 1651 2621 1702 si
2649 1650 2943 1717 stipendium
2983 1649 3179 1715 exigant

712 1729 872 1784 maius
909 1732 1056 1797 iusto,
1089 1736 1164 1786 vel
1190 1749 1334 1800 quam
1362 1734 1614 1800 Gymnasii
1653 1739 1786 1799 leges
1821 1740 1907 1787 aut
1943 1736 2246 1787 consuetudo
2286 1734 2564 1800 permittat:
2587 1735 2640 1788 7.
2667 1737 2956 1789 doctoratus
2989 1734 3177 1799 insigna

712 1823 890 1880 negent
914 1816 1088 1881 dignis,
1118 1819 1195 1872 vel
1221 1817 1433 1883 indignis
1457 1823 1725 1883 conterant,
1757 1822 1887 1885 qnod
1917 1819 2050 1873 Nav,
2080 1818 2201 1873 dicit
2235 1833 2346 1872 esse
2382 1822 2607 1879 mortale,
2633 1818 2920 1886 praesertim
2944 1818 2995 1871 in
3021 1821 3180 1872 Tbeo·

714 1899 859 1965 loma,
887 1904 993 1955 lure
1029 1902 1295 1967 Canonico,
1329 1904 1478 1958 Civili
1514 1911 1563 1957 et
1599 1904 1860 1958 Medicina:
1889 1905 2072 1957 namin
2099 1904 2414 1971 Philosophia
2443 1908 2566 1958 torte
2612 1903 2803 1958 veniale
2843 1912 3028 1958 tantum
3068 1918 3179 1958 esse

714 1994 881 2038 censet
918 1985 1073 2040 Caiet.
1103 2002 1150 2039 v.
1176 1990 1538 2043 Doctoratus:
1565 1992 1613 2042 8.
1641 1989 1684 2043 si
1721 1989 1975 2056 discipulis
2012 1993 2142 2042 malo
2178 1989 2276 2043 sint
2313 1993 2573 2057 exemplo:
2601 1992 2651 2043 9.
2694 1989 2737 2042 si
2775 1989 2919 2044 malis
2956 1990 3178 2043 moribus

714 2069 931 2123 imbutos
972 2077 1023 2125 et
1072 2072 1157 2137 qui
1198 2072 1307 2125 aliis
1353 2074 1616 2139 perniciosi
1652 2080 1782 2139 sunt,
1827 2077 1888 2128 ad
1926 2076 2122 2128 scholas
2159 2075 2415 2129 admittant
2455 2079 2532 2129 vel
2569 2090 2631 2129 ex
2680 2074 2744 2128 iis
2783 2090 2877 2128 non
2915 2075 3179 2129 dimittant.

716 2155 779 2206 V.
806 2156 959 2208 Trull.
988 2156 1020 2209 l.
1050 2157 1097 2210 4.
1124 2172 1166 2210 c.
1204 2160 1250 2211 t.
1277 2159 1324 2211 d.
1358 2160 1436 2211 Η.

807 2280 984 2355 846.
1022 2286 1055 2323 *
1090 2285 1277 2351 Vides
1315 2288 1378 2351 111
1412 2288 1617 2353 Resol.
1662 2290 1745 2365 1⁸,
1781 2289 2224 2374 discipulorum
2259 2290 2510 2372 peccata
2547 2290 2867 2373 appellari,
2902 2291 3050 2373 quin
3089 2292 3184 2354 ta-

715 2407 857 2452 men
894 2388 968 2453 de
1000 2408 1214 2453 eorum
1259 2391 1574 2474 gravitate
1622 2411 1861 2474 semper
1905 2392 2204 2457 iudicium
2251 2391 2505 2456 feratur.
2541 2391 2613 2455 Id
2644 2393 2784 2457 tum
2816 2411 2888 2456 ex
2922 2392 3060 2475 ipsa
3090 2392 3181 2457 rei

715 2491 1030 2576 gravitate
1080 2492 1177 2556 vel
1222 2492 1499 2570 levitate,
1549 2493 1686 2557 tum
1733 2512 1806 2557 ex
1852 2493 2337 2559 circumstantiis
2391 2494 2783 2579 singularum
2838 2494 3178 2573 actionum,

714 2595 956 2660 ratione
1000 2595 1218 2659 habita
1264 2596 1423 2673 111118,
1472 2616 1656 2678 quem
1704 2597 1951 2661 tenetur
2001 2599 2177 2662 iuxta
2224 2616 2403 2661 suam
2450 2597 2865 2662 conditionem
2917 2597 3182 2680 quisque

716 2697 1024 2780 prosequi,
1065 2699 1201 2762 tum
1250 2718 1320 2762 ex
1354 2699 1677 2764 voluntate
1710 2702 2058 2783 parentum,
2093 2699 2554 2763 diiudicandum
2587 2700 2723 2763 erit.
2759 2698 2859 2764 Sic
2894 2701 3062 2765 filius
3093 2701 3180 2765 di-

717 2800 943 2865 tissimi
992 2800 1130 2879 viri,
1164 2802 1271 2883 qui
1310 2802 1395 2866 sit
1425 2802 1744 2887 negligens
1777 2803 1840 2867 in
1872 2803 2117 2881 studiis,
2151 2803 2401 2886 propter
2445 2803 2562 2866 hoc
2598 2804 2822 2879 80111111,
2859 2802 3024 2885 quod
3057 2822 3178 2868 non

718 2904 984 2981 studeat,
1021 2925 1142 2969 non
1190 2906 1468 2989 peccabit
1512 2907 1884 2982 mortaliter,
1936 2908 2055 2971 nisi
2103 2907 2401 2989 urgeatur
2445 2908 2771 2988 praecepto
2820 2908 3175 2989 parentum:

717 3010 784 3072 at
830 3007 997 3072 filius
1045 3008 1163 3071 viri
1208 3007 1553 3083 mediocris,
1590 3010 1696 3090 qui
1734 3028 1956 3092 graves
2004 3009 2122 3072 sibi
2159 3011 2223 3071 et
2252 3006 2526 3071 familiae
2573 3026 2867 3091 expensas
2898 3008 3068 3072 subit
3101 3007 3178 3071 ad

716 3110 848 3174 01118
879 3109 1342 3173 institutionem
1388 3110 1859 3192 procurandam,
1895 3112 1968 3173 111
1999 3109 2280 3192 deinceps
2317 3109 2372 3173 is
2409 3109 2768 3192 parentibus
2807 3110 2871 3173 et
2906 3109 3180 3173 familiae

717 3212 990 3275 vicissim
1037 3230 1388 3275 succurrere
1434 3213 1651 3295 possit,
1685 3212 1963 3296 graviter
2007 3214 2171 3276 certe
2218 3212 2515 3294 peccaret,
2550 3211 2605 3275 si
2649 3211 2970 3295 negligens
3019 3213 3182 3277 08801

717 3314 1088 3378 studiorum.
1121 3311 1237 3378 Sed
1284 3314 1634 3396 frequenter
1679 3315 1831 3378 haec
1877 3333 1999 3378 non
2047 3314 2332 3399 cogitant
2381 3312 2816 3378 adolescentes.

807 3419 880 3483 In
916 3420 987 3482 2⁸
1018 3418 1225 3483 Resol
1259 3419 1540 3484 doctrina
1570 3418 1864 3484 Auctoris
1905 3419 2071 3483 clara
2108 3422 2221 3484 est.
2255 3418 2524 3483 Adverte
2570 3419 2907 3503 magistros
2954 3438 3026 3483 ac
3070 3420 3184 3484 Pe—

716 3523 997 3608 dagogos
1045 3542 1116 3586 ex
1165 3521 1367 3587 officio
1416 3521 1610 3585 teneri
1658 3523 1722 3585 et
1767 3541 1838 3586 ex
1885 3522 2228 3586 contractu.
2263 3522 2334 3584 In
2374 3521 2573 3603 primo
2620 3522 2684 3585 et
2730 3521 2994 3587 secundo
3030 3540 3182 3586 casu

715 3628 1036 3710 peccatum
1069 3623 1359 3709 magistri
1397 3625 1606 3707 potest
1642 3644 1772 3690 0880
1819 3625 1972 3699 leve,
2008 3624 2060 3688 si
2091 3624 2253 3688 levia
2285 3623 2413 3686 sint
2449 3626 2700 3707 peccata
2737 3623 3183 3708 discipulorum

715 3728 1111 3793 dissimulata
1144 3727 1242 3791 vel
1268 3729 1319 3792 si
1352 3728 1730 3813 negligentia
1757 3727 1822 3791 in
1848 3724 2280 3810 promovendis
2304 3725 2528 3791 studiis
2552 3726 2636 3791 sit
2659 3725 2832 3792 levis.
2861 3727 2934 3791 In
2960 3728 3178 3793 ceteris

717 3833 1040 3915 peccatum
1073 3832 1167 3893 est
1198 3850 1307 3913 per
1329 3850 1392 3893 80
1416 3850 1605 3914 grave
1638 3831 1701 3895 01
1733 3830 1944 3909 aliqua
1971 3828 2119 3891 sunt
2149 3826 2539 3911 gravissima.
2566 3830 2639 3892 ln
2671 3830 2934 3912 septimo
2970 3833 3179 3894 autem

717 3931 940 3997 habere
987 3931 1134 3996 11001
1178 3931 1485 3996 rationem
1532 3930 1905 4015 exceptionis
1937 3927 2238 3993 Caietani.

808 4031 985 4107 847.
1037 4034 1547 4117 Quandoquidem
1594 4053 1642 4098 s.
1693 4033 1966 4097 Thomas
2021 4031 2183 4096 111101
2231 4035 2409 4098 001118
2470 4034 2723 4118 pietatis
2769 4034 2946 4118 ponit
2991 4036 3182 4099 etiam

718 4142 958 4207 cultum
991 4159 1139 4224 erga
1171 4138 1439 4221 patriam
1473 4138 1536 4200 01
1568 4136 1646 4199 ad
1680 4134 2156 4214 observantiam,
2192 4156 2349 4219 quae
2382 4138 2623 4214 0818111)
2655 4136 2906 4220 pietate,
2941 4138 3184 4202 cultum

716 4245 968 4309 revocat
999 4260 1146 4327 erga
1180 4241 1311 4304 eius
1344 4240 1645 4302 rectorem
1685 4238 1745 4300 2.
1784 4238 1843 4301 2.
1879 4257 1936 4320 q.
1969 4237 2115 4302 102.
2153 4258 2206 4302 a.
2240 4239 2334 4303 1.:
2371 4240 2585 4322 quaeri
2616 4241 2841 4323 potest,
2877 4260 3185 4322 quaenam

718 4346 804 4408 sit
829 4344 1130 4428 obligatio
1163 4340 1557 4407 subditorum
1590 4359 1738 4425 erga
1765 4341 2068 4406 seculares
2093 4343 2455 4425 potestates,
2483 4342 2574 4407 De
2597 4342 2713 4406 hac
2743 4362 2809 4408 re
2835 4342 3187 4408 doctrinam

720 4447 950 4510 certam
999 4447 1299 4510 habemus
1347 4443 1809 4526 Scripturarum
1863 4446 1919 4509 1.
1957 4443 2137 4509 Petr.
2174 4446 2256 4509 II.
2296 4444 2398 4508 19.
2435 4442 2711 4509 Subiecti
2752 4445 2951 4528 iyz'tur
2996 4451 3187 4511 estote

718 4552 887 4614 omni
930 4550 1238 4614 humanae
1270 4553 1609 4627 creaturae,
1630 4551 1895 4631 propter
1926 4547 2152 4626 Deum,
2193 4548 2320 4611 sive
2353 4548 2508 4630 reyi,
2537 4549 2722 4629 quasi
2746 4547 3183 4629 praecellenti,
