3497 5147
656 349 764 405 374
862 360 1072 403 maor.
1105 360 1184 400 vr.
1210 358 1371 400 snor.
1399 359 1438 398 1.
1464 357 1550 397 nn
1574 354 1767 396 Pmuo
1790 355 2006 397 ruane.
2032 354 2360 397 nmanoor.
2387 355 2520 398 oar.
2547 356 2611 398 11.
2641 359 2786 400 nun.
2818 360 2910 400 111.
2983 345 3124 420 [489]

654 478 870 525 verum
902 458 1092 522 etiam
1130 455 1335 538 quoad
1367 455 1791 537 consumptoS,
1826 453 1952 518 imo
1985 455 2048 517 et
2079 454 2286 535 quoad
2317 472 2446 531 eoS,
2487 454 2595 536 qui
2644 474 2681 519 a
2718 456 3001 537 quolibet
3035 458 3125 521 le-

657 562 880 648 gitimo
912 577 1261 643 possessore
1307 557 1534 640 percipi
1581 555 1949 638 potuissent.
1987 556 2194 631 Ratio,
2239 556 2388 637 quia
2434 558 2530 621 est
2560 574 2877 639 possessor
2921 559 3126 623 malae

654 664 797 730 fidei
829 665 893 728 et
921 664 1057 728 loco
1091 660 1415 744 praedonis
1447 659 1745 734 habetur3
1774 657 2028 741 proinde
2059 676 2299 740 semper
2329 657 2559 723 dicitur
2593 678 2725 725 esse
2755 660 2819 725 in
2852 680 3029 726 mora
3064 663 3127 726 et

661 768 738 832 ad
764 767 972 831 omnia
1003 766 1227 829 damna
1258 765 1524 828 tenetur.
1561 760 1942 846 Schmalzgr.
1981 782 2042 826 n.
2079 762 2229 825 267.

752 869 814 934 Si
854 888 998 935 vero
1030 867 1293 932 simonia
1324 865 1652 931 commissa
1679 865 1757 928 ab
1789 863 1913 929 alio
1944 864 2153 941 fuerit,
2187 865 2322 947 ipso
2348 864 2733 930 beneficiario
2769 866 3123 951 ignorante,

657 972 899 1037 fructus
928 971 1178 1053 quidem
1207 969 1507 1044 lucratur,
1534 967 1811 1048 quandiu
1841 966 2055 1030 manet
2084 967 2147 1030 in
2180 967 2341 1031 bona
2372 965 2491 1031 fide
2528 985 2651 1032 non
2678 986 2854 1032 secus
2895 988 2964 1032 ac
2998 969 3131 1051 qui-

659 1075 815 1139 libet
845 1074 1006 1139 alius
1036 1073 1232 1137 bonae
1263 1070 1406 1134 fidei
1436 1088 1769 1152 possessor.
1806 1067 1966 1133 Cum
1997 1070 2204 1133 tamen
2229 1069 2483 1134 collatio
2516 1089 2624 1152 per
2649 1089 2712 1134 se
2746 1070 2832 1134 sit
2853 1071 3126 1136 invalida

664 1177 810 1260 (nisi
842 1177 904 1239 in
942 1175 1223 1239 fraudem
1247 1173 1510 1237 simonia
1538 1172 1614 1235 ab
1654 1172 1778 1235 alio
1817 1171 1985 1236 facta
2021 1171 2230 1249 fuerit,
2271 1173 2347 1235 ut
2368 1171 2636 1237 diximus
2675 1192 2815 1257 sup.
2841 1193 2899 1237 n.
2927 1175 3125 1258 487.).

663 1278 910 1363 quando
941 1280 1140 1342 cessat
1176 1276 1551 1360 ignorantia,
1601 1274 1966 1338 restituendi
2000 1275 2150 1338 sunt
2195 1274 2437 1339 fructus
2475 1275 2585 1355 qui
2616 1277 2883 1339 exstant.
2917 1277 3124 1354 Ratio,

664 1382 811 1466 quia
843 1398 1158 1465 possessor
1188 1380 1407 1443 nactus
1440 1396 1560 1442 non
1594 1379 1688 1440 est
1724 1376 1979 1441 illorum
2025 1375 2370 1441 dominium
2423 1377 2545 1441 nisi
2591 1379 2844 1442 tantum
2889 1397 3130 1442 revoca-

666 1485 807 1550 bile.
858 1482 1158 1550 Schmalz.
1205 1480 1353 1545 ibid.
1393 1478 1656 1544 Cuinam
1690 1497 1835 1543 vero
1882 1477 2123 1543 fructus
2168 1478 2584 1544 restituendi?
2629 1479 2914 1544 Breviter
2945 1499 2996 1544 S.
3029 1481 3131 1545 Al·

668 1589 942 1673 phonsus
986 1586 1093 1650 lib.
1130 1587 1191 1648 3.
1236 1604 1293 1648 n.
1340 1583 1516 1646 116.;
1564 1606 1600 1640 ‹
1637 1580 1906 1645 Fructus
1952 1580 2371 1646 restituendos
2418 1601 2549 1646 aese
2597 1582 2908 1647 Ecclesiae
2954 1583 3132 1648 docet

671 1712 719 1757 s.
754 1691 1025 1755 Thomas
1058 1692 1118 1752 2.
1154 1690 1213 1751 2.
1241 1707 1299 1769 q.
1340 1688 1484 1749 100.
1521 1688 1637 1748 art.
1690 1684 1750 1747 6.
1793 1683 1870 1747 ad
1901 1684 1986 1761 4.,
2019 1683 2203 1749 modo
2242 1685 2637 1750 commodum
2670 1704 2794 1750 non
2827 1686 3127 1769 recipiant

672 1814 742 1860 ex
789 1795 923 1869 hoc,
972 1793 1078 1875 qui
1111 1790 1440 1855 simoniam
1494 1787 1956 1852 commiserunt.
2005 1785 2120 1851 Sed
2158 1786 2474 1869 probabile
2511 1789 2624 1864 est,
2665 1805 2844 1870 posse
2879 1788 3128 1853 restitui

671 1896 1045 1981 pauperibus
1091 1894 1188 1958 vel
1234 1891 1570 1957 successori
1614 1891 1678 1954 in
1724 1889 2037 1966 beneficio,
2086 1890 2184 1954 vel
2237 1889 2429 1954 etiam
2477 1909 2540 1955 se
2572 1908 2942 1974 componere
2988 1911 3127 1956 cum

674 1999 930 2065 Summo
962 1995 1260 2060 Pontifice
1293 2014 1402 2077 pro
1451 1994 1632 2057 dictis
1676 1992 1984 2057 fructibus
2018 2017 2080 2055 ».

763 2098 1019 2163 Addunt
1049 2098 1206 2172 DD.,
1235 2096 1354 2160 vid.
1390 2115 1437 2160 s.
1472 2095 1656 2177 Alph.
1683 2115 1742 2158 n.
1783 2095 1951 2172 111.,
1977 2113 2099 2160 non
2132 2096 2326 2160 teneri
2357 2095 2565 2178 (valde
2597 2097 3024 2180 probabiliter)
3050 2097 3134 2161 ad

673 2199 1086 2266 restituendos
1132 2199 1371 2262 fructus
1417 2198 1735 2281 perceptos
1782 2197 2019 2262 intuitu
2067 2198 2267 2262 stolae
2312 2200 2378 2263 et
2424 2199 2692 2264 aliarum
2741 2199 3132 2266 functionum

673 2302 1141 2388 parochialium,
1198 2322 1255 2365 v.
1305 2322 1399 2386 gr.
1458 2301 1907 2383 exsequiarum,
1973 2301 2356 2380 concionum,
2423 2303 2970 2368 matrimoniorum
3018 2305 3135 2368 etc.

674 2406 861 2472 Ratio
894 2406 1041 2489 quia
1086 2405 1192 2470 isti
1224 2405 1464 2470 fructus
1495 2424 1617 2468 non
1651 2403 2073 2487 percipiuntur
2118 2422 2229 2468 ceu
2261 2403 2504 2468 reditus
2560 2404 2864 2485 beneficii,
2915 2407 3021 2471 sed
3065 2408 3141 2471 ut

676 2508 980 2595 stipendia
1028 2508 1247 2585 officii,
1299 2527 1371 2572 ex
1416 2525 1538 2589 quo
1571 2505 1664 2582 fit,
1705 2506 1895 2589 prout
1931 2523 2239 2570 commun.
2283 2507 2416 2570 DD.
2452 2508 2686 2585 tenent,
2726 2511 2802 2572 ut
2831 2510 3141 2592 parochus

675 2613 749 2678 de
794 2613 918 2677 illis
951 2613 1149 2695 possit
1177 2611 1366 2674 libere
1399 2610 1719 2692 disponere
1751 2609 1942 2672 etiam
1973 2609 2037 2673 in
2069 2609 2360 2692 profanos
2391 2627 2546 2675 usus
2585 2613 2702 2675 etc.

765 2710 945 2785 489.
995 2713 1059 2779 Si
1106 2732 1249 2778 vero
1281 2730 1597 2795 possessor
1641 2712 1998 2777 huiusmodi
2043 2713 2241 2776 bonae
2285 2711 2429 2776 fidei
2473 2732 2580 2795 per
2625 2713 2966 2779 triennium
2998 2736 3139 2780 cum

680 2817 891 2882 eadem
924 2818 1083 2881 bona
1120 2816 1237 2879 fide
1270 2815 1332 2879 in
1365 2814 1619 2897 pacifica
1651 2815 1928 2879 beneficii
1959 2814 2343 2897 possessione
2376 2816 2742 2898 perstiterit,
2791 2817 3142 2884 defenditur

679 2920 910 3002 (inquit
949 2919 1326 3002 Schmalzgr.
1366 2940 1425 2982 n.
1468 2918 1647 3001 267.)
1692 2918 1912 3003 regula
1950 2917 2024 2981 de
2069 2916 2359 2982 triennali
2405 2919 2825 3001 possessione;
2875 2921 3028 2986 adeo
3067 2925 3142 2986 ut

679 3023 942 3087 triennio
966 3023 1076 3086 illo
1101 3021 1310 3103 elapso
1344 3039 1538 3102 neque
1570 3020 1809 3084 fructus
1842 3039 2036 3102 neque
2069 3020 2430 3085 beneficium
2463 3023 2749 3087 teneatur
2781 3023 3132 3088 restituere.

772 3127 931 3192 Sunt
953 3127 1161 3188 tamen
1194 3123 1302 3204 qui
1333 3123 1687 3205 oppositum
1718 3123 2053 3188 tenuerunt
2078 3125 2142 3186 et
2171 3123 2403 3206 duplici
2433 3124 2794 3190 innituntur
2818 3145 3140 3211 argumen-

681 3228 947 3294 tatione:
983 3244 1249 3308 quarum
1296 3226 1493 3308 prima
1541 3225 1888 3289 desumitur
1933 3244 2003 3289 ex
2041 3225 2177 3307 ipsa
2207 3227 2426 3310 regula
2463 3227 2569 3291 36.
2603 3225 3024 3293 Cancellariae
3069 3230 3140 3293 de

677 3329 966 3396 triennali
1000 3328 1399 3411 possessione,
1426 3347 1585 3409 quae
1624 3328 1848 3410 excipit
1880 3346 2156 3409 expresse
2187 3347 2401 3392 casum
2421 3330 2748 3411 inyressus
2769 3332 3104 3396 simoniaci
3115 3352 3138 3394 .·

689 3458 726 3493 ‹
762 3433 923 3498 Item
960 3431 1189 3496 statuit
1219 3433 1282 3496 et
1321 3431 1632 3495 ordinavit
1660 3430 1826 3495 idem
1874 3431 1948 3494 D.
1988 3430 2088 3508 Ν.,
2124 3432 2288 3513 quod
2321 3432 2374 3496 si
2405 3432 2546 3513 quis
2578 3451 3005 3517 quaecumque
3041 3436 3140 3499 be-

679 3536 895 3602 neficia
927 3534 1359 3612 ecclesiastiea,
1393 3532 1869 3616 qualiacumque
1894 3533 2038 3611 sint,
2071 3534 2301 3614 absque
2347 3535 2687 3599 simmaco
2725 3536 3038 3617 inyressu‚
3071 3557 3139 3601 ex

680 3638 900 3721 quovis
939 3638 1147 3713 titulo,
1199 3636 1539 3719 apostolica
1586 3636 1685 3699 vel
1732 3634 2042 3700 ordinaria
2089 3635 2421 3701 collatione
2468 3639 2583 3701 aut
2619 3638 2987 3704 electione...
3037 3659 3140 3724 per

682 3741 1017 3804 triennium
1054 3740 1304 3821 pacifice
1336 3738 1764 3822 possederit...‚
1799 3757 1980 3821 super
2010 3738 2229 3803 iisdem
2259 3738 2568 3804 beneficiis
2599 3740 2815 3806 taliter
2846 3743 3141 3825 possessis

686 3842 1006 3906 molestari
1038 3846 1305 3923 nequeat
1340 3866 1400 3905 ».

773 3943 988 4007 Altera
1014 3962 1156 4007 vero
1190 3962 1260 4008 ex
1291 3945 1425 4008 iure
1472 3945 1785 4009 canonico.
1835 3943 1999 4008 Nam
2035 3962 2167 4027 cap.
2202 3942 2312 4007 Ex
2341 3943 2768 4007 insinuatione
2802 3945 2911 4010 26.
2945 3946 3007 4010 h.
3040 3946 3141 4009 tit.

684 4045 749 4111 in
802 4064 990 4110 causa
1035 4046 1378 4121 cuiusdam,
1438 4047 1613 4110 cuius
1675 4048 1851 4128 pater
1899 4046 2099 4110 adhuc
2137 4045 2362 4110 infanti
2401 4046 2735 4110 simoniace
2781 4046 3142 4112 beneficium

690 4148 1039 4231 acquisivit,
1087 4146 1367 4212 Clemens
1405 4148 1521 4212 III.
1561 4148 1895 4230 respondit,
1935 4149 2098 4213 hunc
2134 4151 2277 4232 post
2319 4148 2556 4213 multos
2592 4167 2784 4213 annos
2838 4174 2874 4208 ‹
2905 4151 3149 4213 ratione

672 4252 922 4330 primae
968 4251 1334 4330 receptionis
1382 4249 1543 4312 nihil
1580 4269 1763 4329 posse
1811 4250 2129 4315 vindicare
2161 4274 2229 4315 »ε
2279 4251 2655 4333 eandemque
2719 4251 2782 4315 in
2844 4271 2976 4316 rem
3025 4253 3152 4316 alia

689 4353 965 4435 exempla
998 4372 1067 4416 ex
1099 4353 1232 4418 iure
1262 4352 1554 4416 canonico
1589 4352 1950 4418 afferuntur.

776 4453 955 4519 Hanc
977 4455 1349 4518 sententiam
1395 4454 1660 4518 maxime
1708 4455 2055 4539 gallicanus
2090 4454 2497 4520 Cabassutius
2529 4456 2595 4519 et
2626 4454 2765 4519 dein
2814 4456 3158 4538 plusquam

690 4558 1037 4642 gallicanus
1067 4577 1187 4619 van
1222 4557 1418 4638 Espen
1452 4558 1683 4621 tuetur.
1720 4557 1801 4621 Et
1838 4558 2021 4622 sicuti
2069 4559 2274 4623 seculo
2306 4560 2514 4642 elapso
2545 4577 2680 4623 mos
2712 4563 2866 4638 erat,
2904 4562 2979 4624 ut
3007 4560 3163 4625 huic
