3497 5147
344 384 487 452 [338]
1413 401 1736 442 mva'rro
2693 391 2805 445 247

425 490 602 564 337.
645 519 681 553 (ι
712 494 1031 560 Divinatio
1066 498 1294 573 autem,
1329 516 1488 579 quae
1521 497 1592 561 fit
1624 498 1855 580 absque
1886 518 2170 582 expressa
2203 500 2519 565 daemonis
2554 503 2804 567 invoca-

339 597 526 673 tione,
560 597 625 660 in
659 596 782 661 duo
814 616 1037 681 genera
1070 598 1386 663 dividitur.
1429 597 1706 678 Quorum
1744 600 2017 682 primum
2058 602 2171 679 est,
2214 602 2459 683 quando
2513 603 2588 666 ad
2637 618 2807 686 prae-

336 699 713 766 noscendum
742 701 957 765 futura
991 701 1226 783 aliquid
1263 702 1721 767 consideramus
1771 704 1833 767 in
1884 704 2400 787 dispositionibus
2450 706 2806 788 aliquarum

337 823 565 868 rerum.
602 803 685 867 Et
715 803 768 867 si
800 802 1048 885 quidem
1074 804 1299 886 aliquis
1323 808 1580 869 conetur
1612 806 1826 870 futura
1850 806 2196 888 praedicere
2225 827 2296 871 61
2320 808 2809 874 consideratione

338 906 498 971 situs
530 907 594 970 et
630 908 844 969 motus
875 905 1165 979 siderum,
1201 907 1315 971 hoc
1346 907 1680 989 pertineret
1712 907 1789 971 ad
1819 907 2191 990 astroloqos,
2217 910 2324 990 qui
2349 911 2415 973 et
2436 909 2812 990 yenethliaci

340 1008 633 1071 dicuntur
657 1010 918 1087 propter
952 1006 1265 1070 natalium
1296 1010 1823 1072 considerationes
1853 1008 2116 1072 diei-um.
2151 1009 2216 1074 Si
2246 1030 2391 1075 vero
2443 1030 2551 1093 per
2593 1015 2806 1076 motus

342 1111 439 1175 vel
472 1129 651 1175 voces
686 1110 897 1174 avium
922 1130 1030 1174 seu
1055 1130 1584 1193 quorumcumque
1610 1112 1994 1191 animalium,
2023 1113 2151 1176 sive
2176 1133 2283 1195 per
2317 1114 2805 1179 sternutationes

341 1212 667 1277 hominum
698 1211 796 1276 vel
819 1211 1238 1276 membrorum
1262 1212 1482 1290 saltus,
1511 1213 1625 1278 hoc
1650 1214 1919 1295 pertinet
1943 1215 2317 1298 generaliter
2344 1215 2422 1278 ad
2444 1217 2805 1297 anyer-rium,

343 1313 508 1396 quod
539 1314 768 1377 dicitur
801 1333 837 1377 a
867 1314 1111 1398 garritu
1144 1315 1374 1392 avium,
1409 1315 1571 1379 sicut
1601 1316 1954 1394 auspicium
2003 1316 2080 1380 ab
2127 1317 2504 1398 inspectione
2553 1320 2804 1382 avium:

343 1437 609 1500 quorum
634 1417 905 1499 primum
931 1417 1197 1499 pertinet
1222 1417 1298 1480 ad
1324 1437 1522 1493 311163,
1551 1418 1884 1482 secundum
1912 1419 1987 1481 ad
2021 1420 2265 1483 oculos:
2302 1419 2364 1482 in
2399 1420 2616 1484 avibus
2642 1422 2804 1484 enim

342 1518 700 1585 huiusmodi
725 1519 1047 1601 praecipue
1071 1519 1445 1583 considerari
1474 1521 1693 1584 solent.
1736 1518 1802 1584 Si
1828 1539 1970 1584 vero
1998 1520 2358 1585 huiusmodi
2390 1522 2804 1586 consideratio

343 1623 457 1686 fiat
486 1622 649 1687 circa
683 1622 866 1685 verba
898 1622 1220 1685 hominum
1253 1622 1483 1704 absque
1513 1622 1856 1686 intentione
1895 1623 2080 1698 dicta,
2117 1641 2276 1703 quae
2318 1624 2456 1703 quis
2487 1625 2809 1705 retorquet

343 1725 420 1788 ad
456 1724 764 1798 futurum,
798 1723 962 1805 quod
993 1723 1134 1787 vult
1157 1743 1571 1806 praenoscere,
1599 1726 1715 1788 hoc
1747 1726 2009 1788 vocatur
2041 1745 2281 1788 omen...
2318 1723 2380 1789 Si
2421 1727 2630 1790 autem
2671 1745 2810 1790 con·

342 1826 687 1891 siderentur
733 1826 1037 1907 quaedam
1083 1825 1518 1908 dispositiones
1580 1825 1927 1909 figurarum
1972 1827 2036 1889 in
2086 1827 2400 1908 aliquibus
2448 1828 2808 1910 corporibus

345 1928 513 1993 visui
558 1929 945 2005 occurrentiS,
995 1929 1114 1993 erit
1161 1928 1286 1992 alia
1333 1928 1733 1993 divinationis
1781 1928 2053 2010 species3
2105 1948 2250 1992 nam
2299 1948 2369 1993 61
2417 1929 2809 1994 lineamentis

339 2049 566 2095 manus
612 2031 1010 2095 consideratis
1057 2031 1359 2096 divinatio
1407 2032 1658 2114 sumpta
1712 2030 2129 2094 chiromantia
2175 2033 2457 2109 vocatur,
2498 2033 2678 2113 quasi
2725 2032 2812 2096 di-

340 2134 578 2198 vinatio
610 2152 927 2207 manus...;
963 2132 1264 2197 divinatio
1300 2152 1444 2197 vero
1481 2153 1551 2197 61
1583 2134 1956 2214 quibusdam
1987 2134 2181 2218 signis
2215 2134 2277 2197 in
2317 2134 2568 2216 spatula
2606 2134 2808 2213 (costa

339 2236 526 2300 suilla
563 2235 781 2319 latior)
820 2235 1082 2299 alicuius
1115 2236 1401 2299 animalis
1442 2237 1903 2319 apparentibUS,
1938 2235 2432 2315 spatalomantia
2463 2239 2742 2301 vocatur.

434 2363 471 2397 «
502 2336 600 2403 Ad
638 2337 973 2402 secundum
1023 2340 1234 2402 autem
1278 2338 1682 2403 divinationis
1729 2358 1944 2422 genus,
1995 2338 2159 2421 quod
2208 2340 2304 2403 est
2349 2340 2479 2403 sine
2526 2359 2809 2422 expressa

337 2442 714 2506 daemonum
758 2440 1169 2516 invocatione,
1206 2442 1475 2524 pertinet
1512 2441 1834 2519 divinatio,
1870 2460 2029 2528 quae
2079 2441 2153 2504 fit
2199 2459 2270 2504 61
2318 2440 2808 2506 consideratione

341 2563 575 2623 eorum,
611 2562 770 2625 quae
801 2544 1058 2609 veniunt
1090 2563 1162 2609 ex
1194 2544 1585 2626 quibusdam,
1626 2563 1786 2626 quae
1820 2544 1897 2608 ab
1929 2543 2285 2608 hominibus
2317 2544 2481 2608 serio
2513 2544 2681 2625 fi-zmt
2726 2543 2816 2608 ad

340 2646 591 2728 aliquid
617 2645 921 2710 oecultum
950 2646 1395 2728 inquirendam
1417 2647 1546 2711 sive
1570 2666 1677 2729 per
1705 2648 2190 2730 protractionem
2216 2647 2608 2729 punctorum,
2644 2647 2809 2729 quod

340 2751 610 2833 pertinet
633 2749 711 2813 ad
733 2751 935 2812 artem
956 2750 1363 2831 yeomantiae,
1390 2749 1518 2812 sive
1538 2768 1644 2831 per
1668 2747 2222 2812 considerationem
2254 2748 2628 2830 siqu-rarum,
2655 2769 2812 2831 quae

337 2853 713 2936 proveniunt
743 2871 815 2917 ex
847 2852 1102 2934 plumbo
1140 2851 1478 2934 liquefacto
1518 2851 1582 2914 in
1621 2870 1786 2931 aqua
1834 2851 2127 2932 proiecto,
2169 2851 2297 2915 sive
2337 2871 2406 2915 ex
2440 2852 2813 2933 quibusdam

339 2954 651 3021 schedulis
695 2955 949 3033 scriptis
994 2955 1093 3019 vel
1138 2974 1267 3018 non
1312 2954 1567 3032 serapt-is
1612 2953 1675 3016 in
1725 2953 1968 3017 occulto
2015 2954 2322 3035 repositis,
2364 2954 2512 3018 dum
2544 2955 2815 3019 conside-

338 3066 533 3140 ratur,
576 3081 733 3143 quas
765 3062 905 3143 quis
938 3062 1220 3144 accipiat,
1255 3061 1356 3125 vel
1387 3061 1581 3126 etiam
1611 3080 1682 3124 ex
1714 3060 1970 3139 festucis
1998 3059 2440 3140 inaequalibus
2478 3063 2814 3144 propositis

341 3166 481 3247 quis
518 3165 821 3229 maiorem
854 3165 946 3228 vel
996 3165 1298 3228 minorem
1346 3164 1627 3246 accipiat,
1673 3162 1772 3227 vel
1823 3163 2189 3226 &taxillorum
2221 3164 2624 3242 proiectione,
2674 3166 2813 3246 quis

338 3268 523 3351 plura
570 3268 800 3350 puncta
857 3266 1162 3349 proiiciat,
1212 3266 1311 3329 vel
1357 3266 1549 3330 etiam
1597 3285 1739 3329 cum
1799 3264 2242 3343 consideratur,
2294 3267 2449 3346 quid
2505 3268 2817 3346 aperienti

342 3369 579 3433 librum
626 3371 942 3433 occurrat:
992 3387 1150 3450 quae
1199 3368 1407 3432 omnia
1452 3368 1716 3430 sortium
1763 3385 1983 3431 nomen
2032 3368 2264 3432 habent
2301 3392 2363 3431 ».

437 3497 475 3530 «
507 3470 612 3535 Sic
648 3490 795 3554 ergo
842 3471 1034 3552 patet,
1070 3470 1293 3553 triplex
1339 3487 1469 3534 esse
1515 3468 1918 3533 divinationis
1967 3488 2198 3551 genus:
2235 3487 2502 3548 quorum
2541 3471 2812 3551 primum

340 3575 435 3638 est
465 3593 576 3656 per
606 3572 1003 3638 manifestam
1048 3573 1419 3636 daemonum
1452 3570 1937 3646 invocationem3
1979 3570 2144 3651 quod
2180 3569 2449 3651 pertinet
2483 3571 2559 3632 ad
2608 3590 2814 3635 neero-

344 3675 647 3738 mantieos
674 3695 695 3738 .·
742 3675 1076 3739 secundum
1123 3676 1334 3738 autem
1384 3693 1490 3755 per
1536 3671 1735 3737 solam
1785 3671 2340 3736 considerationem
2389 3670 2812 3754 dispositionis

346 3778 443 3842 vel
486 3778 701 3842 motus
750 3777 1003 3840 alterius
1048 3777 1156 3853 rei,
1207 3776 1372 3857 quod
1419 3775 1686 3858 pertinet
1729 3773 1820 3837 ad
1859 3794 2173 3854 auyures:
2211 3773 2469 3838 tertium
2508 3778 2622 3855 est,
2664 3775 2812 3841 dum

343 3881 608 3946 facimus
639 3880 895 3962 aliquid,
930 3882 1005 3944 ut
1040 3880 1217 3946 nobis
1246 3880 1681 3944 manifestetur
1705 3878 1941 3960 aliquid
1974 3879 2307 3956 occultum,
2348 3879 2514 3960 quod
2546 3881 2815 3964 pertinet

343 3986 430 4048 acl
460 3987 681 4048 sortes,
716 3982 843 4049 Sub
875 3984 1153 4064 quolibet
1186 3984 1396 4047 autem
1428 3983 1652 4048 horum
1684 3982 1887 4046 multa
1933 3981 2347 4060 continentur,
2402 3986 2475 4048 ut
2521 3985 2698 4067 patet
2745 4004 2816 4048 61

347 4086 529 4150 dictis
575 4110 637 4148 ».

432 4185 613 4258 338.
648 4188 842 4252 Porro
890 4207 1031 4252 cum
1079 4207 1125 4251 s.
1176 4187 1531 4270 Alphonsus
1577 4187 1683 4250 lib.
1735 4189 1796 4251 3.
1848 4208 1907 4251 n.
1960 4187 2019 4249 6.
2062 4186 2435 4250 36316311313
2485 4186 2814 4252 Auctoris:
2913 4212 2915 4214 ’

345 4291 807 4374 exprimendum
838 4309 967 4355 esse
1000 4290 1063 4353 in
1089 4289 1485 4364 confessione,
1516 4309 1592 4353 an
1618 4290 1929 4354 invocatio
1957 4289 2274 4354 daemonis
2320 4308 2603 4370 expressa
2627 4291 2818 4355 fuerit

348 4393 440 4456 vel
483 4393 815 4476 implicita,
849 4392 1017 4456 dicat
1063 4412 1200 4457 eam
1249 4392 1468 4456 melius
1520 4392 1786 4474 probari,
1837 4411 1908 4456 eo
1957 4391 2121 4472 quod
2169 4391 2482 4455 invocatio
2531 4411 2814 4474 expressa

352 4515 525 4580 saepe
549 4497 845 4562 adiuncta
868 4496 1057 4560 habet
1076 4497 1199 4560 alia
1221 4497 1492 4578 peccata,
1516 4496 1838 4572 haeresim,
1869 4495 2294 4559 adorationem
2320 4494 2637 4559 daemonis
2662 4497 2812 4557 etc.:

355 4599 491 4664 hinc
526 4600 690 4665 idem
723 4619 773 4664 s.
805 4600 1039 4664 Doctor
1069 4619 1211 4663 cum
1245 4598 1547 4663 Salmant.
1583 4601 1660 4662 tr.
1696 4599 1803 4662 21.
1840 4619 1889 4662 c.
1932 4599 2031 4660 11.
2059 4617 2119 4661 3.
2149 4598 2254 4659 29.
2288 4615 2457 4678 361111.
2493 4595 2810 4679 probabile
