3497 5147
332 380 476 457 [204]
977 394 1064 434 mn
1100 393 1525 436 semimersam
1562 393 1810 441 QUAMA
1849 395 2178 437 omne-xmo
2693 383 2797 439 153

425 492 604 573 Quod
630 491 807 556 addit
827 491 902 556 A.
922 490 1244 555 ordinarie
1270 490 1481 555 adesse
1504 509 1640 554 eam
1666 492 2129 576 obligationem,
2149 494 2413 558 refertur
2435 496 2797 578 praesertim

335 595 412 660 ad
460 614 695 671 casum,
755 612 878 676 quo
923 593 1211 658 liberatio
1260 592 1517 657 alterius
1566 593 1644 657 ab
1690 595 1962 658 extrema
2018 596 2381 659 necessitate
2428 616 2550 661 non
2606 599 2800 682 exigit

334 717 525 783 grave
564 696 817 779 aliquod
854 695 1261 779 dispendium.

446 836 614 888 XXX.
641 838 790 900 Resp.
820 835 868 887 4.
899 833 1158 887 Probabile
1189 840 1280 896 est,
1307 834 1437 900 quod
1478 833 1702 899 proximo
1739 833 1790 887 in
1814 833 1955 898 gravi
1982 834 2270 888 necessitate
2301 835 2567 890 constituto
2595 836 2801 904 quisque

340 928 565 974 teneatur
601 918 868 973 subvenire
901 933 1015 971 cum
1048 917 1240 971 modico
1267 917 1559 971 detrimento
1598 917 1787 985 proprii
1812 927 1993 983 status;
2022 919 2133 985 quia
2174 934 2327 985 parvo
2363 935 2453 973 suo
2491 921 2801 975 incommodo

336 1012 531 1059 tenetur
553 1019 777 1069 magnum
799 1003 1162 1057 incommodum
1183 1001 1393 1069 proximi
1412 1002 1660 1071 impedire.
1675 1006 1946 1069 Laym.1.c.
1962 1019 2021 1057 ex
2043 1021 2084 1058 s.
2100 1007 2274 1059 Tbom.
2293 1007 2408 1059 Bon.
2425 1008 2475 1058 d.
2491 1009 2541 1059 3.
2557 1022 2604 1073 q.
2620 1007 2669 1059 4.
2685 1022 2733 1072 ρ.
2748 1007 2799 1059 6.

429 1105 610 1179 203.
644 1108 824 1173 Hanc
854 1106 1200 1171 doctrinam
1245 1105 1320 1170 A.
1354 1108 1623 1190 sumpsit
1652 1126 1725 1171 ex
1761 1107 2081 1192 Laymann
2112 1108 2219 1172 lib.
2256 1111 2315 1172 2.
2352 1109 2429 1173 tr.
2464 1110 2524 1172 3.
2566 1129 2699 1192 cap.
2734 1111 2796 1175 6.

339 1233 395 1276 n.
430 1215 515 1288 4.,
551 1211 659 1292 qui
695 1214 906 1275 tamen
937 1229 1060 1275 non
1092 1209 1375 1274 absolute
1405 1210 1469 1273 id
1500 1211 1889 1293 pronunciat,
1928 1211 2034 1276 sed
2066 1211 2408 1276 adhibendo
2440 1232 2654 1276 vocem
2691 1213 2803 1277 du·

338 1314 664 1379 bitationis
695 1313 988 1377 «vaccar
1007 1312 1486 1376 szwcurrendum
1510 1337 1571 1376 ».
1599 1313 1744 1377 Ideo
1762 1314 1980 1378 auctor
1998 1314 2151 1378 dicit
2168 1314 2494 1395 probabile
2524 1318 2794 1380 tantum.

339 1415 517 1481 Hanc
549 1415 896 1480 doctrinam
928 1413 1133 1480 tenuit
1163 1413 1465 1496 Vasquez‚
1499 1416 1574 1479 ut
1604 1416 1782 1498 patet
1811 1435 1883 1480 ex
1913 1415 2096 1480 dictis
2133 1436 2192 1479 n.
2234 1417 2383 1480 200.

427 1516 673 1582 Sincere
708 1519 919 1582 autem
955 1515 1278 1581 fatendum
1309 1519 1423 1594 est,
1459 1536 1506 1580 s.
1542 1518 1868 1595 Thomam,
1904 1518 2012 1599 qui
2051 1539 2085 1582 a
2119 1518 2439 1602 Laymann
2467 1518 2797 1602 allegatur,

344 1624 402 1686 2.
433 1624 493 1685 2.
521 1642 580 1704 q.
607 1622 713 1684 32.
741 1622 860 1685 art.
896 1620 978 1700 6.,
1006 1620 1161 1683 nihil
1185 1619 1258 1685 de
1290 1621 1404 1684 hac
1436 1641 1502 1684 re
1524 1621 1770 1695 habere,
1798 1620 1903 1684 sed
1933 1620 2190 1685 disserte
2222 1620 2438 1698 dicere,
2465 1621 2630 1703 quod
2654 1621 2802 1686 dare

339 1726 793 1810 eleemosynam
822 1724 897 1787 de
926 1724 1284 1788 necessariis
1333 1722 1409 1787 ad
1456 1724 1714 1801 statum,
1752 1725 1847 1787 est
1893 1723 2134 1798 bomon,
2171 1723 2276 1787 sed
2316 1742 2436 1788 non
2472 1722 2640 1788 cadit
2685 1725 2800 1788 sub

344 1830 767 1910 praeceptum:
803 1852 838 1884 «
861 1826 1003 1890 Alio
1028 1825 1212 1890 modo
1238 1825 1465 1889 dicitur
1490 1825 1725 1906 aliquid
1758 1845 1888 1890 esse
1912 1825 2344 1902 necessarium,
2379 1825 2508 1889 sine
2532 1844 2655 1906 quo
2680 1844 2802 1889 non

348 1931 560 2013 potest
590 1929 1016 1993 convenienter
1043 1929 1173 1992 vita
1205 1926 1472 2011 transigi
1503 1927 1841 1992 secundum
1864 1927 2280 1992 conditionem
2312 1928 2375 1991 et
2406 1928 2644 1991 statum
2669 1945 2805 2010 pro-

344 2032 518 2115 priae
550 2049 842 2114 personae
871 2032 935 2095 et
966 2030 1232 2094 aliarum
1269 2048 1690 2112 personarum,
1725 2049 1992 2111 quarum
2023 2049 2171 2094 cura
2218 2028 2539 2093 incumbit.
2574 2029 2804 2094 Huius-

339 2133 510 2198 modi
549 2133 877 2198 necessarii
915 2133 1217 2198 terminus
1248 2151 1368 2197 non
1401 2134 1497 2197 est
1542 2132 1605 2196 in
1651 2133 2078 2197 indivisibili...
2128 2134 2220 2196 De
2268 2132 2622 2197 huiusmodi
2655 2151 2802 2215 ergo

333 2236 796 2329 eleemosynam
850 2235 996 2300 dare
1052 2236 1148 2300 est
1207 2235 1438 2299 bonum
1486 2237 1551 2300 et
1585 2253 1709 2300 non
1756 2234 1925 2298 cadit
1970 2235 2086 2298 sub
2142 2237 2485 2317 praecepto,
2536 2234 2641 2297 sed
2688 2236 2804 2299 sub

331 2339 597 2403 oonsilio
629 2363 692 2401 >.

421 2441 644 2524 Neque
691 2442 913 2505 melius
961 2442 1272 2525 allegatur
1318 2440 1633 2506 Bonacina
1663 2440 1820 2522 disp.
1856 2440 1916 2502 3.
1952 2459 2010 2521 q.
2062 2439 2123 2502 4.
2157 2439 2367 2520 punct.
2404 2439 2463 2500 6.
2497 2458 2599 2502 nn.
2642 2440 2700 2501 5.
2738 2439 2798 2502 6.

332 2544 498 2610 Nam
539 2545 854 2610 Bonacina
897 2545 1033 2630 agit
1067 2543 1141 2609 de
1173 2544 1501 2627 superfluis
1532 2544 1728 2609 bonis.
1763 2545 1862 2608 Ita
1908 2543 2048 2607 ille:
2090 2567 2124 2601 «
2158 2542 2539 2624 Respondeo,
2574 2560 2685 2608 nos
2716 2544 2804 2607 te-

331 2651 467 2714 neri
497 2649 576 2713 de
609 2648 954 2729 superfluis
989 2650 1152 2711 vitae
1198 2652 1258 2712 et
1299 2649 1496 2711 statui
1538 2647 1737 2712 facere
1784 2648 2238 2731 eleemosynam
2283 2646 2562 2729 proximo
2612 2645 2804 2710 etiam

326 2755 508 2817 extra
547 2752 980 2817 necessitatem
1013 2751 1209 2835 ipsius
1240 2752 1577 2815 extremam
1614 2749 1714 2814 vel
1759 2750 1938 2830 quasi
1982 2750 2339 2824 extremam,
2374 2766 2485 2812 seu
2530 2747 2593 2812 in
2641 2766 2805 2812 com-

327 2856 509 2919 muni
545 2857 666 2918 aut
697 2855 876 2938 gravi
913 2872 1257 2936 pauperum
1287 2852 1651 2917 necessitate
1684 2877 1744 2915 ».

417 2958 596 3043 Ergo
630 2975 753 3022 non
784 2956 1029 3020 videtur
1059 2957 1211 3020 haec
1242 2954 1544 3038 obligatio
1581 2954 1970 3037 imponenda,
2005 2952 2111 3017 sed
2141 2952 2443 3018 utendum
2473 2954 2570 3016 est
2598 2953 2806 3017 horta·

327 3060 643 3136 tionibus,
681 3060 756 3122 ut
787 3077 858 3123 ex
889 3058 1145 3123 consilio
1177 3057 1240 3120 id
1271 3056 1524 3134 faciant,
1562 3056 1683 3121 nisi
1720 3056 1994 3121 familiae
2024 3056 2186 3120 bono
2219 3055 2402 3120 obsit.

1272 3233 1383 3298 Ea:
1413 3212 1597 3298 dictis
1633 3232 1872 3316 colliye.

432 3381 643 3434 ΧΧΧΙ.
668 3381 714 3430 i.
745 3377 978 3431 Homines
1006 3375 1183 3444 privati
1210 3392 1305 3431 non
1344 3383 1568 3431 tenentur
1590 3375 1839 3441 inquirere
1865 3389 2123 3441 pauperes,
2144 3375 2298 3440 Vasq.
2326 3381 2417 3427 etc.
2445 3373 2495 3426 Si
2523 3380 2683 3427 tamen
2721 3376 2805 3427 du-

314 3467 478 3521 bitent
517 3468 591 3519 de
628 3472 847 3517 extrema
888 3461 1096 3516 alicuius
1132 3460 1415 3526 indigentia,
1449 3468 1675 3514 tenentur
1713 3458 1956 3524 inquirere
1997 3458 2271 3512 veritatem.
2301 3459 2477 3509 Sancti.
2511 3458 2648 3510 Dian.
2678 3474 2724 3524 p.
2752 3461 2802 3511 5.

308 3559 374 3606 tr.
410 3555 464 3606 8.
494 3567 536 3604 r.
570 3551 662 3603 39.

409 3670 616 3747 204.
654 3674 756 3737 Ita
802 3692 851 3736 S.
900 3672 1122 3736 Thom.
1170 3669 1455 3750 Quodlib.
1507 3669 1567 3732 8.
1618 3669 1736 3731 art.
1776 3668 1910 3730 la:
1967 3692 2001 3723 ⁴<
2033 3665 2162 3729 Nec
2206 3667 2453 3730 tenetur
2498 3665 2805 3747 inquirere

311 3778 722 3864 (pauperes),
757 3776 902 3859 quia
933 3777 1052 3841 hoc
1096 3776 1258 3840 esset
1303 3774 1486 3837 nimis
1532 3791 1742 3857 grave,
1777 3770 1941 3853 quod
1989 3770 2061 3833 de
2110 3770 2393 3834 omnibus
2432 3771 2805 3853 pauperibus

318 3882 690 3966 inquireret
720 3879 783 3943 et
813 3878 1137 3962 praecipue
1174 3897 1317 3942 cum
1365 3876 1441 3940 ad
1488 3895 1649 3952 eum,
1691 3874 1800 3956 qui
1846 3873 2279 3938 necessitatem
2326 3874 2584 3955 patitur,
2626 3874 2809 3957 perti-

311 3988 493 4061 neat,
531 3984 619 4047 ut
655 3982 1085 4046 necessitatem
1116 3998 1296 4044 suam
1327 3980 1593 4061 exponat
1625 4002 1687 4041 ».

411 4093 723 4173 Vasquez
753 4090 963 4153 tamen
1013 4086 1177 4169 apud
1225 4086 1386 4149 Viva
1423 4086 1487 4149 in
1518 4085 1701 4167 Prop.
1745 4085 1849 4147 12.
1883 4084 2091 4148 Innoc.
2126 4082 2236 4147 XI.
2270 4103 2329 4146 n.
2370 4084 2431 4147 2.
2472 4083 2588 4147 hoc
2635 4084 2814 4166 ponit

315 4198 679 4263 discrimen
709 4192 873 4256 inter
902 4191 1096 4255 laicos
1143 4192 1206 4254 et
1252 4188 1715 4264 ecclesiasticos,
1768 4187 1932 4269 quod
1977 4186 2123 4251 laici
2154 4205 2275 4250 non
2309 4187 2639 4250 teneantur
2675 4205 2814 4270 per-

312 4302 585 4385 quirere
641 4312 961 4377 pauperes,
993 4294 1068 4356 ut
1115 4292 1566 4375 eleemosynam
1614 4290 2020 4375 elargiantur,
2062 4287 2165 4352 sed
2212 4287 2501 4363 sufficiat,
2537 4288 2589 4352 si
2635 4289 2812 4353 illam

308 4400 606 4487 erogant
658 4396 1050 4480 pauperibus,
1084 4394 1192 4476 qui
1239 4393 1487 4459 obviam
1532 4393 1719 4468 fiunt3
1769 4410 1944 4456 secus
1991 4409 2134 4455 vero
2185 4389 2600 4468 ecclesiastici,
2642 4410 2812 4472 prae·

308 4506 548 4571 sertim
585 4498 904 4582 Episcopi,
940 4497 1048 4579 qui
1079 4496 1226 4561 sunt
1257 4496 1463 4580 patres
1500 4513 1843 4578 pauperum
1875 4517 1937 4556 ».

406 4603 608 4686 Quod
642 4620 790 4665 vero
838 4598 1049 4664 subdit
1095 4599 1191 4675 A.,
1227 4596 1393 4679 quod
1438 4599 1727 4661 teneatur
1770 4595 2077 4676 inquirere
2124 4593 2197 4656 de
2244 4594 2508 4656 veritate
2539 4591 2662 4667 ille,
2698 4592 2807 4671 qui
