3497 5147
321 375 451 446 [517]
978 386 1129 434 Qum
1165 387 1244 426 m·
1279 385 1641 434 Quo‘rm’mrx
1678 388 2075 435 Bnnsrnmun
2649 381 2757 438 397

411 487 488 538 Vt.
517 486 564 537 4.
597 486 905 550 Btaspbemat
938 482 1055 537 item
1095 481 1177 548 qni
1201 481 1375 546 iratus»,
1402 482 1496 536 etsi
1520 497 1616 537 non
1642 491 1811 538 eontra
1842 487 2014 548 Deum,
2042 488 2130 540 sed
2156 496 2321 541 contra
2366 487 2491 542 alios
2522 498 2604 543 aut
2641 491 2754 553 alia,

315 573 462 627 andem
488 576 650 623 tamen
677 567 808 622 serio
832 572 1031 634 proteu-t,
1059 580 1184 634 qnae
1206 580 1269 622 ex
1294 581 1381 622 sua
1409 566 1760 632 significatione
1788 577 1872 625 ant
1910 574 2056 628 modo
2096 572 2329 638 loquendi
2356 588 2412 628 ac
2439 574 2755 630 circumstan-

314 656 387 712 tiis
406 655 661 723 important
684 651 1070 707 imminutionem
1094 651 1249 705 divini
1276 652 1479 707 honoris
1503 660 1589 707 aut
1614 652 1833 721 imperii;
1864 654 1975 708 ticet
1995 655 2125 710 enim
2157 670 2264 710 enm
2293 672 2388 712 non
2414 658 2634 713 intendat
2663 663 2755 714 tor·

313 739 500 802 ritaliter,
524 737 733 793 intendit
757 745 917 791 tamen
939 735 1174 791 indirecte
1199 745 1248 790 et
1288 737 1592 791 virtualiter:
1618 738 1845 804 quamvis
1882 738 1932 792 id
1959 755 2021 793 ex
2051 740 2365 809 subreptione
2393 757 2539 810 saepe
2583 745 2646 799 sit
2674 759 2754 798 ve·

313 825 421 879 niate
457 831 659 888 tantum,
686 821 729 876 si
764 828 949 875 tantum
988 820 1305 875 materialiter
1345 823 1443 876 nat.

388 968 536 1042 516.
566 970 857 1047 Adverte‚
907 969 1011 1054 agi
1055 969 1129 1034 de
1167 969 1413 1043 verbis,⁹
1439 989 1598 1052 quae
1642 990 1714 1036 ex
1761 972 1860 1036 sui
1906 972 2361 1056 significatione
2412 979 2526 1041 aut
2568 978 2753 1044 modo

305 1074 577 1157 loquendi
624 1075 740 1138 etc.
773 1073 1117 1156 important
1147 1071 1590 1137 detractionem
1622 1072 1819 1138 divini
1852 1075 2104 1140 honoris
2141 1095 2252 1141 seu
2276 1077 2755 1161 improperium.

306 1178 379 1243 Et
404 1179 463 1242 in
494 1177 613 1242 hoc
641 1194 928 1260 praesens
972 1175 1270 1240 resolutio
1309 1174 1513 1239 differt
1539 1175 1618 1239 ab
1642 1175 1784 1240 aliis
1822 1197 1880 1241 v.
1906 1197 1999 1260 gr.
2029 1197 2065 1242 a
2099 1180 2169 1242 9⁸
2207 1182 2512 1262 sequenti.
2548 1182 2758 1246 Inten-

305 1279 459 1344 ditur
502 1281 716 1344 autem
761 1277 873 1342 illa
904 1276 1203 1342 detractio
1241 1275 1569 1354 indirecte3
1598 1278 1746 1361 quia
1777 1281 1991 1344 teneor
2021 1300 2235 1347 cavere
2277 1300 2314 1346 a
2345 1283 2569 1358 verbis
2597 1304 2756 1365 quae

303 1383 359 1446 in
396 1382 504 1446 Dei
543 1379 987 1465 improperium
1032 1379 1269 1455 cedant,
1318 1378 1466 1444 licet
1509 1378 1737 1445 directe
1785 1382 1900 1447 hoc
1931 1400 2054 1446 non
2101 1384 2443 1448 intendam.
2473 1385 2753 1468 Exempli

304 1503 387 1570 gr.
425 1485 475 1549 si
504 1483 648 1566 quis
685 1481 919 1548 Christi
956 1484 1069 1546 aut
1102 1481 1340 1546 Mariae
1377 1500 1601 1546 nomen
1633 1483 1848 1547 efferat
1884 1503 2028 1548 cum
2060 1485 2360 1550 nominali
2409 1486 2752 1552 desinentia

304 1587 537 1669 propria
568 1585 961 1667 contemptus
993 1586 1109 1648 etc.

384 1689 469 1752 De
492 1687 888 1770 subreptione
922 1685 1103 1750 infra.
1142 1683 1435 1750 Ceterum
1480 1705 1700 1752 revoca
1733 1687 2103 1770 principium
2138 1689 2441 1773 generale,
2476 1690 2606 1755 scil.
2640 1691 2753 1754 im-

302 1790 725 1873 perfectionem
762 1790 940 1854 actus
975 1789 1119 1871 plns
1152 1787 1436 1853 minusve
1470 1808 1758 1854 excusare
1785 1809 1821 1854 a
1852 1791 2120 1855 malitia.

410 1948 509 2002 Vll.
548 1948 596 2000 5.
635 1948 684 2000 111
722 1944 1028 2000 confessione
1064 1944 1435 2012 exprimendum
1475 1953 1564 2010 est,
1608 1946 1650 1999 si
1689 1946 1799 2013 quis
1840 1950 1994 2014 <quod
2034 1956 2191 2002 tamen
2231 1963 2347 2003 raro
2388 1949 2644 2016 contingit)
2681 1949 2752 2004 di-

300 2037 427 2085 recte
462 2037 508 2085 et
548 2028 813 2085 formaliter
850 2031 1006 2084 Deum
1030 2027 1323 2083 inhonorare
1360 2028 1639 2097 intenderit,
1666 2037 1748 2086 ant
1790 2032 1834 2086 ei
1876 2032 2143 2087 formaliter
2179 2033 2336 2088 iratus
2373 2033 2535 2088 merit.
2575 2037 2746 2100 Laym.

295 2119 382 2171 loc.
415 2116 493 2171 eit.

378 2236 525 2311 517.
556 2243 632 2305 111
654 2242 769 2305 hac
794 2260 859 2305 re
883 2239 1154 2323 quidam,
1182 2243 1256 2305 ut
1286 2239 1462 2326 Gury
1484 2243 1637 2306 tom.
1670 2242 1726 2305 1.
1752 2242 1808 2325 g.
1845 2243 2016 2321 299„
2051 2242 2449 2329 distinguunt
2471 2244 2751 2327 blasphe-

290 2343 471 2410 miam
516 2344 583 2408 in
630 2344 932 2409 directam
986 2345 1049 2408 et
1102 2342 1471 2408 *ludii-cctam
1517 2347 1581 2409 et
1626 2364 1787 2419 eam,
1834 2345 1908 2410 de
1955 2365 2081 2428 qua
2125 2345 2324 2432 mune,
2389 2350 2614 2412 vocant
2659 2347 2750 2410 de·-

288 2450 525 2512 rectam.

373 2549 543 2632 Quod
576 2551 700 2616 hoc
731 2550 815 2616 sit
846 2548 1307 2634 exprimendum
1337 2550 1399 2614 in
1446 2550 1845 2630 confessione,
1879 2550 2116 2617 Auctor
2162 2550 2401 2616 nullam
2435 2551 2609 2617 addit
2655 2572 2751 2618 ra-

287 2651 529 2735 tionem,
566 2655 678 2719 sed
716 2654 920 2719 solum
959 2654 1193 2739 allegat
1228 2653 1550 2740 Laymann
1581 2653 1688 2719 lib.
1717 2656 1779 2718 4.
1821 2656 1902 2719 tr.
1941 2655 2044 2718 10.
2080 2674 2213 2738 cap.
2265 2655 2325 2719 6.
2367 2658 2568 2719 11.·12.

364 2755 451 2821 At
497 2757 669 2822 enim
707 2756 869 2821 ratio
908 2775 945 2820 a
974 2755 1295 2841 Laymann
1329 2755 1522 2821 allata
1548 2758 1644 2820 est
1696 2780 1731 2817 ‹
1763 2758 1913 2840 quia
1958 2757 2108 2822 haec
2145 2757 2614 2822 circumstantia
2660 2758 2750 2822 in-

282 2857 426 2923 time
474 2860 794 2945 aggravat
839 2860 904 2923 et
948 2860 1138 2945 auget
1184 2858 1538 2942 despectum
1600 2860 1664 2923 et
1731 2859 2270 2925 inhonorationem
2318 2861 2455 2936 Dei,
2513 2861 2576 2925 in
2624 2880 2746 2943 qua

278 2964 627 3028 essentialis
667 2961 913 3027 malitia
941 2961 1359 3044 blasphemiae
1391 2961 1679 3025 consistit
1710 2987 1772 3027 ».
1808 2962 2044 3027 Verum
2091 2982 2162 3027 eo
2200 2964 2356 3046 ipso,
2392 2962 2557 3045 quod
2579 2983 2746 3028 mere

278 3067 587 3150 aggravat
635 3065 702 3129 et
746 3064 959 3131 eadem
987 3065 1199 3128 manet
1230 3064 1577 3128 essentialis
1609 3064 1856 3130 malitia
1889 3085 2001 3130 seu
2031 3066 2262 3149 species
2294 3066 2550 3150 peccati,
2586 3065 2747 3131 alius

253 3156 442 3233 'iuxta
489 3166 884 3252 probabilem
938 3168 1001 3231 et
1046 3169 1254 3231 tutam
1285 3165 1677 3244 sententiam,
1717 3167 1975 3252 negabit
2019 3168 2180 3232 hanc
2209 3167 2746 3232 circumstantiam

272 3286 396 3335 esse
428 3269 786 3335 necessario
818 3266 1295 3352 exprimendam.

355 3370 416 3437 S.
450 3372 821 3457 Alphonsus
853 3371 918 3435 in
949 3370 1169 3435 notula
1206 3370 1266 3433 h.
1293 3371 1336 3434 l.
1376 3390 1435 3435 n.
1477 3372 1621 3435 126.
1652 3373 1917 3456 probans
1951 3372 2298 3437 doctrinam
2331 3366 2651 3449 AuctoriS,
2685 3374 2748 3437 id

267 3492 391 3540 esse
438 3474 506 3539 in
557 3473 943 3539 confessione
974 3472 1457 3557 exprimendum,
1494 3473 1668 3538 addit
1709 3476 1856 3539 baec
1887 3475 2103 3538 verba:
2161 3499 2197 3533 ‹
2231 3472 2390 3552 Cum
2433 3477 2748 3539 communi

268 3577 428 3660 apud
482 3575 688 3644 Salm.
722 3576 906 3641 tract.
941 3576 1046 3639 21.
1081 3594 1212 3658 cap.
1249 3576 1309 3638 3.
1345 3594 1403 3638 11.
1459 3576 1606 3638 123.
1642 3595 1784 3640 cum
1831 3576 2000 3639 Less.
2050 3576 2157 3640 lib.
2201 3577 2260 3639 2.
2296 3595 2346 3639 c.
2400 3578 2504 3639 45.
2539 3596 2599 3639 n.
2640 3576 2746 3641 33.

264 3676 471 3759 Secus,
515 3679 574 3745 si
626 3679 879 3744 tantum
911 3698 982 3743 ex
1019 3678 1113 3742 ira
1144 3677 1534 3761 blasphemet
1566 3703 1627 3741 ».
1662 3677 1722 3763 S.
1764 3677 2154 3761 Alphonsum
2186 3677 2470 3760 sequitur
2503 3675 2747 3743 Scavini

264 3783 444 3848 tract.
483 3785 549 3848 5.
579 3782 743 3866 disp.
779 3783 840 3846 3.
874 3801 925 3847 c.
960 3783 1021 3845 2.
1058 3801 1113 3845 a.
1149 3783 1209 3845 2.
1229 3800 1287 3863 q.
1318 3781 1419 3857 3.;
1453 3781 1600 3862 quia
1623 3781 1809 3865 longe
1835 3781 2093 3845 alterius
2128 3782 2390 3847 rationis
2424 3783 2746 3865 peccatum

262 3889 372 3963 est,
408 3907 564 3953 cum
617 3886 771 3953 facis
827 3884 1063 3967 aliquid
1121 3884 1352 3948 directa
1400 3884 1741 3948 intentione
1780 3886 1855 3947 ut
1906 3884 2109 3968 legem
2140 3884 2369 3962 violes3
2420 3888 2536 3951 hoc
2582 3885 2745 3951 enim

265 4006 481 4057 verum
513 3989 684 4073 legis
716 3986 1141 4069 contemptum
1165 3985 1449 4052 includit.

346 4091 602 4156 Verum
654 4090 913 4155 assertio
946 4088 1530 4155 Salmanticensium
1578 4091 1701 4155 alio
1736 4092 1994 4175 spectat.
2031 4091 2360 4173 Inqniunt:
2403 4116 2437 4149 «
2472 4092 2748 4175 Rogabis

261 4212 334 4260 an
399 4212 632 4263 omnes
686 4191 1103 4277 blasphemiae
1151 4192 1278 4258 sint
1338 4193 1611 4259 eiusdem
1673 4194 1917 4277 speciei.
1983 4194 2414 4277 Respondetur
2472 4192 2746 4269 dicendo,

259 4295 696 4383 blasphemias
732 4294 1132 4360 haereticales
1164 4296 1227 4360 et
1258 4313 1328 4359 ex
1354 4296 1493 4360 odio
1526 4296 1635 4360 Dei
1660 4295 2055 4378 procedentes
2089 4313 2218 4359 esse
2250 4294 2527 4359 diversas
2552 4295 2750 4378 specie

262 4399 334 4464 ab
358 4400 508 4466 aliis
540 4398 1031 4482 blasphemiis».
1061 4397 1143 4461 Et
1166 4398 1470 4463 rationem
1498 4398 1733 4462 addunt
1758 4399 1907 4480 quia
1939 4398 2345 4462 haereticales
2380 4399 2528 4462 sunt
2560 4397 2750 4462 etiam

264 4505 477 4567 contra
530 4499 763 4577 fidem3
797 4498 1191 4583 procedentes
1230 4502 1442 4564 autem
1489 4519 1559 4564 ex
1608 4499 1748 4564 odio
1799 4501 1947 4565 sunt
1993 4502 2209 4565 contra
2257 4488 2563 4564 virtutem
2603 4500 2754 4564 cari-

264 4604 408 4670 tatis
458 4623 627 4690 erga
682 4603 897 4667 Deum.
930 4601 1063 4667 Nos
1100 4605 1311 4668 autem
1358 4602 1541 4667 modo
1587 4602 1905 4683 loquimur
1942 4602 2014 4666 de
2048 4602 2275 4666 directe
2310 4602 2408 4666 vel
2456 4601 2752 4665 indirecte
