3497 5147
431 337 611 413 [1138]
1069 356 1152 395 nr:
1187 354 1402 398 causrs
1439 356 1896 400 Excusmrrnus
1935 360 1974 399 A
2013 362 2251 404 mmmo
2786 355 2897 409 853

527 450 818 516 Ceterum
851 452 1160 517 interdum
1193 455 1396 536 reipsa
1428 455 1519 531 fit,
1555 457 1629 519 ut
1674 457 1794 520 viri
1824 457 2253 541 indignentur:
2289 462 2436 543 quia
2483 463 2768 528 videlicet
2812 466 2895 529 ti-

437 557 611 620 ment
643 555 983 619 valetudini
1017 575 1278 620 uxorum
1314 558 1427 621 aut
1456 558 1679 622 nolunt
1711 577 1814 623 eas
1847 561 2070 625 habere
2102 563 2297 627 macie
2329 564 2653 630 confectas.

526 657 586 721 S.
616 657 974 741 Alphonsus
998 657 1145 722 ibid.
1170 658 1358 723 refert
1382 660 1446 722 et
1475 677 1690 724 eorum
1722 664 2113 739 sententiam,
2142 665 2250 744 qui
2281 669 2576 731 excusant
2600 668 2890 750 puellam,

434 780 591 843 quae
629 763 891 841 quaerat
930 761 1229 824 maritum
1266 762 1331 825 et
1366 761 1694 827 ieiunando
1742 764 1966 828 timeat
2000 766 2362 830 notabiliter
2392 767 2742 832 deformari.
2777 769 2893 834 Sed

435 863 703 946 (subdit)
735 865 899 927 recte
930 860 1114 927 Croix
1147 863 1435 941 advertit,
1471 864 1572 927 vix
1608 864 1670 927 in
1718 866 1894 947 praxi
1940 885 2070 929 esse
2102 867 2451 948 probabile:
2485 889 2626 933 cum
2665 871 2767 934 vix
2800 891 2894 936 ac-

433 966 600 1029 cidat
645 965 797 1028 haec
841 964 1136 1028 notabilis
1184 964 1550 1030 deformatio
1600 968 1852 1048 propter
1897 967 2205 1033 Ecclesiae
2251 970 2497 1035 ieiunia.

520 1068 725 1143 Hisce,
767 1066 863 1130 uti
895 1068 1090 1150 patet,
1123 1086 1234 1130 nec
1270 1086 1318 1131 s,
1346 1068 1705 1149 Alphonsus
1738 1090 1848 1133 nec
1879 1067 2060 1134 Croix
2094 1074 2394 1154 respuunt
2424 1093 2531 1155 per
2561 1093 2625 1138 se
2656 1076 2896 1138 senten-

436 1170 624 1246 tiam:
666 1168 771 1233 sed
808 1169 1011 1233 solum
1041 1172 1310 1244 censent,
1337 1170 1496 1234 hanc
1533 1171 1929 1254 hypothesim
1960 1172 2062 1236 vir
2096 1173 2427 1254 aliquando
2460 1175 2660 1257 reipsa
2683 1177 2891 1241 locum

433 1272 808 1335 habituram.
837 1271 1067 1335 Verum
1092 1289 1212 1335 non
1239 1273 1335 1335 est
1355 1273 1602 1354 proprie
1632 1273 2071 1350 controversia,
2097 1293 2246 1337 num
2270 1293 2412 1339 raro
2439 1295 2517 1339 an
2541 1277 2893 1358 frequenter

431 1392 609 1438 casus
650 1373 905 1449 accidat,
940 1373 1045 1437 sed
1076 1374 1223 1455 quid
1255 1374 1320 1436 in
1367 1393 1513 1438 casu
1553 1374 1960 1439 sentiendum.
1989 1375 2236 1459 Fingite
2269 1377 2560 1458 puellam,
2596 1398 2754 1459 quae
2787 1398 2892 1444 no-

436 1477 597 1541 verit
617 1477 734 1539 hoc
763 1476 969 1541 solum
998 1475 1235 1558 nuptiis
1267 1476 1544 1540 honestis
1573 1477 1949 1558 paciscendis
1976 1479 2240 1554 obstare,
2268 1479 2432 1560 quod
2456 1480 2530 1544 de
2554 1480 2733 1545 firma
2758 1482 2889 1547 eius

431 1578 784 1642 valetudine
813 1577 1132 1641 dubitetur
1169 1578 1353 1658 idque
1385 1598 1456 1641 ex
1487 1577 1643 1642 facie
1674 1579 2039 1655 diudicetur,
2073 1598 2144 1642 ex
2176 1581 2379 1645 colore
2411 1584 2525 1645 etc.

516 1682 742 1745 Merito
790 1682 1002 1744 autem
1048 1699 1095 1743 s,
1137 1680 1321 1762 Alph.
1362 1682 1427 1743 et
1466 1677 1810 1744 Croix-non
1842 1681 2345 1745 contradixerunt
2382 1682 2475 1745 illi
2507 1686 2882 1763 sententiae:

434 1786 580 1867 quia
618 1801 726 1866 pro
758 1783 966 1866 puella
998 1782 1209 1865 agitur
1238 1782 1313 1846 de
1345 1800 1590 1845 summa
1620 1801 1847 1846 rerum.

513 1886 704 1951 Addit
749 1904 798 1949 s,
848 1886 1205 1968 Alphonsus
1250 1884 1429 1949 ibid.:
1485 1909 1521 1942 «
1555 1884 1720 1948 Bene
1768 1888 1979 1949 autem
2025 1887 2396 1950 excusantur
2440 1886 2578 1965 viri,
2629 1888 2682 1951 si
2726 1888 2883 1952 ieiu-

424 1990 626 2054 nando
675 2006 796 2052 non
842 1990 1095 2071 possent
1136 1987 1433 2051 uxoribus
1479 1987 1607 2050 suis
1646 1986 1927 2050 debitum
1972 1986 2219 2051 reddere
2264 1987 2417 2069 (qua
2463 1988 2537 2051 de
2584 2008 2649 2053 re
2693 1990 2767 2053 A.
2817 1990 2881 2054 in

425 2094 487 2155 3.
522 2092 765 2173 causa):
803 2090 986 2167 rati0,
1028 2089 1176 2171 quia
1222 2091 1618 2172 praeceptum
1656 2090 1943 2152 naturale
1987 2090 2265 2153 iustitiae
2303 2090 2484 2154 debet
2529 2093 2881 2174 praevalere

426 2195 748 2276 praecepto
785 2194 1056 2257 humano
1088 2193 1303 2257 ieiunii
1334 2216 1396 2255 ».
1431 2191 1734 2256 Videlicet
1763 2211 1886 2255 non
1919 2211 2091 2256 secus
2125 2213 2196 2257 ac
2225 2195 2472 2257 tenetur
2505 2196 2812 2261 abstinere
2844 2218 2880 2262 a

427 2295 675 2371 ieiunio,
715 2295 768 2358 si
806 2294 1112 2376 impotens
1158 2294 1332 2359 fieret
1377 2293 1455 2358 ad
1501 2313 1641 2357 eum
1680 2293 1976 2372 laborem,
2009 2313 2132 2376 quo
2181 2297 2528 2360 sustentare
2574 2297 2879 2364 familiam

421 2396 619 2461 debet.

508 2499 766 2565 Addunt
796 2498 1240 2582 quaestionem,
1276 2518 1355 2562 an
1392 2499 1693 2564 alteruter
1722 2500 1946 2564 coniux
1977 2502 2321 2578 excusetur,
2353 2503 2429 2565 ut
2473 2504 2674 2586 possit
2709 2523 2879 2587 prae-

424 2607 591 2668 terea
639 2605 843 2684 petere
889 2602 1053 2664 idem
1098 2602 1396 2666 debitum.
1429 2601 1512 2666 Et
1544 2602 1849 2685 siquidem
1880 2605 2190 2686 pensetur,
2229 2622 2371 2668 eum
2419 2608 2708 2687 paratum
2747 2626 2876 2671 esse

424 2707 639 2771 debere
671 2706 745 2770 ad
770 2706 1165 2782 reddendum,
1199 2705 1399 2770 otiosa
1430 2706 1624 2770 videri
1656 2708 1888 2789 poterit
1918 2708 2220 2788 quaestio.
2243 2708 2329 2772 At
2359 2728 2482 2774 non
2506 2711 2626 2773 erit
2649 2711 2871 2788 otiosa,

418 2811 473 2873 si
509 2808 784 2891 fingatur
830 2807 1026 2870 altera
1071 2825 1214 2888 pars
1259 2824 1381 2870 non
1412 2809 1642 2888 petens.
1678 2808 1905 2872 Merito
1939 2810 1999 2872 in
2038 2810 2156 2873 hac
2198 2810 2528 2894 hypothesi
2559 2813 2874 2894 probabile

419 2912 571 2975 dicit
616 2930 664 2974 s.
706 2911 1060 2992 Alphonsus
1107 2909 1384 2972 excusari
1429 2927 1590 2984 eum,
1632 2911 1737 2991 qui
1786 2911 1903 2975 nisi
1951 2913 2146 2994 petat,
2179 2912 2280 2976 vel
2324 2932 2548 2995 pravas
2579 2914 2641 2978 in
2676 2915 2872 2980 altero

420 3014 682 3097 coniuge
713 3012 1089 3095 suspiciones
1121 3012 1336 3076 contra
1368 3029 1432 3074 se
1463 3012 1735 3088 excitari,
1771 3014 1868 3075 vel
1902 3014 1978 3076 ad
2015 3015 2498 3080 incontinentiae
2529 3019 2872 3098 periculum

417 3116 637 3181 adduci
672 3115 1048 3200 praevideat.

507 3217 692 3290 1138.
720 3219 937 3300 Quoad
969 3237 1141 3282 senes
1165 3217 1595 3302 sexagenarios
1618 3217 1966 3281 doctrinam
1990 3219 2064 3282 A.
2090 3220 2500 3284 communiter
2524 3240 2559 3283 a
2586 3224 2719 3286 DD.
2748 3226 2872 3287 tra-

419 3324 619 3388 ditam
654 3324 892 3386 fatetur
921 3323 984 3383 et
1015 3321 1239 3403 probat
1267 3339 1316 3383 s.
1351 3321 1707 3402 Alphonsus
1740 3340 1798 3382 n.
1840 3320 2029 3383 1036.

503 3424 716 3503 Quoad
751 3421 1168 3504 exceptionem
1199 3439 1343 3484 vero
1388 3446 1423 3478 ⁴<
1453 3422 1586 3484 nisi
1613 3420 1927 3484 evidenter
1957 3425 2193 3483 constet
2207 3441 2392 3500 posse
2421 3423 2703 3487 ieiunare
2734 3427 2870 3492 sine

415 3525 642 3589 damno
664 3551 728 3599 »,
755 3524 930 3588 addit
950 3541 1000 3587 S.
1026 3522 1401 3604 AlphonsuS,
1436 3522 1600 3603 quod
1633 3522 1777 3585 licet
1797 3523 1938 3602 quis
1967 3527 2128 3585 certe
2151 3523 2442 3587 robvaetus
2469 3526 2868 3606 inveniatur,-

414 3629 623 3691 tamen
654 3646 775 3691 non
806 3626 1013 3689 minus
1038 3642 1168 3688 esse
1201 3623 1580 3706 probabilem
1613 3623 1983 3687 sententiam
2008 3641 2241 3702 eorum,
2268 3626 2376 3705 qui
2399 3629 2629 3709 negant
2653 3628 2864 3706 teneri,

416 3728 485 3792 1⁰
517 3728 664 3810 quia
704 3730 836 3792 DD.
877 3726 1268 3793 communius
1314 3727 1648 3798 testantur,
1681 3726 1840 3789 hanc
1877 3743 2007 3789 esse
2039 3726 2577 3791 consuetudinem:
2620 3730 2688 3791 2⁰
2720 3731 2867 3810 quia

415 3850 689 3909 examen,
716 3850 792 3894 an
818 3831 957 3912 quis
980 3831 1066 3894 sit
1088 3848 1227 3893 vere
1252 3829 1343 3892 ita
1366 3828 1684 3900 robustus,
1708 3846 1805 3891 res
1830 3830 1925 3891 est
1955 3826 2214 3890 infinitis
2246 3828 2552 3911 scrupulis
2574 3830 2863 3897 obnoxia:

414 3937 489 4000 3⁰
509 3953 673 4016 quae
698 3934 861 3997 ratio
893 3934 1101 4015 potior
1131 3933 1226 3997 est
1248 3950 1297 3996 s.
1324 3931 1643 4014 Alphonso
1677 3932 1740 3995 et
1772 3932 1867 3994 est
1890 3928 2158 3994 Sanchez
2185 3929 2260 3994 de
2282 3931 2487 3996 Matr.
2513 3932 2555 3996 l.
2588 3933 2644 3997 7.
2672 3934 2728 3997 d.
2758 3936 2863 4001 32.

409 4057 470 4102 n.
504 4038 581 4100 17
590 4083 626 4112 .,
653 4035 801 4116 quia
834 4035 911 4098 ob
942 4034 1173 4098 virium
1204 4032 1694 4098 imbecillitatem
1728 4051 1801 4096 ac
1836 4031 2142 4096 defectum
2171 4033 2418 4111 caloris,
2451 4054 2572 4099 non
2605 4040 2867 4118 possunt

407 4141 508 4204 uti
554 4138 743 4204 simul
789 4137 991 4201 multo
1040 4136 1336 4200 alimento
1384 4138 1571 4217 atque
1619 4134 1771 4199 adeo
1817 4135 2098 4219 indigent
2141 4134 2577 4217 frequentiori:
2611 4139 2683 4200 4⁰
2718 4140 2892 4220 quia·

406 4242 588 4327 vigor
633 4259 705 4304 ac
750 4241 940 4305 robur
983 4239 1047 4302 in
1094 4256 1166 4301 ea
1214 4239 1419 4301 aetate
1463 4238 1821 4301 inconstans
1866 4238 1987 4312 est:
2035 4256 2183 4300 nam
2220 4238 2381 4302 vires
2419 4237 2495 4301 ad
2540 4238 2865 4304 interitum

406 4344 718 4409 declinant
748 4344 813 4406 et
843 4342 896 4406 si
933 4342 998 4405 in
1036 4340 1325 4404 morbum
1371 4339 1666 4416 incidant,
1701 4338 2036 4403 difficiliter
2080 4339 2535 4404 convalescunt.
2570 4342 2652 4405 Et
2688 4342 2867 4408 affert

403 4447 775 4512 sententiam
822 4442 1079 4510 Galeni:
1120 4466 1156 4501 «
1191 4441 1461 4505 Senibus
1504 4441 1704 4505 simili
1744 4441 1989 4504 ratione
2018 4445 2204 4521 atque
2249 4441 2352 4518 iis,
2387 4444 2498 4522 qui
2533 4463 2611 4507 ea:
2655 4445 2865 4511 morbo

401 4549 857 4624 convalescunt,
896 4548 970 4611 in
1006 4546 1173 4609 victu
1208 4562 1340 4608 esse
1364 4542 1876 4626 prospiciendwn
1905 4567 1965 4606 ».
