3497 5147
676 355 784 409 794
963 368 1174 409 mor.
1204 368 1284 408 vr.
1310 366 1472 408 sacr.
1498 367 1605 408 vn.
1635 365 1722 406 nn
1747 366 1983 408 oo‘rAvo
2009 368 2226 409 ramo.
2253 366 2581 409 nmanoor.
2606 368 2750 409 mm.
2780 368 2845 409 11.
2955 351 3144 428 [1071]

678 465 947 547 peccato,
983 464 1038 528 si
1069 463 1311 528 debitae
1357 462 1861 529 circumstantiae
1911 465 2331 530 observentur.
2366 463 2431 529 Si
2462 484 2607 530 vero
2642 465 2867 547 aliquis
2901 484 3020 529 non
3052 484 3146 530 re·

679 566 970 631 formidet
1006 566 1373 631 contristare
1421 585 1583 644 eum,
1632 567 1697 629 in
1729 586 1912 648 quem
1947 567 2256 650 profertur
2299 567 2657 634 huiusmodi
2693 568 2972 633 iocosum
3003 586 3146 632 con-

679 667 925 747 vitium,
959 669 1294 733 dummodo
1335 668 1474 732 aliis
1506 669 1699 733 risum
1734 669 1979 745 excitet,
2019 669 2135 734 hoc
2167 672 2263 734 est
2299 670 2597 735 vitiosum
2629 695 2691 734 ».

770 771 853 835 Et
897 771 1044 835 ibid.
1087 771 1163 835 ad
1198 774 1258 835 2.
1306 795 1339 828 ‹<
1379 770 1554 836 Sicut
1599 771 1842 836 licitum
1891 773 1986 835 est
2033 772 2301 854 aliquem
2348 773 2669 837 verberare
2705 773 2806 836 vel
2851 773 2915 837 in
2961 772 3144 836 rebus

681 873 1076 939 damnificare
1101 893 1288 938 causa
1321 874 1708 956 disciplinae:
1743 873 1837 937 ita
1869 873 2060 938 etiam
2085 893 2273 940 causa
2295 875 2654 959 disciplinae
2677 876 2888 959 potest
2918 875 3144 956 aliquis

682 977 884 1052 alteri,
932 997 1115 1059 quem
1163 977 1345 1041 debet
1390 977 1713 1061 corrigere,
1764 976 2021 1040 verbum
2056 977 2307 1060 aliquod
2339 977 2759 1043 convitiosum
2797 976 3013 1041 dicere.
3061 975 3145 1039 Et

681 1080 799 1143 hoc
843 1078 1027 1143 modo
1076 1078 1381 1142 Dominus
1428 1078 1764 1161 discipulos
1811 1078 2061 1143 vocavit
2106 1078 2331 1143 stultos
2376 1081 2440 1144 et
2485 1080 2831 1162 Apostolus
2880 1078 3143 1144 Galatas

681 1181 1050 1244 insensatos,
1078 1180 1310 1246 Tamen
1337 1181 1500 1245 sicut
1523 1181 1675 1244 dicit
1705 1179 2119 1264 Augustinus,
2153 1201 2304 1246 raro
2335 1184 2399 1246 et
2429 1201 2507 1245 ex
2530 1201 2765 1264 magma
2786 1180 3148 1245 necessitate

683 1281 1146 1363 obiuryationes
1192 1284 1341 1347 sunt
1387 1282 1785 1360 adhibendae,
1837 1282 1898 1345 in
1946 1282 2173 1364 quibus
2219 1302 2340 1349 non
2388 1283 2567 1348 nobis
2613 1283 2720 1348 sed
2759 1283 2833 1346 ut
2878 1281 3144 1348 Domino

684 1383 1012 1458 serviatur,
1045 1384 1348 1449 instemus
1381 1411 1443 1449 ι».

774 1483 1167 1551 Contumelia
1193 1486 1379 1564 fact0,
1406 1488 1730 1571 multiplex
1756 1492 1869 1554 est.
1896 1488 2011 1552 Est
2035 1488 2287 1553 scilicet.
2324 1488 2556 1552 Irrisio
2579 1506 2688 1553 seu
2713 1487 2963 1564 derisio,
2989 1507 3145 1569 quae

686 1590 782 1653 est
818 1589 989 1652 risus
1020 1589 1083 1653 in
1123 1590 1378 1654 alterius
1410 1591 1856 1673 contemptum,
1892 1591 2378 1656 erubescentiam
2411 1592 2475 1655 et
2504 1590 2944 1657 confusionem.

775 1689 1006 1754 Illas-io
1039 1694 1151 1768 est,
1186 1692 1334 1773 quia
1372 1692 1510 1774 quis
1542 1693 1811 1759 ludibrio
1849 1694 2116 1758 habetur
2146 1695 2210 1758 et
2239 1693 2624 1777 contemptui
2655 1693 3001 1777 exponitur,
3027 1712 3148 1757 me-

687 1793 894 1857 diante
927 1793 1139 1875 aliqua
1175 1793 1548 1877 deceptione.
2109 1865 2112 1868 Α

778 1895 1202 1961 Subsannatio
1235 1916 1378 1961 vero
1414 1898 1529 1971 est,
1577 1917 1701 1980 qua
1748 1899 1887 1980 quis
1932 1898 2203 1964 ludibrio
2237 1898 2501 1962 habetur
2539 1899 2602 1962 et
2639 1885 3024 1981 contemptui
3056 1917 3148 1962 ex·

688 1998 959 2082 ponitur,
1002 1999 1418 2063 mediantibus
1450 2001 1730 2084 gestibus
1769 2000 1898 2065 sive
1929 2000 2205 2065 motibus
2238 2001 2532 2083 corporis.

781 2097 968 2170 1071.
1004 2101 1037 2139 *
1074 2102 1207 2165 Iam
1241 2121 1385 2167 vero
1425 2103 1803 2167 contumelia
1836 2122 1946 2167 seu
1983 2105 2305 2186 peccatum
2336 2105 2552 2168 contra
2582 2104 2878 2169 honorem
2909 2105 3024 2179 est,
3060 2102 3150 2167 ait

688 2205 867 2289 Lugo
893 2204 1047 2289 disp.
1083 2205 1188 2269 cit.
1223 2225 1282 2268 n.
1322 2205 1492 2279 192„
1528 2225 1598 2269 ex
1635 2225 1856 2290 genere
1889 2225 2000 2270 suo
2040 2207 2360 2288 peccatum
2391 2205 2597 2270 letale.
2633 2205 2822 2270 Ratio
2854 2206 2967 2283 est,
3002 2205 3148 2287 quia

689 2308 866 2373 affert
911 2308 1352 2372 nocumentum
1400 2309 1677 2389 proximo
1726 2308 1789 2371 in
1837 2309 2015 2373 bonis
2063 2308 2277 2392 magni
2321 2308 2606 2392 ponderis
2640 2309 2704 2372 et
2749 2328 2909 2390 quae
2953 2308 3149 2391 pluris

690 2411 1118 2486 aestimantur,
1160 2430 1349 2492 quam
1384 2429 1546 2493 opeS,
1587 2429 1743 2492 quas
1776 2412 1986 2475 tamen
2024 2411 2260 2474 certum
2309 2412 2404 2474 est
2440 2428 2620 2493 posse
2667 2429 2797 2475 esse
2821 2410 3150 2475 materiam

690 2513 924 2597 peccati
955 2513 1185 2598 gravis,
1221 2512 1435 2597 Solent
1471 2513 1592 2578 huc
1639 2512 1844 2579 afferri
1874 2514 2061 2578 verba
2093 2512 2344 2578 Domini
2377 2512 2610 2579 Matth.
2648 2513 2725 2578 V.
2764 2515 2869 2579 22.
2910 2512 2981 2579 Si
3008 2511 3151 2595 quis

689 2617 926 2680 dixerit
952 2615 1150 2695 fratri
1178 2635 1325 2679 suo:
1354 2613 1544 2694 fatue,
1579 2635 1726 2679 reus
1756 2616 1880 2678 erit
1905 2615 2218 2697 yelzennae
2249 2616 2439 2697 iyniS.
2473 2614 2644 2695 Quae
2675 2617 2886 2681 tamen
2918 2615 3151 2680 Christi

691 2717 1016 2793 sententia,
1046 2719 1120 2782 ut
1148 2717 1561 2803 intelligatur,
1597 2718 2042 2784 advertendum
2074 2720 2169 2781 est
2203 2718 2378 2800 loqui
2409 2719 2748 2783 Dominum
2781 2718 2856 2782 de
2888 2719 3148 2793 actibus,

693 2820 917 2901 quibus
966 2819 1207 2883 animus
1257 2820 1437 2884 alteri
1492 2820 1768 2885 infensus
1815 2821 1984 2885 viam
2031 2820 2227 2884 veluti
2274 2819 2390 2884 sibi
2437 2821 2621 2903 parat
2669 2821 2745 2885 ad
2791 2822 3004 2886 actum
3049 2822 3155 2885 ho-

692 2921 945 2985 micidii.
981 2919 1072 2985 Cf.
1106 2922 1541 2987 Maidonatum
1587 2924 1650 2988 in
1698 2924 1759 2987 h.
1795 2924 1836 2986 l.
1874 2922 2256 3006 Supponitur
2301 2941 2448 3007 ergo
2497 2923 2661 3005 quod
2699 2924 2850 2988 haec
2880 2923 3154 2988 convitia

693 3043 765 3088 ex
813 3023 952 3088 odio
1011 3026 1075 3088 et
1126 3024 1304 3107 pleno
1363 3027 1726 3109 contemptu
1774 3025 2204 3108 proferantur:
2264 3026 2355 3088 ait
2409 3027 2622 3090 autem
2668 3024 2988 3092 Christus:
3037 3027 3156 3092 etsi

695 3128 756 3193 id
819 3129 1065 3191 tantum
1121 3128 1234 3193 fiat
1281 3131 1345 3193 et
1392 3129 1469 3193 ad
1525 3130 1912 3212 postremum
1969 3130 2178 3192 actum
2227 3127 2370 3205 odii,
2430 3129 2537 3211 qui
2583 3130 2678 3194 est
2738 3130 2982 3208 occisio,
3031 3148 3154 3194 non

694 3231 1105 3316 pertingatur,
1154 3231 1281 3294 iam
1329 3232 1652 3314 peccatum
1691 3232 1786 3294 est
1833 3230 2119 3293 mortale.
2168 3230 2344 3295 Unde
2390 3231 2509 3297 rite
2556 3231 2837 3309 infertur,
2888 3232 3053 3315 quod
3103 3233 3156 3297 si

694 3334 1051 3398 huiusmodi
1097 3332 1506 3398 contumeliae
1554 3351 1626 3396 ex
1672 3351 1743 3396 eo
1791 3332 1959 3395 malo
2010 3332 2216 3397 animo
2267 3352 2415 3397 eove
2462 3335 2823 3417 contemptu
2861 3334 3035 3411 fiant,
3087 3337 3158 3398 ut

693 3437 968 3521 graviter
1015 3437 1243 3500 caritas
1292 3437 1402 3498 aut
1447 3434 1694 3498 iustitia
1742 3435 1912 3499 laesa
1958 3435 2257 3499 censenda
2313 3436 2416 3511 sit,
2467 3437 2784 3518 peccatum
2834 3436 2953 3500 erit
2998 3455 3160 3502 mor·

693 3539 837 3603 tale.
867 3537 1052 3604 Secus
1084 3538 1203 3603 erit
1234 3537 1492 3601 venialis
1524 3538 1725 3619 culpa,
1754 3540 1828 3602 ut
1851 3538 1893 3601 l.
1921 3557 1971 3601 c.
2001 3538 2092 3601 ait
2121 3537 2329 3622 Lugoz
2363 3563 2398 3595 «ι
2417 3538 2636 3602 Potest
2660 3538 2994 3619 aliquando
3029 3558 3161 3604 esse

693 3641 897 3707 solum
944 3641 1127 3724 culpa
1173 3639 1432 3704 venialis
1479 3659 1552 3704 ex
1596 3640 2050 3704 inadvertentia
2099 3640 2196 3704 vel
2229 3638 2587 3704 ex-levitate
2634 3640 2952 3717 materiae,
3001 3661 3160 3723 quae

694 3746 915 3809 levitas
954 3745 1394 3810 consideranda
1442 3745 1536 3809 est
1584 3764 1654 3809 ex
1700 3744 2009 3826 qualitate
2055 3742 2332 3821 convitii,
2381 3760 2674 3825 personae
2705 3742 3160 3809 familiaritatis

696 3849 758 3910 et
795 3847 934 3910 aliis
980 3847 1464 3911 circumstantiis
1512 3872 1574 3909 ».
1623 3846 1725 3911 Ita
1759 3864 1807 3910 3.
1842 3846 2114 3911 Thomas
2153 3864 2210 3926 q.
2261 3844 2365 3908 cit.
2417 3864 2472 3907 a.
2516 3846 2575 3907 2.
2617 3844 2695 3909 ad
2727 3846 2789 3908 3.
2840 3846 3159 3912 affirmans

694 3951 1014 4030 peccatum
1046 3950 1304 4013 convitii
1330 3950 1427 4014 vel
1459 3948 1872 4014 contumeliae
1906 3946 2240 4030 dependere
2271 3964 2342 4010 ex
2376 3946 2581 4011 animo
2615 3947 2874 4011 dicentis
2901 3948 3162 4031 ideoque

696 4050 1052 4137 contingere
1078 4069 1278 4135 posse,
1320 4051 1484 4133 quod
1518 4052 1602 4115 sit
1632 4052 1956 4134 peccatum
1995 4049 2230 4113 veniale
2277 4048 2328 4113 si
2361 4049 2445 4114 sit
2477 4049 2611 4113 leve
2641 4050 3005 4128 convitium,
3038 4072 3162 4118 non

697 4157 970 4220 multum
1001 4157 1315 4220 hominem
1348 4156 1756 4220 dehonestans
1789 4156 1853 4218 et
1883 4153 2233 4237 proferatur
2269 4173 2340 4217 ex
2379 4153 2570 4218 animi
2606 4155 2864 4220 levitate
2895 4157 2995 4221 vel
3040 4156 3164 4221 levi

698 4260 809 4332 ira,
845 4259 1074 4340 absque
1106 4258 1286 4322 firmo
1323 4258 1640 4341 proposito
1677 4256 1949 4337 aliquem
1996 4256 2457 4321 dehonestandi.
2493 4254 2585 4321 Cf.
2629 4256 3051 4324 Busembaum
3099 4260 3164 4323 in

699 4363 777 4423 tr.
819 4362 892 4424 de
932 4359 1240 4437 PeccaiiS,
1292 4360 1405 4424 sub
1439 4357 1574 4423 Ira.

787 4463 1008 4528 Laesio
1041 4463 1310 4546 positiva
1344 4463 1595 4526 honoris
1620 4461 1815 4527 debiti
1838 4464 1932 4527 est
1966 4464 2141 4527 actus
2174 4463 2401 4527 nedum
2433 4465 2650 4528 contra
2681 4462 3030 4540 caritatem,
3058 4464 3167 4528 sed

703 4568 764 4629 et
812 4566 1027 4629 contra
1073 4564 1412 4627 iustitiam:
1463 4567 1561 4628 ius
1610 4565 1774 4629 enim
1819 4566 2052 4630 habent
2098 4566 2330 4651 singuli
2378 4565 2454 4629 ad
2487 4568 2724 4630 certum
2758 4565 3054 4631 honorem
3102 4566 3170 4631 et
