3497 5147
688 318 797 372 652
905 330 1118 370 macr.
1148 330 1226 370 vr.
1254 328 1416 370 snorr.
1444 330 1499 369 v.
1528 329 1613 368 mr
1637 327 1864 376 Qumro
1887 327 2104 370 raam.
2130 328 2460 371 omanom.
2486 329 2621 370 clu).
2647 330 2687 370 1.
2712 331 2856 371 nun.
2884 330 2948 371 11.
3011 315 3163 391 [878]

690 427 874 492 iudex
912 428 976 490 et
1001 427 1376 508 exsequutor
1400 425 1884 490 constitueretur
1904 425 2165 508 ipsemet
2194 426 2647 491 infensissimus
2680 428 3025 504 accusator,
3050 429 3163 510 qui

688 530 869 594 facile
901 529 1022 595 sibi
1063 530 1301 593 clarum
1348 530 1411 593 et
1443 527 1760 593 notorium
1805 527 2068 612 fingeret
2097 529 2326 593 crimen
2366 530 2597 612 absque
2627 529 3032 595 fundamento
3081 529 3162 595 ad

686 633 879 696 talem
906 650 1172 715 poenam
1195 629 1617 714 infligendam,
1644 649 1787 694 cum
1811 631 2019 693 tamen
2044 632 2256 713 posset
2276 650 2373 696 res
2395 630 2774 696 iudicialiter
2796 632 3155 697 examinari.

686 735 961 798 Daretur
992 733 1187 798 etiam
1218 733 1487 797 facultas
1522 731 1832 796 occidendi
1863 732 1928 795 in
1960 732 2094 815 ipso
2129 734 2275 798 actu
2305 733 2542 815 peccati
2573 733 2703 797 sine
2734 734 2873 798 loco
2911 736 2975 798 et
3004 735 3160 798 tem-

685 854 833 920 pore
871 835 1308 919 poenitentiae.

777 935 951 1008 878.
996 939 1296 1003 Rationes
1337 955 1570 1013 omnes,
1619 955 1778 1018 quae
1826 937 2052 1019 opponi
2098 938 2401 1015 solebant,
2436 938 2681 1023 egregie
2711 938 2841 1002 iam
2886 938 3158 1003 diluerat

684 1061 733 1105 s.
785 1041 1059 1105 Thomas
1105 1041 1167 1103 in
1217 1041 1280 1104 4.
1330 1038 1473 1102 dist.
1523 1039 1628 1101 37.
1679 1058 1736 1120 q.
1782 1040 1840 1101 2.
1877 1041 1994 1102 art.
2028 1040 2084 1103 1.
2120 1038 2501 1103 Petebantur
2531 1040 2695 1104 enim
2730 1059 2765 1104 a
2797 1039 2965 1104 civili
2995 1040 3154 1124 lege,

686 1163 845 1225 quae
877 1144 940 1206 in
975 1142 1348 1225 quibusdam
1386 1133 1698 1206 codicibus
1731 1142 2089 1224 permittere
2121 1142 2532 1206 uxoricidium
2563 1142 2907 1207 videbatur.

776 1245 873 1308 Ad
904 1246 1056 1308 haec
1087 1264 1135 1309 s.
1186 1244 1442 1308 Thom.:
1500 1268 1533 1301 «
1566 1242 1691 1306 Lex
1736 1230 1937 1307 civilis
1984 1243 2164 1326 quasi
2208 1243 2454 1308 licitum
2501 1246 2843 1327 computat,
2878 1246 3043 1327 quod
3088 1247 3152 1312 in

687 1349 823 1431 ipso
858 1350 1002 1413 actu
1050 1368 1186 1412 eam
1232 1347 1556 1429 (maritus)
1602 1346 1957 1421 interficiat,
2006 1366 2128 1412 non
2176 1348 2358 1430 quasi
2402 1349 2779 1432 praecipiens
2821 1349 2926 1413 sed
2973 1349 3154 1432 quasi

686 1470 948 1536 poenam
980 1450 1297 1516 homicidii
1328 1469 1451 1515 non
1490 1449 1754 1513 inferens
1787 1451 2040 1532 propter
2076 1451 2418 1514 maximum
2441 1451 2938 1530 incitamentum,
2986 1453 3153 1534 quod

686 1556 873 1619 habet
906 1555 1002 1618 vir
1031 1555 1096 1618 in
1130 1553 1245 1618 tali
1270 1553 1434 1618 facto
1469 1552 1545 1616 ad
1580 1553 1945 1616 occisionem
1976 1553 2206 1617 uxoris.
2258 1551 2373 1617 Sed
2420 1553 2692 1618 Ecclesia
2739 1574 2862 1619 non
2910 1557 3004 1619 est
3051 1556 3152 1619 ad-

685 1659 905 1723 stricta
938 1657 1181 1742 legibus
1214 1655 1527 1728 humanis,
1567 1657 1639 1720 ut
1662 1654 1896 1719 iudicet
1927 1675 2068 1719 eum
2100 1657 2230 1720 sine
2269 1657 2447 1721 reatu
2479 1676 2710 1739 poenae
2734 1660 3021 1722 aeternae
3053 1659 3152 1723 vel

687 1779 917 1844 poenae
942 1759 1353 1824 ecclesiastico
1379 1756 1608 1822 iudicio
1632 1756 2003 1841 infligendae
2021 1778 2091 1822 01
2115 1759 2231 1823 1100
2254 1758 2420 1840 quod
2440 1759 2535 1822 est
2558 1758 2687 1824 sine
2710 1760 2893 1823 reatu
2916 1779 3150 1842 poenae

683 1862 1053 1945 infligendae
1084 1881 1191 1945 per
1221 1860 1520 1926 iudicium
1554 1860 1826 1923 seculare
1853 1885 1913 1922 ».

774 1964 870 2027 Ad
922 1964 1142 2028 obiect.
1191 1962 1356 2045 quod
1387 1982 1584 2045 poena
1628 1962 1853 2027 mortis
1885 1963 2131 2027 statuta
2168 1962 2254 2027 sit
2283 1964 2347 2028 in
2379 1964 2506 2028 tale
2537 1964 2785 2041 crimen,
2821 1966 3151 2047 respondet

689 2066 766 2131 ad
810 2066 875 2128 10
915 2091 951 2123 ‹<
981 2067 1255 2130 Poenam
1287 2065 1462 2129 illam
1494 2064 1892 2148 infligendam
1932 2066 2029 2128 lex
2065 2084 2187 2130 non
2220 2065 2533 2130 commisit
2563 2065 2838 2146 personis
2863 2067 3146 2150 privatis,

686 2169 792 2233 sed
808 2168 1084 2251 personis
1108 2167 1391 2251 publicis,
1417 2186 1577 2249 quae
1600 2167 1832 2232 habent
1857 2167 2130 2232 officium
2156 2167 2233 2231 ad
2249 2168 2368 2232 hoc
2389 2167 2787 2250 deputatum3
2815 2168 2911 2232 vir
2935 2172 3145 2235 autem

686 2291 811 2336 non
835 2272 929 2335 est
953 2270 1134 2335 iudex
1159 2269 1367 2334 uxoris
1392 2271 1455 2334 et
1487 2269 1621 2334 ideo
1646 2288 1771 2333 non
1794 2269 2003 2352 potest
2025 2288 2163 2333 eam
2193 2268 2553 2346 interficere,
2579 2270 2684 2334 sed
2708 2288 2918 2335 coram
2941 2271 3143 2337 iudice

683 2393 992 2439 accusare.

771 2477 868 2540 Ad
917 2476 1137 2540 obiect.
1188 2475 1354 2555 quod
1399 2474 1497 2537 101
1543 2473 1743 2535 civilis
1790 2492 1964 2536 reum
2011 2475 2233 2556 puniat
2269 2477 2332 2538 et
2362 2473 2459 2538 vir
2490 2475 2574 2538 sit
2604 2475 2802 2539 veluti
2837 2475 3140 2554 minister,

684 2579 1013 2662 respondet
1059 2577 1138 2641 ad
1186 2579 1276 2639 2.:
1324 2599 1359 2633 «
1394 2573 1517 2639 Lex
1562 2573 1762 2639 civilis
1809 2594 1932 2640 non
1977 2577 2290 2641 commisit
2336 2577 2471 2642 viro
2521 2577 2886 2642 occisionem
2930 2579 3143 2643 uxoris

680 2681 862 2762 quasi
910 2679 1286 2763 praecipiens
1333 2677 1509 2759 (quia
1556 2677 1643 2741 sic
1688 2696 1809 2741 non
1859 2683 2154 2761 peccaret,
2212 2680 2375 2745 sicut
2426 2699 2536 2744 nec
2595 2681 2879 2745 minister
2922 2680 3142 2746 iudicis

682 2783 897 2865 peccat
926 2781 1233 2845 latronem
1268 2779 1544 2845 occidens
1576 2779 2055 2846 condemnatum
2089 2782 2166 2845 ad
2189 2784 2505 2865 mortem),
2540 2782 2645 2848 sed
2677 2783 2979 2866 permisit,
3006 2802 3144 2867 poe-

682 2903 828 2947 nam
864 2903 987 2948 non
1027 2883 1355 2948 adhibens:
1390 2882 1551 2948 unde
1589 2884 1779 2948 etiam
1805 2884 2207 2949 difficultates
2238 2886 2539 2967 quasdam
2572 2886 2881 2968 apposuit,
2916 2887 3139 2967 quibus

681 2987 1145 3051 retraherentur
1180 2986 1299 3049 viri
1336 2987 1413 3050 ab
1451 2986 1790 3052 uxoricidio
1825 3012 1885 3050 ».

767 3090 849 3154 Et
881 3090 1045 3153 ratio
1086 3090 1257 3154 tacta
1296 3108 1332 3152 a
1379 3109 1427 3154 3.
1461 3089 1701 3153 Τ1101113
1748 3109 1858 3154 0111·
1903 3090 1999 3153 101
2046 3089 2245 3155 civilis
2293 3093 2509 3173 parcat
2539 3090 2739 3156 dolori
2784 3092 2995 3157 mariti
3041 3092 3142 3157 vel

679 3192 895 3276 patris,
938 3191 1139 3256 effecit
1173 3193 1249 3256 ut
1284 3193 1348 3255 et
1378 3191 1651 3255 Ecclesia
1682 3191 1985 3273 quasdam
2016 3210 2243 3273 poenas
2289 3210 2411 3257 non
2448 3192 2713 3277 infligat.
2749 3191 2849 3258 Sic
2895 3195 2958 3258 in
3003 3213 3135 3277 cap.

679 3293 755 3360 Si
783 3315 943 3374 vero,
985 3295 1060 3358 de
1093 3294 1264 3359 Sent.
1303 3294 1562 3376 Excom.
1620 3318 1655 3352 «
1686 3293 1814 3358 Nec
1849 3295 1955 3359 1110
1985 3295 2442 3377 compellendus
2480 3297 2576 3361 est
2614 3296 2692 3360 ad
2728 3295 2946 3361 Sedem
2977 3298 3140 3380 Apo·

677 3399 964 3464 stolicam
1018 3398 1243 3474 venire,
1301 3397 1409 3480 qui
1453 3397 1519 3460 in
1565 3397 1856 3461 clericum
1903 3417 2043 3461 cum
2092 3416 2299 3476 uxore,
2347 3399 2566 3476 matre,
2617 3416 2825 3463 sorore
2864 3399 2961 3463 vel
3003 3398 3136 3462 filia

675 3502 926 3585 propria
959 3502 1226 3585 turpiter
1271 3501 1613 3576 inventum,
1663 3519 1886 3564 manus
1932 3500 2208 3564 iniecerit
2253 3500 2557 3565 violentas
2588 3525 2664 3576 »ς
2705 3501 2993 3566 videlicet
3034 3501 3136 3566 hic

676 3607 770 3668 est
806 3605 1103 3669 immunis
1137 3605 1214 3667 ab
1248 3603 1877 3667 excommunicatione
1910 3600 2195 3667 Canonis.

764 3705 897 3784 Qua
931 3707 1003 3770 de
1036 3726 1100 3770 re
1135 3725 1181 3770 s.
1218 3705 1490 3770 Thomas
1522 3705 1563 3768 l.
1598 3725 1649 3770 c.
1687 3705 1764 3769 ad
1797 3706 1894 3768 3.:
1929 3729 1964 3764 «
1995 3704 2356 3783 Dicendum,
2391 3705 2557 3786 quod
2589 3725 2659 3771 ex
2691 3707 2807 3771 hoc
2837 3726 2961 3772 non
2991 3726 3134 3791 pro-

673 3809 860 3872 batur
891 3809 1056 3889 quod
1088 3808 1496 3873 uxoricidium
1543 3808 1788 3872 licitum
1836 3809 1919 3872 sit
1966 3808 2346 3891 simpliciter,
2394 3808 2499 3872 3οᾶ
2547 3811 2852 3890 quantum
2899 3809 2977 3873 ad
3024 3811 3135 3874 im·

672 3909 1048 3973 munitatem
1104 3911 1181 3972 ab
1245 3909 1455 3991 aliqua
1510 3930 1734 3993 poena3
1792 3911 1939 3992 quia
1987 3911 2176 3975 etiam
2233 3910 2782 3975 excommunicatio
2829 3910 3134 3992 quaedam

671 4031 867 4094 poena
899 4013 995 4075 est
1027 4038 1087 4075 ».
1122 4011 1203 4075 Et
1236 4014 1454 4077 notum
1487 4013 1762 4095 alioquin
1802 4015 1897 4077 est
1928 4013 2204 4078 excusari
2236 4033 2271 4077 a
2303 4031 2499 4096 poena
2532 4013 2688 4077 alios
2720 4031 2856 4078 reos
2893 4014 3130 4096 utique,

669 4115 776 4179 sed
800 4114 897 4179 vel
931 4135 1002 4178 01
1036 4114 1205 4177 metu
1240 4114 1336 4178 vel
1370 4114 1724 4199 ignorantia
1758 4118 2010 4201 agentes
2043 4117 2158 4181 etc.

759 4213 932 4286 879.
974 4216 1189 4296 Quoad
1223 4218 1601 4301 proscriptos
1631 4239 1743 4283 seu
1777 4219 2066 4283 bannitos
2097 4219 2350 4283 monent
2379 4219 2699 4295 DoctoreS,
2738 4236 2861 4283 non
2909 4218 3027 4282 nisi
3058 4238 3132 4283 ex

668 4317 935 4398 quadam
986 4318 1356 4402 gravissima
1403 4339 1590 4384 causa
1650 4321 1833 4384 licere
1878 4320 2355 4402 proscriptiones
2401 4319 2702 4385 eiusmodi
2764 4321 2826 4384 et
2880 4319 3128 4401 quidem

665 4419 1037 4502 gravissima
1076 4440 1263 4486 causa
1300 4422 1676 4486 desumenda
1708 4421 1953 4487 videtur
1983 4421 2107 4486 fere
2146 4441 2265 4486 non
2298 4442 2369 4486 ex
2400 4424 2713 4506 gravitate
2744 4422 2960 4505 culpae
2992 4442 3132 4505 per-

664 4524 963 4605 petratae,
1000 4525 1104 4588 sed
1144 4545 1215 4589 01
1253 4526 1502 4597 (13111110,
1536 4524 1699 4605 quod
1732 4525 1992 4588 timetm·
2029 4543 2202 4589 secus
2235 4525 2613 4589 secuturum.
