3497 5147
670 337 743 391 98
961 346 1176 388 τΒΑστ.
1225 348 1279 387 v.
1324 346 1486 386 sacr.
1527 344 1619 385 111.
1656 343 1742 382 nn:
1780 340 2100 410 crim-rurs
2140 339 2529 380 PRAEcnP‘rls.
2568 338 2767 381 cAPu‘r
2803 340 2843 379 1.
2989 324 3133 400 [180]

671 466 778 511 seu
815 444 1125 510 motivum
1158 441 1236 506 ad
1265 443 1590 524 peccatum
1622 439 1903 514 influenS,
1938 437 2036 502 vel
2067 437 2119 500 si
2158 439 2409 519 peccata
2457 438 2732 520 augeret,
2768 437 2916 518 quia
2963 437 3133 500 Deus

671 550 804 612 tam
851 546 1030 609 facile
1056 544 1324 628 ignoscit
1355 543 1582 619 decem,
1617 561 1805 624 quam
1838 541 2110 622 quinque
2142 541 2411 621 peccata,
2453 538 2617 620 quod
2648 541 2973 622 peccatum
3003 558 3136 603 esse

672 647 1194 732 praesumptionis
1225 646 1396 710 dicit.

763 749 965 830 Quam
996 749 1343 814 doctrinam
1376 747 1776 830 amplectitur
1808 744 2088 830 Struggl,
2123 747 2202 808 tr.
2237 746 2299 808 4.
2334 765 2394 826 q.
2436 747 2496 808 2.
2536 765 2595 808 n.
2651 746 2776 823 17.‚
2811 745 2966 809 duas
3014 747 3139 808 sta·

673 855 856 917 tuens
890 850 1279 916 assertiones,
1319 851 1385 912 1⁰
1423 874 1458 908 «
1491 848 1750 928 Quando
1782 846 2205 912 misericordia
2236 847 2351 911 Dei
2384 849 2480 911 est
2524 847 2833 912 motivum
2871 847 3136 930 partiale

673 952 980 1036 (partiale
1009 953 1247 1033 inquit3
1284 971 1430 1015 nam
1460 951 1770 1015 motivum
1793 968 2039 1031 quoque
2071 949 2189 1012 erit
2219 968 2458 1031 semper
2479 949 2650 1012 mala
2675 948 3013 1032 cupiditas)
3050 950 3139 1012 in-

672 1056 1011 1120 trinsecum
1035 1055 1230 1138 ipsius
1263 1053 1607 1118 voluntatis
1640 1052 2098 1135 peccaminosae
2121 1053 2184 1114 et
2205 1051 2370 1114 ratio
2395 1052 2646 1133 propter
2670 1069 2859 1131 quam
2881 1050 3137 1115 liberius

617 1197 620 1202 -
675 1159 908 1241 peccat,
943 1161 1093 1221 tunc
1125 1157 1272 1220 talis
1307 1156 1597 1221 voluntas
1629 1154 2054 1238 peccaminosa
2078 1171 2316 1235 semper
2346 1155 2442 1217 est
2473 1153 2662 1217 simul
2692 1154 3133 1236 praesumptio.

676 1259 887 1335 Ratio,
914 1259 1062 1341 quia
1094 1259 1210 1323 hoc
1241 1258 1425 1323 modo
1455 1276 1712 1340 peccans
1736 1257 1925 1320 habet
1948 1255 2369 1320 inordinatam
2392 1254 2685 1320 fiduciam
2709 1256 2773 1319 in
2797 1256 3138 1320 misericor-

676 1362 844 1427 diam
877 1362 1153 1426 divinam
1184 1381 1377 1443 eaque
1408 1361 1710 1441 tanquam
1748 1358 1987 1423 motivo
2019 1357 2273 1421 liberius
2305 1357 2596 1439 peccandi
2628 1357 2914 1421 abutitur
2942 1383 3004 1420 ».

857 1466 926 1527 2θ
965 1489 998 1521 «
1031 1462 1290 1543 Quando
1321 1461 1743 1527 misericordia
1776 1462 1889 1524 Dei
1938 1478 2059 1524 non
2108 1461 2202 1524 est
2249 1460 2559 1524 motivum
2603 1460 2869 1541 partiale
2915 1459 3138 1524 intrin-

674 1587 884 1633 secum
909 1566 1104 1650 ipsius
1143 1566 1488 1631 voluntatis
1512 1565 1992 1648 peccaminosae,
2033 1561 2139 1626 sed
2175 1563 2381 1627 solum
2413 1563 2591 1626 actus
2623 1563 2752 1645 spei
2784 1562 3135 1640 distinctus

673 1670 983 1753 praeviuS,
1023 1669 1446 1734 concomitans
1477 1669 1541 1732 et
1578 1684 1974 1748 consequens,
2010 1666 2159 1727 tune
2206 1664 2499 1729 voluntas
2540 1663 2967 1747 peccaminosa
3014 1684 3135 1730 non

674 1775 770 1837 est
805 1773 1250 1856 praesumptio,
1285 1773 1404 1835 etsi
1442 1773 1619 1835 actus
1652 1770 1785 1853 spei
1825 1769 2111 1851 praevius
2157 1769 2475 1832 removeat
2508 1767 2809 1832 maiorem
2848 1768 3138 1834 timorem

673 1876 908 1958 peceati
948 1877 1010 1938 et
1057 1875 1140 1937 sit
1187 1892 1293 1957 per
1340 1872 1618 1937 accidens
1667 1871 1906 1936 occasio
1953 1871 2208 1934 liberius
2255 1869 2545 1952 peccandi
2592 1869 2866 1951 adeoque
2911 1871 2976 1934 in
3023 1872 3140 1936 tali

674 1995 826 2039 casu
857 1995 978 2041 non
1013 1975 1429 2040 committitur
1461 1976 1782 2057 peccatum
1822 1972 2344 2055 praesumptionis
2375 1997 2437 2036 ».

769 2073 924 2147 130.
960 2077 1382 2141 Veruntamen
1416 2076 1698 2156 quaestio
1731 2074 1867 2137 fieri
1895 2074 2145 2156 poterit,
2180 2093 2260 2137 an
2292 2073 2643 2155 frequenter
2674 2075 3021 2157 putandum
3052 2076 3139 2140 sit

674 2179 792 2244 hoc
830 2178 1092 2261 speciale
1116 2179 1441 2260 peccatum
1463 2175 1987 2259 praesumptionis
2012 2175 2283 2239 admitti.
2312 2175 2576 2241 Videtur
2607 2176 2769 2240 enim
2794 2178 3139 2262 generatim

674 2280 740 2344 in
772 2279 1131 2344 huiusmodi
1168 2279 1592 2361 peccatoribus
1624 2297 1764 2361 spes
1801 2277 2014 2341 veniae
2061 2295 2192 2341 esse
2238 2279 2685 2355 concomitans,
2719 2281 2793 2343 ut
2825 2282 3142 2344 removeat

676 2382 887 2458 etiam,
938 2380 1459 2463 quemadmodum
1507 2381 1788 2462 loquitur
1834 2379 2114 2465 Struggl,
2164 2380 2463 2444 maiorem
2508 2381 2798 2446 timorem
2843 2383 3138 2464 peccandi

674 2486 738 2549 et
769 2485 853 2548 sit
886 2484 1145 2561 occasio,
1178 2503 1286 2566 per
1325 2482 1623 2559 accidenS,
1657 2482 1912 2546 liberius
1950 2481 2272 2565 peccandi;
2308 2501 2430 2546 non
2466 2501 2611 2547 vero
2644 2501 2775 2547 esse
2821 2484 3136 2549 motivum

675 2589 774 2652 1-61
822 2586 1088 2670 partiale
1136 2585 1443 2668 peccandi,
1492 2584 1598 2648 sed
1643 2585 1760 2649 hoc
1806 2603 1937 2648 esse
1984 2585 2161 2668 plene
2208 2586 2441 2650 malam
2502 2585 2929 2669 cupiditatem.
2982 2586 3139 2652 Cum

674 2688 1040 2773 praesertim
1073 2706 1194 2751 non
1227 2686 1312 2750 sit
1344 2686 1494 2750 adeo
1528 2686 1711 2751 obvia
1743 2689 1806 2750 et
1835 2687 2035 2751 facilis
2060 2689 2210 2752 haec
2241 2688 2405 2752 ratio
2438 2688 2680 2773 agendi,
2714 2689 2906 2754 etiam
2935 2692 3140 2755 malae

674 2791 1011 2867 voluntati,
1038 2793 1110 2855 ut
1132 2809 1304 2872 spem
1328 2789 1542 2854 veniae
1565 2809 1674 2853 seu
1698 2789 1976 2854 divinam
2000 2792 2484 2856 misericordiam
2511 2795 2793 2856 assumat
2815 2793 3142 2875 tamquam

676 2894 988 2959 motivum
1020 2891 1329 2977 peccandi.

770 2992 903 3065 131.
944 2994 1398 3077 Praesumptio,
1433 3014 1556 3075 qua
1580 3019 1616 3054 «
1636 2995 1863 3077 aliquis
1887 2998 2096 3079 sperat
2121 3014 2185 3059 se
2209 2996 2456 3059 veniam
2481 2997 2758 3061 obtinere
2783 2998 2913 3061 sine
2938 2998 3141 3081 poeni-

677 3100 874 3163 tentia
913 3097 1013 3162 vel
1049 3098 1318 3182 gloriam
1348 3097 1478 3162 sine
1509 3098 1768 3175 meritiS,
1805 3100 1901 3163 est
1929 3100 2175 3181 proprie
2212 3099 2443 3182 species
2474 3101 2712 3183 peccati
2749 3102 2813 3165 in
2837 3099 3140 3184 Spiritum

677 3200 1009 3276 Sanctum;
1037 3199 1186 3281 quia
1217 3199 1452 3264 scilicet
1474 3220 1581 3283 per
1611 3201 1970 3264 huiusmodi
1992 3202 2560 3284 praesumptionem
2592 3203 2844 3267 tollitur
2875 3203 2973 3268 vel
3005 3223 3141 3269 con·

678 3303 982 3367 temnitur
1021 3301 1404 3367 adiutorium
1434 3301 1704 3386 Spiritus
1736 3302 1969 3379 Sancti,
2008 3322 2117 3385 per
2147 3302 2312 3384 quod
2343 3303 2529 3368 homo
2568 3307 2896 3369 revocatur
2930 3324 2967 3369 a
3003 3324 3141 3389 pec-

677 3407 820 3470 cato
855 3430 915 3468 ».
952 3403 1012 3469 S.
1054 3405 1328 3470 Thomas
1362 3408 1421 3469 2.
1465 3409 1525 3468 2.
1559 3426 1617 3487 q.
1659 3407 1765 3469 21.
1807 3426 1862 3469 a.
1901 3406 1958 3469 1.

769 3509 938 3574 Haec
985 3509 1038 3573 si
1085 3529 1155 3573 ex
1202 3528 1405 3573 errore
1452 3508 1781 3592 pelagiano
1818 3508 2129 3590 procedat,
2171 3509 2499 3574 coniuncta
2546 3511 2641 3574 est
2687 3530 2830 3575 cum
2877 3512 3134 3577 haeresi.

679 3611 915 3675 Verum
946 3612 1078 3675 fieri
1104 3610 1328 3692 potest,
1357 3609 1535 3673 aiunt
1559 3608 1861 3674 Salmant.
1887 3610 1930 3673 l.
1959 3630 2009 3674 c.
2036 3630 2096 3675 11.
2125 3612 2255 3685 56..
2283 3612 2448 3693 quod
2484 3612 2624 3693 quis
2656 3612 2787 3677 sine
2823 3613 3136 3695 praedicto

677 3731 882 3776 errore
916 3713 1274 3793 praesumat
1311 3712 1804 3794 consequendam
1840 3713 2110 3797 gloriam
2155 3716 2219 3777 et
2264 3715 2690 3779 remissionem
2721 3719 3138 3798 peccatorum,

678 3812 910 3893 absque
943 3812 1322 3894 poenitentia
1355 3814 1418 3876 et
1451 3814 1708 3891 meritiS,
1736 3834 1773 3878 a
1798 3815 1933 3879 sola
1964 3815 2080 3879 Dei
2111 3815 2551 3893 misericordia,
2578 3819 2735 3899 puta
2767 3837 2838 3881 ex
2871 3820 3143 3900 quodam

677 3913 1024 3998 privilegio,
1060 3932 1182 3993 quo
1217 3915 1384 3978 Deus
1432 3933 1504 3978 ex
1550 3916 1830 3996 potentia
1876 3916 2168 3980 absoluta
2206 3917 2359 3982 velit
2403 3937 2547 3982 eum
2592 3920 2992 4003 locupletare.
3043 3921 3143 3987 Sic

677 4016 887 4100 potius
920 4015 1156 4080 stultus
1188 4016 1301 4093 est,
1336 4035 1527 4097 quam
1565 4016 1846 4080 infidelis,
1887 4018 2094 4099 Atque
2141 4018 2257 4082 hoc
2303 4038 2547 4101 quoque
2594 4023 2916 4104 peccatum
2952 4043 3143 4108 grave

679 4120 793 4193 est,
843 4137 913 4181 ex
961 4116 1248 4199 superbia
1297 4117 1645 4198 procedenS,
1686 4119 2112 4184 contradicens
2161 4120 2361 4185 ordini
2406 4123 2649 4188 divinae
2696 4126 3139 4208 providentiae.

679 4218 1132 4300 Praesumptio,
1167 4217 1241 4280 de
1273 4237 1398 4298 qua
1428 4218 1696 4283 diximus
1726 4242 1785 4285 n.
1826 4222 1994 4299 129„
2036 4241 2160 4286 non
2192 4223 2381 4288 habet
2412 4225 2769 4290 adiunctam
2801 4229 3139 4293 haeresim:

682 4320 1012 4384 manifesta
1044 4322 1140 4384 est
1178 4322 1391 4385 autem
1422 4320 1669 4400 iniuria,
1704 4342 1861 4404 quae
1893 4325 1966 4389 fit
1997 4325 2242 4390 divinae
2273 4328 2560 4394 bonitati.
3137 4394 3143 4407 ,

775 4418 933 4491 132.
983 4421 1048 4486 Si
1095 4441 1202 4507 per
1248 4442 1312 4488 se
1358 4425 1741 4506 comparatio
1797 4426 1912 4493 fiat
1965 4428 2127 4493 inter
2187 4429 2676 4514 desperationem
2723 4433 2787 4496 et
2832 4418 3144 4515 praesumss

681 4525 977 4608 ptionem,
1004 4546 1126 4609 qua
1151 4527 1291 4608 quis
1319 4526 1663 4591 inordinate
1695 4528 1988 4595 innititur
2017 4531 2264 4597 divinae
2293 4534 2782 4611 misericordiam
2815 4537 3024 4602 minus
3049 4538 3144 4602 est
