3497 5147
804 340 917 395 398
1099 352 1310 394 TRAc'r.
1343 352 1422 393 vr.
1451 350 1614 393 suo‘r.
1640 351 1706 391 11.
1737 351 1825 391 m:
1848 349 2127 393 sacunno
2153 351 2367 393 mano.
2394 353 2718 395 nascamur.
2743 353 2865 395 cap,
2891 356 2925 394 1.
3066 342 3181 411 [5181

804 450 1051 515 intenta
1096 449 1570 515 inhonoratione
1617 449 1760 524 Dei;
1800 468 1921 513 non
1970 449 2217 533 agimus
2246 449 2321 514 de
2358 450 2752 532 blasphemiis
2785 450 3186 534 procedentibus

807 571 879 616 ex
918 552 1058 617 odio
1107 553 1240 617 Dei.
1293 550 1584 616 Ceterum
1630 553 1882 615 tantum
1930 552 2122 628 abest,
2158 554 2231 616 ut
2276 553 2428 616 haec
2472 555 2745 636 spectent
2786 553 2855 617 ad
2900 553 3190 617 doctrinam

808 654 1152 739 Laymann,
1186 656 1260 718 ut
1291 654 1390 718 hic
1428 654 1468 717 l.
1519 674 1569 717 c.
1620 653 1914 718 lectorem
1969 654 2253 718 remittat
2300 654 2376 717 ad
2421 655 2529 718 lib.
2570 657 2624 718 1.
2674 656 2848 719 tract.
2887 657 2941 718 2.
2964 675 3076 737 cap.
3108 656 3188 718 10.

806 777 865 821 n.
902 759 985 830 3.,
1021 758 1128 822 ubi
1177 757 1550 822 sententiam
1582 775 1762 821 suam
1795 756 2029 840 profert
2059 756 2132 820 de
2164 757 2527 822 necessitate
2574 756 2892 822 confitendi
2919 756 3192 821 nonnullas

806 859 1304 924 circumstantias
1336 880 1500 923 merc
1530 863 1983 941 ayyravantes;
2016 858 2262 940 quando
2311 878 2342 922 e
2387 860 2604 923 contra
2635 858 3103 922 Salmanticenses
3127 857 3196 920 lo-

798 965 1086 1044 quuntur
1146 963 1219 1026 de
1272 961 1742 1027 circumstantia
1787 963 2074 1026 mutante
2121 961 2401 1044 speciem.
2451 961 2617 1046 Ergo
2665 963 2927 1047 allegata
2966 961 3195 1026 doctrina

798 1062 1166 1129 Salmantic.
1200 1083 1322 1129 non
1369 1064 1521 1128 facit
1566 1064 1811 1147 proprie
1843 1063 1920 1128 ad
1966 1083 2114 1128 rem.

896 1164 1051 1236 518.
1086 1167 1335 1232 Lessius
1382 1167 1423 1230 l.
1482 1186 1532 1230 c.
1590 1166 1809 1248 utique
1854 1166 2005 1231 dicit
2059 1186 2195 1230 eam
2241 1167 2776 1232 circumstantiam
2818 1164 3194 1238 confitendam:

808 1268 958 1349 quia
1007 1288 1148 1332 cum
1196 1269 1572 1333 contumelia
1618 1271 1713 1332 est
1744 1269 1973 1332 directe
2023 1270 2236 1346 volita,
2271 1272 2367 1333 est
2399 1270 2728 1352 peculiaris
2759 1271 2821 1334 et
2849 1267 3115 1352 positivus
3134 1264 3202 1328 af-

818 1371 1018 1435 fectus
1052 1390 1199 1456 erga
1232 1370 1388 1435 illud
1425 1371 1755 1448 obiectum,
1792 1391 1827 1434 a
1857 1390 1981 1453 quo
2007 1371 2262 1436 affectus
2295 1373 2556 1454 speciem
2589 1372 2845 1455 accipit:
2870 1372 2971 1453 qui
2999 1369 3204 1433 affectus

805 1473 871 1537 in
920 1492 991 1537 eo
1040 1492 1161 1538 non
1210 1476 1322 1551 est,
1358 1474 1465 1555 qui
1513 1474 1716 1538 solum
1740 1473 2034 1538 indirecte
2068 1475 2130 1537 et
2158 1474 2627 1556 interpretative
2663 1474 2822 1538 illud
2865 1473 3011 1537 vult.
3052 1471 3202 1535 Porro

808 1575 1031 1640 habere
1078 1577 1241 1640 hunc
1311 1576 1599 1641 affectum
1654 1595 1802 1661 erga
1871 1577 2313 1640 contumeliam
2370 1576 2484 1640 Dei
2545 1578 2641 1640 est
2701 1572 3207 1658 incomparabiliter

804 1678 1004 1761 peius,
1040 1698 1229 1760 quam
1262 1680 1315 1742 si
1346 1680 1551 1744 solum
1596 1678 1957 1743 intendatur
2002 1678 2210 1759 aliqua
2242 1678 2532 1761 voluptas
2573 1680 2686 1743 aut
2715 1679 2940 1743 iniuria
2969 1674 3202 1746 hominis,

804 1783 877 1845 ut
923 1783 1232 1867 contingit
1276 1782 1340 1845 in
1372 1782 1778 1865 blasphemia,
1810 1781 1873 1844 in
1914 1800 2037 1863 qua
2086 1781 2377 1844 indirecte
2407 1781 2612 1846 solum
2642 1781 2982 1847 intenditur
3007 1779 3209 1844 inhono-

805 1885 968 1949 ratio
1003 1884 1137 1948 Dei.

894 1983 1320 2061 ConcedimuS‚
1356 1987 1646 2050 affectum
1693 2005 1823 2050 esse
1869 1987 2071 2050 multo
2104 1986 2393 2068 peiorem,
2428 2005 2571 2050 cum
2617 1985 2991 2050 contumelia
3032 1983 3113 2047 est
3148 1979 3211 2043 di·

807 2090 972 2151 recte
1006 2088 1220 2151 volita.
1280 2086 1396 2151 Sed
1434 2088 1554 2151 nisi
1586 2088 1832 2152 malitia
1885 2088 2133 2152 accedat
2181 2087 2306 2151 odii
2353 2089 2466 2151 aut
2511 2087 2736 2152 similis
2783 2089 2848 2152 et
2882 2087 2935 2152 si
2969 2087 3211 2151 sistamus

805 2191 870 2254 in
904 2191 1283 2255 contumelia
1330 2190 1557 2254 directe
1582 2190 1799 2266 volita,
1833 2190 2080 2254 videtur
2111 2188 2391 2275 neganda
2423 2191 2884 2273 consequentia,
2910 2189 3032 2254 scil.
3059 2202 3213 2250 neces·

803 2293 956 2356 sitas
990 2292 1047 2356 id
1088 2292 1151 2356 in
1184 2292 1561 2357 confessione
1607 2293 2002 2376 exprimendi.
2033 2293 2242 2370 Ratio,
2278 2297 2413 2357 tum
2447 2294 2594 2374 quia
2631 2311 2757 2357 non
2790 2294 2885 2357 cst
2928 2285 3212 2356 necessario

808 2394 1153 2477 recipienda
1185 2394 1465 2460 doctrina
1512 2395 1585 2459 de
1631 2395 1994 2459 confitendis
2024 2395 2507 2459 circumstantiis
2538 2414 2702 2459 mere
2738 2392 3210 2481 aggravantibu33

812 2500 948 2563 tum
997 2499 1144 2582 quia
1190 2518 1369 2563 nemo
1418 2498 1684 2583 protulit
1729 2498 1892 2562 hunc
1938 2516 2254 2576 canonem,
2289 2497 2361 2561 de
2407 2497 2757 2564 confitenda
2803 2492 3216 2563 circumstantia

817 2602 1095 2667 iniuriae·
1126 2603 1223 2667 vel
1269 2603 1496 2666 directe
1543 2602 1641 2665 vel
1684 2601 1983 2664 indirecte
2018 2601 2263 2666 volitae.
2322 2600 2404 2665 Et
2456 2620 2601 2666 sane
2633 2602 2776 2683 quis
2814 2601 3029 2666 dixerit
3068 2594 3216 2678 expri-

814 2705 1107 2769 mendum
1139 2723 1269 2769 esse
1317 2704 1378 2767 in
1411 2703 1809 2779 confessione,
1845 2722 1921 2766 an
1955 2703 2250 2768 damnum
2282 2702 2567 2768 intuleris
2598 2702 2865 2769 furando
2906 2704 3123 2788 segetes
3147 2695 3218 2761 vel

811 2826 915 2871 eas
954 2806 1208 2890 pedibus
1256 2805 1621 2889 proterendo
1668 2806 1818 2869 dum
1866 2805 2213 2869 venareris‘?
2258 2803 2492 2886 Neque,
2540 2807 2614 2870 ut
2659 2806 2960 2891 supponit
3001 2797 3214 2872 scavini,

814 2909 1046 2975 directa
1094 2910 1357 2974 intentio
1405 2909 1494 2973 rei
1540 2908 1889 2993 prohibitae
1921 2912 2015 2973 est
2062 2927 2132 2973 eo
2163 2909 2297 2993 ipso
2345 2910 2740 2992 contemptus
2789 2908 3060 2975 formalis
3101 2901 3219 2987 legis

806 3014 1207 3100 prohibentis

898 3116 1077 3197 Quod
1110 3135 1255 3181 vero
1289 3136 1337 3180 s.
1364 3116 1549 3199 Alph.
1584 3115 1760 3193 dixit,
1811 3136 1946 3179 cum
1978 3115 2303 3190 communi,
2336 3114 2398 3179 id
2436 3116 2866 3201 transscripsit
2896 3137 2968 3182 ex
2997 3114 3223 3180 Salman-

811 3219 1168 3283 ticensibuS.
1198 3217 1314 3282 Sed
1360 3218 1425 3281 hi
1473 3237 1703 3301 reapse,
1742 3221 1818 3282 ut
1848 3218 2136 3293 vidimuS,
2169 3218 2514 3299 loquuntur
2536 3217 2609 3282 de
2642 3218 2770 3283 alia
2800 3239 2886 3284 re.

900 3318 1134 3384 Contra
1171 3338 1314 3384 vero
1363 3320 1632 3384 Escobar
1668 3319 1775 3384 lib.
1819 3320 1922 3383 28.
1958 3340 2015 3383 n.
2056 3320 2202 3382 728.
2237 3319 2387 3383 bene
2433 3320 2641 3385 notat:
2676 3345 2712 3379 «
2749 3321 2861 3386 ubi
2885 3341 3006 3386 non
3028 3338 3090 3384 ex
3116 3312 3222 3380 odio

812 3422 1107 3508 procedit,
1144 3422 1247 3487 sed
1296 3442 1367 3487 ex
1398 3422 1492 3487 ira
1529 3424 1592 3486 et
1625 3422 1851 3500 taedio,
1889 3421 2133 3486 etiamsi
2165 3422 2560 3504 blasphemus
2592 3422 2827 3488 habeat
2873 3424 3129 3489 animum
3152 3414 3226 3479 de·

812 3526 1073 3612 rogandi
1120 3520 1363 3590 divinae
1417 3525 1737 3589 maiestati
1784 3544 1854 3589 ac
1900 3525 2019 3606 ipsi
2059 3524 2329 3589 convitia
2363 3521 2473 3588 illa
2517 3524 2838 3603 inferendi,
2898 3546 3017 3592 non
3046 3523 3126 3588 est
3160 3515 3225 3579 di·

806 3632 1035 3694 stincta
1067 3628 1486 3713 blasphemiae
1532 3627 1826 3711 species...
1867 3626 2026 3706 Quia
2057 3627 2206 3691 haec
2230 3626 2442 3707 iniqua
2489 3627 2784 3693 voluntas
2832 3627 2965 3693 sive
2997 3616 3226 3692 formalis

800 3735 936 3798 sive
976 3734 1263 3798 virtualis
1296 3735 1358 3797 et
1390 3731 1696 3816 implicita
1742 3733 1838 3796 est
1883 3732 1956 3795 de
1989 3732 2228 3795 ratione
2257 3730 2703 3813 blasphemiae;
2739 3752 2936 3813 quare
2968 3731 3224 3795 diversam

796 3836 1070 3918 speciem
1101 3835 1353 3899 minime
1385 3834 1715 3900 constituit
1744 3859 1806 3898 ».

893 3936 1062 4000 Haec
1112 3940 1321 4000 autem
1371 3935 1651 4000 doctrina
1700 3937 1776 4000 ad
1824 3938 1939 4001 hoc
2007 3936 2294 4014 deservit,
2350 3955 2425 4000 ne
2493 3934 2909 4002 confessarius
2970 3930 3227 4001 sollicitus

815 4060 947 4144 esse
980 4040 1199 4194 glebo?
1246 4039 1319 4103 de
1349 4038 1720 4123 indagando,
1772 4060 1849 4105 an
1896 4040 2123 4104 directe
2170 4039 2439 4105 voluerit
2485 4039 2626 4122 quis
2670 4040 2879 4106 Deum
2926 4031 3229 4105 convitiari,

801 4151 877 4195 an
919 4150 1003 4196 1n⁴
1051 4148 1147 4194 rec
1182 4148 1231 4193 3.

897 4232 1192 4315 Alioquin
1242 4232 1295 4297 si
1328 4231 1555 4297 directe
1605 4232 1743 4314 quis
1782 4233 1996 4298 contra
2046 4233 2247 4297 Deum
2294 4231 2710 4317 blasphemias
2756 4231 3108 4317 protulerit,
3148 4222 3234 4289 aut

806 4337 1025 4418 sponte
1072 4334 1222 4399 dicit
1270 4337 1381 4401 aut
1429 4354 1500 4400 ex
1546 4336 1839 4399 contextu
1884 4335 2281 4420 intelligitur,
2314 4335 2462 4400 dum
2509 4336 2725 4400 narrat
2757 4334 2892 4399 irae
2942 4351 3083 4399 suae
3125 4342 3237 4392 cau·

806 4454 909 4500 sas
946 4437 1070 4500 etc.-
