3497 5147
305 364 452 440 [148]
485 378 586 428 ΑΝ,
627 378 881 428 numne
918 380 997 419 m·
1031 378 1330 427 Quouono
1366 378 1630 420 onmem·
1666 379 2075 422 ramosarum
2116 380 2436 421 omum-ns
2474 381 2581 420 nar
2661 366 2769 421 109

305 476 583 560 exigunt,
619 494 743 558 quo
782 494 846 538 se
878 475 1064 540 homo
1096 476 1482 541 communiat
1512 476 1807 542 adversus
1838 478 2236 543 tentationes.
2270 478 2451 561 Resp.
2489 478 2769 561 Idipsum

304 579 422 646 dici
461 578 672 661 potest
701 578 775 643 de
822 578 1000 662 signo
1047 576 1266 644 Crucis
1307 579 1382 644 de
1429 579 1819 646 invocatione
1848 580 1920 644 B.
1957 580 2233 665 Virginis
2265 583 2328 646 et
2375 581 2595 662 quovis
2642 581 2770 646 alio

303 682 506 748 medio
555 681 631 746 ad
663 681 725 746 id
758 681 997 747 idoneo.
1030 679 1200 747 Num
1232 681 1457 747 idcirco
1491 682 1608 746 sub
1639 684 1821 767 gravi
1868 684 2220 769 obligamus
2260 684 2337 749 ad
2373 685 2528 749 haec
2559 686 2771 750 omnia

304 784 689 852 adhibenda?
719 784 885 849 Illud
917 783 1094 850 unice
1126 785 1339 866 itaque
1365 784 1565 850 statui
1600 785 1827 868 potest,
1858 787 2069 852 actum
2095 786 2379 852 caritatis
2411 788 2475 850 et
2505 786 2786 867 quodvis·

305 887 473 952 aliud
503 886 778 952 medium
816 888 933 951 sub
965 886 1142 970 gravi
1175 905 1305 951 esse
1338 886 1772 964 adhibendum,
1807 888 2053 970 quando
2084 889 2339 956 unicum
2379 889 2463 952 sit
2495 888 2769 953 medium

303 989 515 1075 gravis
546 989 765 1073 culpae
812 989 1119 1054 vitandae.
1154 989 1328 1054 Tunc
1365 991 1576 1054 antem
1609 990 1862 1056 omissio
1896 1009 2017 1055 non
2050 991 2336 1056 caritatis
2370 990 2570 1057 violat
2600 1011 2772 1074 prae·

305 1093 573 1175 ceptum,
620 1091 721 1160 sed
775 1111 969 1158 unum
1016 1091 1397 1174 eundemque
1435 1091 1679 1158 reatum
1718 1093 1976 1171 inducit,
2010 1112 2082 1158 ac
2113 1097 2456 1176 peccatum,
2490 1096 2557 1160 in
2601 1094 2769 1176 quod

306 1196 442 1278 quis
477 1196 558 1261 ob
586 1215 726 1261 eam
759 1195 1157 1264 omissionem
1186 1195 1458 1261 labatur.

389 1298 540 1371 Alii,
573 1299 673 1363 uti
703 1298 939 1364 Reuter
975 1296 1181 1360 Theoz.
1232 1296 1405 1362 Mor.
1456 1319 1513 1381 p.
1551 1300 1611 1363 2.
1644 1317 1705 1364 n.
1748 1298 1854 1362 85.
1888 1297 2053 1363 Viva
2086 1301 2155 1364 in
2190 1301 2248 1364 1.
2267 1320 2452 1381 prop.
2485 1299 2768 1365 Alexan-

308 1399 407 1464 dri
446 1399 597 1466 VII.
649 1421 707 1464 n.
747 1400 804 1463 7.
841 1401 956 1464 etc.
1004 1399 1146 1464 inde
1192 1399 1485 1483 arguunt,
1534 1400 1700 1482 quod
1745 1421 1887 1465 cum
1926 1402 2113 1466 homo
2150 1404 2299 1469 tunc
2335 1403 2400 1467 in
2447 1422 2517 1468 eo
2558 1403 2660 1479 sit,
2694 1404 2773 1467 ut

308 1503 530 1572 ultimo
561 1521 677 1567 suo
724 1501 832 1568 fini
879 1501 1172 1586 coniungi
1217 1501 1455 1580 debeat,
1505 1502 1654 1568 tunc
1684 1504 1952 1569 maxime
1983 1505 2369 1580 convenicae,
2402 1524 2767 1585 conpr-num,

307 1604 475 1682 tetih,
514 1604 905 1680 commodem,
954 1605 1358 1684 offeramus
1402 1603 1508 1681 sit,
1556 1623 1620 1669 se
1668 1605 1745 1668 ad
1791 1604 1852 1668 id
1886 1604 2206 1688 disponere
2252 1626 2360 1688 per
2407 1605 2770 1671 exercitium

307 1707 777 1790 praecipuarum
809 1706 1118 1772 virtutum
1141 1707 1205 1769 et
1227 1705 1532 1772 caritatis.
1557 1705 1742 1788 Besp.
1778 1706 1965 1771 Plura
1994 1707 2121 1771 alia
2143 1709 2290 1772 sunt
2312 1707 2766 1780 convenientia,

309 1828 603 1890 conyrua,
649 1807 980 1881 commoda,
1029 1806 1234 1881 utilia,
1282 1812 1629 1887 opportuna
1645 1828 1667 1882 ,·
1704 1826 1931 1885 ‚verum
1983 1827 2094 1872 nec
2148 1810 2609 1873 convenientiae
2655 1827 2767 1873 nec

309 1911 609 1974 com-modi
647 1929 754 1976 nec
797 1910 1095 1975 utilitatis
1141 1928 1250 1975 nec
1280 1909 1764 1990 opportunitatis
1794 1911 1980 1988 ratio,
2012 1910 2118 1975 sed
2156 1911 2317 1977 ratio
2357 1910 2765 1983 necessitatis,

308 2032 344 2077 a
377 2031 504 2096 qua
535 2032 606 2078 se
628 2014 989 2080 subtrahere
1020 2012 1159 2095 quis
1190 2031 1314 2076 non
1340 2011 1557 2095 possit,
1593 2012 2039 2096 obligationem
2064 2032 2321 2098 gravem
2352 2014 2561 2097 potest
2590 2011 2772 2077 indu·

304 2135 456 2180 cere.
497 2114 664 2180 Satis
688 2135 832 2181 vero
864 2115 1246 2199 praecinctos
1269 2114 1459 2179 habet
1479 2114 1727 2180 lumbos
1760 2116 1823 2179 et
1843 2115 2195 2198 lampadem
2219 2115 2385 2200 gerit
2424 2133 2770 2192 accensam,

304 2218 588 2300 quisquis
617 2218 1045 2284 sanctificante
1075 2217 1285 2302 gratia
1318 2217 1575 2282 ornatus
1606 2217 1721 2281 Dei
1755 2218 1990 2283 amicus
2020 2218 2153 2283 imo
2181 2219 2245 2281 et
2275 2217 2443 2282 fflius
2475 2218 2587 2281 est.

388 2319 696 2385 Nonnulli
728 2321 978 2385 demum
1008 2340 1152 2385 cum
1186 2317 1494 2383 Cardenas
1540 2319 1634 2382 ita
1672 2321 1976 2404 arguunt:
2011 2320 2293 2385 doctrina
2324 2319 2620 2384 damnata
2652 2321 2769 2396 est,

304 2424 586 2489 sufficere
633 2424 822 2490 semel
869 2425 932 2488 in
979 2425 1111 2488 vita
1160 2424 1369 2487 actum
1416 2423 1697 2488 caritatis
1746 2425 2053 2502 elicuisse3
2104 2443 2250 2508 ergo
2284 2425 2422 2488 elici
2460 2425 2520 2486 in
2571 2426 2773 2488 morte

302 2525 502 2592 debet.
539 2527 724 2612 Resp.
759 2526 921 2591 Tum
952 2525 1119 2591 istud
1153 2524 1467 2609 sophisma
1500 2525 1637 2591 tum
1668 2527 2096 2610 praecedentia
2133 2525 2553 2591 infirmissima
2589 2546 2771 2611 argu-

300 2631 517 2697 menta
533 2650 607 2697 ea
636 2631 806 2706 sunt,
840 2631 1091 2713 propter
1105 2649 1270 2712 quae
1281 2630 1357 2694 de
1370 2627 1494 2695 ista
1513 2630 1915 2715 obligationis
1933 2631 2219 2713 opinione
2236 2629 2485 2713 scripsit
2499 2627 2773 2693 Sanchez

298 2730 450 2801 Dec.
495 2733 607 2799 lib.
642 2734 702 2796 2.
737 2752 790 2797 c.
825 2734 930 2796 35.
969 2754 1029 2797 n.
1072 2735 1132 2797 9.
1167 2732 1317 2797 Iure
1355 2735 1579 2814 optimo
1627 2732 1700 2795 id
1739 2733 2033 2812 reprobat
2059 2733 2257 2797 Aeor.
2292 2732 2373 2797 Et
2404 2731 2768 2796 Tamburini

294 2833 447 2900 Dec.
498 2835 613 2900 lib.
664 2837 724 2899 2.
775 2855 824 2899 c.
860 2836 921 2898 3.
970 2854 1029 2898 n.
1072 2836 1133 2897 4.
1183 2834 1432 2901 Ponere
1471 2834 1634 2899 hane
1664 2834 2123 2915 obliyationem,
2162 2855 2318 2915 quae
2350 2840 2509 2897 certe
2546 2832 2773 2911 funda-

293 2944 499 3005 mento
535 2937 734 3003 solido
767 2958 892 3001 non
923 2938 1241 3012 innititur,
1274 2938 1439 3002 nihil
1468 2936 1652 3001 aliud
1679 2942 1791 3010 est,
1832 2936 1963 3000 nisi
1998 2935 2324 3016 scrupulos
2363 2936 2663 3018 inyerere.
2691 2936 2772 2998 Et

293 3042 366 3106 de
399 3041 624 3108 eadem
656 3060 721 3106 re
751 3041 931 3125 Lugo
962 3041 1036 3105 de
1070 3039 1322 3105 Poenit.
1361 3041 1516 3124 disp.
1555 3040 1611 3104 7.
1647 3060 1707 3102 n.
1759 3038 1909 3102 276.
1947 3039 2099 3103 Non
2131 3037 2307 3102 debet
2335 3058 2480 3120 erqo
2523 3034 2773 3116 Confes-

291 3146 515 3209 sarius
561 3143 813 3225 laqueos
849 3143 1105 3206 iniicere
1130 3144 1479 3222 poenitenti
1508 3144 1578 3205 in
1601 3163 1669 3204 re
1707 3143 1965 3205 ineerta.

381 3243 555 3318 148.
582 3245 775 3310 Addit
797 3245 1024 3310 Suarez
1049 3245 1123 3308 de
1157 3243 1354 3309 Carit.
1384 3246 1539 3329 disp.
1569 3246 1630 3309 5.
1653 3247 1801 3308 sect.
1837 3246 1897 3307 3.
1925 3265 1984 3309 n.
2013 3246 2074 3307 4.
2102 3263 2245 3307 cum
2268 3244 2579 3308 communi
2609 3243 2773 3319 DD.,

291 3350 555 3434 saepius
579 3347 893 3413 hominem
925 3349 988 3412 in
1020 3348 1187 3411 vitae
1221 3367 1368 3412 suae
1402 3347 1683 3423 decursu,
1712 3346 2015 3411 eiusmodi
2048 3345 2259 3409 actum
2292 3345 2507 3409 elicere
2534 3345 2771 3409 debere.

292 3451 429 3531 Sed,
481 3452 570 3515 ut
614 3451 765 3515 bene
813 3453 993 3515 notat
1025 3451 1214 3514 etiam
1262 3449 1437 3535 Gury
1485 3450 1609 3515 vol.
1651 3450 1709 3512 1.
1755 3450 1812 3531 ξ.
1851 3449 2023 3527 219.,
2057 3447 2236 3512 facile
2268 3447 2413 3511 huic
2446 3448 2773 3529 praecepto

288 3554 505 3621 fideles
548 3552 976 3627 satisfaciunt3
1012 3552 1159 3634 quia
1206 3552 1452 3636 saepius
1500 3554 1676 3616 actus
1708 3550 1991 3615 caritatis
2029 3549 2303 3626 eliciunt,
2339 3547 2662 3633 gaudendo
2698 3547 2774 3610 de

294 3655 526 3722 divinis
576 3655 1078 3741 perfeetionims,
1129 3654 1399 3738 optando
1444 3655 1519 3719 ut
1563 3672 1744 3718 nemo
1794 3653 1995 3716 Deum
2045 3650 2333 3727 offendat,
2384 3648 2644 3713 dolendo
2700 3648 2775 3712 de

293 3760 410 3829 nei
458 3760 719 3827 offensis
764 3779 870 3842 per
918 3759 1075 3825 alios
1125 3758 1442 3841 irrogatis,
1492 3754 1895 3823 desiderando
1940 3755 2015 3818 ut
2063 3772 2275 3818 omnes
2335 3752 2518 3817 illum
2565 3752 2779 3816 colant

293 3865 356 3926 et
400 3866 481 3927 nt
531 3861 959 3928 sanctificetur
1002 3879 1224 3925 nomen
1263 3860 1415 3937 einS,
1464 3858 1719 3923 vitando
1768 3858 2040 3941 peccata,
2066 3856 2215 3938 quia
2259 3856 2379 3940 ipsi
2427 3855 2775 3938 displicent,

292 3966 607 4030 servando
637 3965 860 4048 legem,
898 3966 972 4028 ut
1015 3962 1108 4027 illi
1148 3962 1425 4028 serviant
1455 3962 1519 4025 et
1549 3981 1612 4025 se
1645 3959 1979 4025 subiiciant
2014 3960 2088 4023 ut
2120 3959 2410 4024 Domino.

377 4067 800 4135 Memoranda
834 4069 928 4132 est
959 4066 1094 4131 heic
1141 4064 1446 4131 sententia
1480 4064 1751 4143 illorum,
1787 4063 1893 4145 qui
1941 4061 2275 4126 voluerunt
2306 4062 2552 4144 tempus
2583 4060 2773 4124 huius

292 4172 713 4258 obligationis
746 4172 1064 4254 assignare
1111 4170 1210 4234 vel
1246 4168 1526 4251 quolibet
1556 4167 1653 4232 die
1701 4167 1858 4231 festo
1893 4166 1989 4229 vel
2036 4164 2316 4246 quolibet
2353 4183 2578 4240 mense,
2616 4181 2777 4245 quae

291 4272 619 4340 sententia
652 4273 888 4355 placuit
919 4291 967 4336 s,
1002 4272 1320 4354 Alphonso
1352 4290 1611 4353 eamque
1643 4269 1829 4334 refert
1867 4268 2063 4332 etiam·
2095 4265 2271 4350 Gury
2309 4266 2351 4329 l.
2387 4286 2439 4328 c.
2478 4265 2534 4345 ἓ.
2579 4266 2728 4328 218.

381 4377 530 4443 Nos
563 4377 867 4458 putamus
899 4375 1012 4439 has
1059 4374 1396 4439 sententias
1435 4371 1594 4438 nulli
1637 4369 2041 4436 fundamento
2075 4368 2280 4432 inniti.
2312 4368 2433 4431 Pro
2475 4365 2779 4431 eiusmodi

293 4479 599 4563 opinione
644 4496 767 4543 non
815 4478 1168 4561 allegantur
1215 4477 1335 4540 nisi
1381 4473 1689 4540 Cardenas
1736 4476 1803 4537 et
1847 4470 2064 4537 Croix:
2116 4470 2237 4535 vid.
2288 4490 2337 4534 S.
2387 4469 2571 4551 Alph.
2621 4469 2663 4532 l.
2716 4470 2776 4531 2.

293 4604 353 4647 n.
398 4586 462 4648 8.
507 4582 605 4647 At
649 4579 830 4646 Croix
877 4582 983 4645 lib.
1027 4584 1085 4644 2.
1138 4601 1194 4644 n.
1249 4580 1396 4643 141.
1435 4597 1601 4643 mere
1645 4577 1769 4641 ista
1820 4576 2041 4639 habet:
2100 4572 2257 4636 Ceo-m
2305 4572 2373 4635 in
2422 4574 2599 4632 tanta
2645 4589 2780 4632 sen-
