3497 5147
366 358 511 434 [lm]
1253 375 1340 415 na
1374 375 1793 418 nnuma-reno
2756 363 2829 417 75

366 472 575 555 petere
605 470 742 554 ipsa
774 470 1067 538 affirmat.
1101 471 1209 536 Ab
1246 472 1537 538 Ecclesia
1566 471 1663 537 vel
1690 472 2060 555 Religione-
2094 474 2378 555 quamvis
2409 493 2554 539 vera
2585 474 2831 559 Religio

366 592 491 639 non
538 573 661 639 nisi
703 573 769 638 in
816 574 1089 641 Ecclesia
1132 576 1220 640 sit
1264 594 1457 657 eaque
1484 576 1829 653 catholica3
1861 576 2334 659 independentia
2374 577 2584 641 tamen
2615 575 2833 642 Status

363 675 461 739 ita
508 693 574 740 se
619 675 924 758 explicare
968 679 1178 760 potest
1221 680 1296 742 ut
1342 697 1467 743 non
1513 679 1716 745 solum
1764 681 2020 762 respuat
2064 679 2342 744 debitam
2389 680 2833 745 subiectionem

368 778 739 847 auctoritati
767 778 1076 846 Ecclesiae
1105 799 1144 845 a
1176 782 1307 846 Deo
1331 781 1730 857 constitutae,
1758 782 1862 846 sed
1886 782 2048 847 nolit
2078 782 2270 847 etiam
2302 781 2499 846 ullam
2527 782 2835 846 rationem

369 879 595 943 habere
626 880 946 965 religionis
976 883 1038 947 h.
1079 902 1130 947 e.
1165 882 1360 948 divini
1404 883 1612 949 cultus
1649 882 1964 965 debitique
2011 884 2268 965 obsequi
2297 902 2421 964 quo
2460 883 2707 948 tenetur
2742 901 2836 949 so-

370 983 564 1048 cietas
594 1003 745 1069 erga
775 986 998 1050 Deum.
1036 986 1230 1052 Porro
1264 989 1600 1069 utrumque
1628 988 1857 1071 iugum
1885 987 2089 1052 reiicit
2118 986 2555 1051 liberalismus.
2589 984 2725 1066 Quo
2761 986 2836 1050 fit

372 1086 446 1149 ut
475 1086 893 1153 liberalismus
936 1088 1099 1154 inter
1144 1089 1472 1154 societates
1517 1108 1764 1171 quoque
1812 1089 2188 1154 acatholicae
2219 1089 2427 1173 vigere
2458 1089 2675 1172 possit,
2707 1090 2836 1154 imo

373 1190 439 1252 et
481 1190 643 1254 inter
688 1190 985 1256 infideles.

465 1285 621 1361 104.
648 1291 927 1357 Existere
959 1294 1212 1368 sectam,
1248 1312 1407 1375 quae
1438 1294 1556 1358 hoc
1586 1294 1861 1378 systema
1893 1293 2280 1376 profiteatur,
2314 1312 2411 1358 res
2441 1295 2537 1358 est
2571 1293 2636 1357 in
2666 1293 2834 1357 sacto

374 1393 601 1476 posita,
636 1393 923 1459 omnibns
968 1394 1617 1461 nota..Liberalismus
1665 1397 1877 1461 autem
1925 1397 2205 1474 vocatur,
2242 1397 2382 1460 tum
2417 1396 2565 1476 quia
2598 1395 2838 1460 alumni

372 1496 562 1565 huius
607 1497 812 1561 sectae
857 1496 1092 1579 seipsos
1137 1495 1449 1571 liberales,
1487 1500 1850 1581 nuncupant
1885 1498 2076 1580 (nova
2122 1498 2340 1580 utique
2386 1497 2839 1581 significatione

375 1598 576 1663 indita
622 1598 877 1675 nomini,
911 1599 1076 1680 quod
1126 1601 1309 1665 antea
1354 1600 1522 1664 aliud
1571 1601 1837 1665 sonabat
1882 1602 1945 1663 et
1992 1619 2154 1663 nunc
2199 1618 2446 1680 quoque
2491 1599 2700 1681 potest
2743 1617 2840 1663 re-

378 1702 799 1785 praesentare)
846 1703 983 1766 tum
1044 1703 1193 1784 quia
1238 1703 1595 1769 huiusmodi
1657 1702 2127 1785 independentia
2171 1720 2385 1784 reapse
2445 1702 2541 1765 est
2584 1699 2841 1765 libertas

383 1803 705 1886 quaedam,
746 1804 846 1869 sed
904 1804 1162 1870 libertas
1223 1806 1443 1880 carnis,
1493 1824 1601 1887 per
1646 1823 1838 1886 quam
1897 1804 2085 1869 homo
2150 1823 2364 1869 servus
2428 1804 2524 1868 est
2585 1804 2839 1885 peccati,

388 1906 627 1971 alienus
651 1924 689 1971 a
706 1906 951 1972 iustitia
975 1907 1120 1972 Dei:
1149 1907 1328 1972 Rom.
1357 1907 1467 1971 VI.
1496 1908 1737 1971 20.-22.
1762 1905 1923 1986 Quia
1947 1926 2092 1971 vero
2117 1907 2224 1989 qui
2250 1926 2314 1971 se
2337 1904 2845 1988 independentem

386 2008 467 2073 ab
513 2007 723 2090 aliquo
766 2009 1006 2083 asserit,
1046 2028 1316 2091 quocum
1361 2009 1657 2075 continuo
1702 2009 1882 2085 vivit,
1923 2009 2141 2091 nequit
2184 2009 2292 2074 diu
2338 2028 2517 2075 suam
2561 2007 2847 2095 indepen-

377 2110 656 2175 dentiam
712 2111 895 2187 tueri,
943 2112 1064 2177 nisi
1123 2111 1384 2177 eundem
1444 2110 1698 2177 tandem
1752 2112 1872 2176 sibi
1932 2112 2224 2177 subiiciat
2279 2113 2343 2177 et
2402 2113 2570 2193 quia,
2617 2110 2847 2177 reiecta

377 2213 593 2277 debita
635 2212 1039 2296 dependentia
1086 2234 1157 2281 ac
1203 2214 1583 2280 subiectione
1629 2214 1957 2292 Ecclesiae,
2007 2215 2134 2280 iam
2189 2234 2313 2281 non
2360 2216 2457 2280 est
2501 2215 2686 2292 ratio,
2736 2232 2848 2277 cur

380 2314 601 2379 Status
647 2335 860 2398 parem
904 2316 969 2381 in
1015 2335 1088 2381 ea
1134 2317 1578 2382 auctoritatem
1623 2319 2061 2401 recognoscam
2109 2318 2253 2382 hinc
2297 2320 2517 2400 sponte
2563 2318 2628 2381 et
2664 2315 2848 2380 facile

380 2437 454 2489 eo
498 2437 599 2483 res
644 2421 741 2483 est
786 2418 1075 2495 adducta,
1124 2419 1199 2483 ut
1244 2420 1425 2502 plena
1470 2419 1944 2503 independentia
1989 2418 2210 2485 Status
2259 2420 2337 2484 ab
2390 2420 2664 2484 Ecclesia
2709 2437 2849 2483 eva-

383 2521 574 2600 deret,
599 2540 633 2587 e
666 2522 973 2588 sententia
1017 2522 1389 2600 liberalium,
1417 2522 1684 2589 servitus
1716 2541 1827 2588 seu
1872 2521 2175 2588 subiectio
2206 2521 2514 2588 Ecclesiae
2549 2521 2851 2605 potestati

391 2622 626 2692 Status.
661 2625 867 2707 Atque
911 2625 1013 2690 hic
1058 2626 1155 2689 est
1199 2644 1351 2707 apex
1397 2625 1782 2691 liberalismi.
1815 2625 1996 2689 Prior
2039 2624 2310 2690 formula
2356 2626 2519 2690 erat:
2558 2621 2851 2688 Ecclesia

390 2725 589 2794 libera
630 2728 705 2791 im,
741 2726 935 2792 libero
974 2726 1159 2792 Statu
1175 2748 1198 2804 ;
1230 2728 1536 2811 posterior
1565 2730 1631 2794 et
1675 2728 2052 2793 accuratior:
2087 2726 2376 2792 Ecclesia
2419 2725 2676 2792 subdita
2702 2725 2852 2808 (nisi

390 2830 635 2895 exulare
681 2850 714 2895 e
761 2830 991 2896 mundo
1048 2831 1218 2906 velit,
1268 2831 1433 2912 quod
1480 2831 1760 2896 omnium
1807 2849 1947 2895 vere
1991 2830 2345 2896 liberalium
2403 2831 2501 2896 est
2543 2831 2608 2894 in
2655 2829 2851 2913 votis)

386 2931 589 2998 labero
632 2931 864 2998 Statua

482 3031 639 3108 1⁰5.
672 3033 939 3102 Constat
972 3037 1090 3102 hoc
1135 3037 1409 3121 systema
1453 3037 1821 3102 damnatum
1858 3055 1989 3101 esse
2036 3036 2224 3118 atque
2269 3034 2639 3099 damnatum
2673 3032 2853 3099 infal-

368 3139 551 3206 libili
581 3137 845 3204 Sanctae
868 3137 1041 3204 Sedis
1073 3139 1469 3205 auctoritate.
1497 3137 1592 3203 Of.
1614 3139 1780 3203 inter
1812 3139 1938 3203 alia
1960 3138 2317 3223 Encyclicas
2343 3137 2592 3202 litteras
2615 3135 2715 3200 Pii
2739 3134 2850 3200 IX.

394 3241 654 3324 Qunam
681 3261 855 3315 cura,
887 3262 961 3307 ex
1006 3242 1230 3324 quibus
1277 3242 1729 3326 propositiones
1762 3262 1802 3306 a
1831 3241 2088 3307 Summo
2125 3241 2426 3307 Pontifice
2472 3240 2851 3324 proscriptas

386 3345 672 3416 dedimus
703 3346 781 3410 ab
810 3345 990 3411 initio
1022 3346 1146 3411 vol.
1185 3347 1243 3409 1.
1280 3347 1347 3410 in
1377 3344 1626 3430 Sylloge
1658 3363 1872 3428 propp.
1913 3345 2368 3409 damnatarum.
2402 3342 2470 3407 Si
2505 3341 2855 3406 clausulam

384 3465 603 3516 earum
635 3447 990 3513 litterarum
1037 3447 1393 3530 perpendae,
1427 3447 1831 3513 manifestum
1860 3448 2002 3520 erit,
2033 3446 2122 3511 ibi
2165 3445 2532 3511 Pontificem
2570 3443 2850 3510 omnium

370 3547 890 3616 -Cbristianorum
919 3550 1201 3616 Pastoris
1231 3551 1296 3613 et
1327 3550 1614 3615 Doctoris
1658 3569 1915 3614 munere
1945 3548 2123 3632 fungi
2159 3551 2223 3612 et
2260 3565 2371 3630 pro
2417 3564 2706 3628 suprema
2738 3562 2853 3608 sua

392 3651 756 3735 Apostolica
818 3653 1193 3717 auctoritate
1225 3653 1601 3743 ‚doctrinam
1661 3651 1735 3716 de
1781 3651 1901 3714 fide
1947 3651 2046 3714 vel
2091 3649 2370 3713 moribus
2432 3648 2510 3711 ab
2563 3646 2853 3710 universa

380 3755 671 3821 *Ecclesia
698 3755 1028 3820 tenendam
1060 3756 1309 3821 definire
1339 3755 1598 3838 ideoque
1630 3755 1765 3820 eius
1794 3754 2217 3818 definitionem
2254 3752 2647 3818 infallibilem
2678 3768 2851 3815 esse:

399 3856 581 3926 Cone.
622 3859 823 3924 Vatic.
857 3858 1071 3925 Const.
1111 3859 1319 3944 dogm.
1359 3881 1410 3925 c.
1452 3862 1513 3924 4.

487 3963 631 4027 Huc
662 3981 908 4045 quoque
952 3963 1105 4028 facit
1142 3961 1430 4047 Syllabus
1476 3962 1751 4026 eiusdem
1780 3961 1879 4025 Pii
1910 3961 2044 4037 IX„
2078 3961 2187 4042 qui
2231 3962 2441 4026 tamen
2474 3959 2766 4044 Syllabas
2795 3961 2861 4023 et

382 4065 556 4132 alios
618 4083 856 4130 errores
908 4065 1185 4143 damna-t,
1233 4067 1389 4147 puta
1434 4064 1837 4142 Pantheismi,
1887 4063 2351 4141 Rationalismi,
2400 4061 2857 4139 Materialismi,

398 4166 505 4250 qui
550 4166 971 4234 liberalismus
1016 4168 1260 4251 proprie
1317 4185 1442 4232 non
1489 4167 1677 4242 sunt;
1726 4165 2014 4249 quamvis
2059 4166 2266 4248 plures
2330 4165 2517 4245 atque
2564 4162 2864 4245 primipili

398 4270 756 4338 liberalium
803 4288 907 4335 eos
949 4271 1013 4334 in
1060 4269 1297 4334 deliciis
1348 4270 1620 4352 habeant
1664 4271 1730 4334 et
1777 4287 2122 4352 propagare
2166 4267 2478 4344 studeant,
2527 4267 2602 4329 ut
2645 4265 2867 4330 libera-

400 4371 657 4439 lismum
689 4372 1001 4437 efficacius
1030 4373 1346 4437 tueantur.

394 4535 397 4542 .
489 4475 637 4541 Nisi
665 4475 847 4557 plura
881 4474 1250 4540 confundere
1294 4475 1579 4552 velimuS,
1608 4474 2049 4550 liberalismuS,
2083 4471 2420 4537 secundum
2452 4489 2637 4535 suum
2670 4485 2867 4533 essen-

406 4577 622 4643 tialem
659 4579 1025 4660 conceptum
1071 4580 1407 4661 spectatae,
1441 4576 1913 4661 distinguendus
1962 4577 2057 4640 est
2104 4575 2181 4638 ab
2227 4574 2554 4648 atheismo‚
2590 4564 2866 4653 panthei-
