<?xml version="1.0" encoding="UTF-8"?>
<!DOCTYPE html PUBLIC "-//W3C//DTD XHTML 1.0 Transitional//EN"
    "http://www.w3.org/TR/xhtml1/DTD/xhtml1-transitional.dtd">
<html xmlns="http://www.w3.org/1999/xhtml" xml:lang="en" lang="en">
 <head>
  <title>
</title>
<meta http-equiv="Content-Type" content="text/html;charset=utf-8" />
  <meta name='ocr-system' content='tesseract 3.04.00' />
  <meta name='ocr-capabilities' content='ocr_page ocr_carea ocr_par ocr_line ocrx_word'/>
</head>
<body>
  <div class='ocr_page' id='page_1' title='image "./opustheologicum00ballgoog/opustheologicum00ballgoog_0095.png"; bbox 0 0 3497 5147; ppageno 0'>
   <div class='ocr_carea' id='block_1_1' title="bbox 641 350 3100 425">
    <p class='ocr_par' dir='ltr' id='par_1_1' title="bbox 641 350 3100 425">
     <span class='ocr_line' id='line_1_1' title="bbox 641 350 3100 425; baseline -0.003 -12"><span class='ocrx_word' id='word_1_1' title='bbox 641 358 717 413; x_wconf 78' lang='grc'>88</span> <span class='ocrx_word' id='word_1_2' title='bbox 1216 374 1430 415; x_wconf 49' lang='lat' dir='ltr'>macr.</span> <span class='ocrx_word' id='word_1_3' title='bbox 1472 375 1525 416; x_wconf 90' lang='lat' dir='ltr'>v.</span> <span class='ocrx_word' id='word_1_4' title='bbox 1565 374 1726 415; x_wconf 63' lang='grc' dir='ltr'><strong>εκεῖ.</strong></span> <span class='ocrx_word' id='word_1_5' title='bbox 1769 375 1830 413; x_wconf 92' lang='lat'>11.</span> <span class='ocrx_word' id='word_1_6' title='bbox 1872 372 1956 411; x_wconf 70' lang='lat' dir='ltr'>mr</span> <span class='ocrx_word' id='word_1_7' title='bbox 1996 370 2351 412; x_wconf 60' lang='lat' dir='ltr'>pnancmpro</span> <span class='ocrx_word' id='word_1_8' title='bbox 2391 369 2523 410; x_wconf 66' lang='lat' dir='ltr'>svm</span> <span class='ocrx_word' id='word_1_9' title='bbox 2956 350 3100 425; x_wconf 78' lang='lat'>[118]</span> 
     </span>
    </p>
   </div>
   <div class='ocr_carea' id='block_1_2' title="bbox 634 462 3107 3320">
    <p class='ocr_par' dir='ltr' id='par_1_2' title="bbox 640 462 3101 1471">
     <span class='ocr_line' id='line_1_2' title="bbox 643 462 3101 554; baseline -0.004 -19"><span class='ocrx_word' id='word_1_10' title='bbox 643 472 777 536; x_wconf 76' lang='lat' dir='ltr'>vita</span> <span class='ocrx_word' id='word_1_11' title='bbox 812 490 1047 551; x_wconf 77' lang='lat' dir='ltr'>sumuS,</span> <span class='ocrx_word' id='word_1_12' title='bbox 1085 474 1291 554; x_wconf 88' lang='lat' dir='ltr'>potest</span> <span class='ocrx_word' id='word_1_13' title='bbox 1322 491 1451 536; x_wconf 85' lang='lat' dir='ltr'>esse</span> <span class='ocrx_word' id='word_1_14' title='bbox 1478 471 1851 535; x_wconf 85' lang='lat' dir='ltr'>accidentale</span> <span class='ocrx_word' id='word_1_15' title='bbox 1886 470 2412 553; x_wconf 78' lang='lat' dir='ltr'>impedimentum,</span> <span class='ocrx_word' id='word_1_16' title='bbox 2439 486 2513 529; x_wconf 89' lang='lat' dir='ltr'>ne</span> <span class='ocrx_word' id='word_1_17' title='bbox 2544 484 2701 548; x_wconf 71' lang='lat' dir='ltr'>SpeS,</span> <span class='ocrx_word' id='word_1_18' title='bbox 2742 482 2901 546; x_wconf 88' lang='lat' dir='ltr'>quae</span> <span class='ocrx_word' id='word_1_19' title='bbox 2934 462 3006 527; x_wconf 89' lang='lat' dir='ltr'>de</span> <span class='ocrx_word' id='word_1_20' title='bbox 3037 481 3101 527; x_wconf 83' lang='lat' dir='ltr'>se</span> 
     </span>
     <span class='ocr_line' id='line_1_3' title="bbox 642 569 3101 654; baseline -0.004 -15"><span class='ocrx_word' id='word_1_21' title='bbox 642 575 1080 639; x_wconf 80' lang='lat' dir='ltr'>certitudinem</span> <span class='ocrx_word' id='word_1_22' title='bbox 1117 574 1324 652; x_wconf 86' lang='lat' dir='ltr'>habet,</span> <span class='ocrx_word' id='word_1_23' title='bbox 1382 594 1565 638; x_wconf 89' lang='lat' dir='ltr'>suum</span> <span class='ocrx_word' id='word_1_24' title='bbox 1613 574 1797 638; x_wconf 91' lang='lat' dir='ltr'>finem</span> <span class='ocrx_word' id='word_1_25' title='bbox 1853 574 2267 654; x_wconf 76' lang='lat' dir='ltr'>consequatur</span> <span class='ocrx_word' id='word_1_26' title='bbox 2304 572 2366 634; x_wconf 89' lang='lat' dir='ltr'>et</span> <span class='ocrx_word' id='word_1_27' title='bbox 2414 569 2548 632; x_wconf 90' lang='lat' dir='ltr'>ideo</span> <span class='ocrx_word' id='word_1_28' title='bbox 2601 586 2764 631; x_wconf 88' lang='lat' dir='ltr'>nunc</span> <span class='ocrx_word' id='word_1_29' title='bbox 2810 586 2952 630; x_wconf 90' lang='lat' dir='ltr'>cum</span> <span class='ocrx_word' id='word_1_30' title='bbox 2999 585 3101 649; x_wconf 86' lang='lat' dir='ltr'>spe</span> 
     </span>
     <span class='ocr_line' id='line_1_4' title="bbox 643 667 3099 762; baseline -0.003 -22"><span class='ocrx_word' id='word_1_31' title='bbox 643 677 1008 762; x_wconf 85' lang='lat' dir='ltr'>adiungitur</span> <span class='ocrx_word' id='word_1_32' title='bbox 1041 679 1229 742; x_wconf 87' lang='lat' dir='ltr'>timor</span> <span class='ocrx_word' id='word_1_33' title='bbox 1266 676 1674 759; x_wconf 76' lang='lat' dir='ltr'>separationis</span> <span class='ocrx_word' id='word_1_34' title='bbox 1722 702 1784 739; x_wconf 82' lang='lat'>»..</span> <span class='ocrx_word' id='word_1_35' title='bbox 1836 675 1915 740; x_wconf 87' lang='lat' dir='ltr'>Et</span> <span class='ocrx_word' id='word_1_36' title='bbox 1960 694 2194 752; x_wconf 78' lang='lat' dir='ltr'>rursuS,</span> <span class='ocrx_word' id='word_1_37' title='bbox 2245 672 2391 738; x_wconf 82' lang='lat' dir='ltr'>ibid.</span> <span class='ocrx_word' id='word_1_38' title='bbox 2435 671 2510 736; x_wconf 87' lang='lat' dir='ltr'>ad</span> <span class='ocrx_word' id='word_1_39' title='bbox 2552 670 2642 734; x_wconf 82' lang='lat'>2.:</span> <span class='ocrx_word' id='word_1_40' title='bbox 2695 696 2727 725; x_wconf 80' lang='grc'><em>«</em></span> <span class='ocrx_word' id='word_1_41' title='bbox 2776 667 3099 733; x_wconf 87' lang='lat' dir='ltr'>Certitudo</span> 
     </span>
     <span class='ocr_line' id='line_1_5' title="bbox 640 772 3098 864; baseline -0.003 -21"><span class='ocrx_word' id='word_1_42' title='bbox 640 780 1015 864; x_wconf 77' lang='lat' dir='ltr'>cognitionis</span> <span class='ocrx_word' id='word_1_43' title='bbox 1047 798 1367 861; x_wconf 83' lang='lat' dir='ltr'>nunquam</span> <span class='ocrx_word' id='word_1_44' title='bbox 1399 778 1637 853; x_wconf 83' lang='lat' dir='ltr'>deficit;</span> <span class='ocrx_word' id='word_1_45' title='bbox 1674 777 1778 843; x_wconf 88' lang='lat' dir='ltr'>sed</span> <span class='ocrx_word' id='word_1_46' title='bbox 1804 777 2110 842; x_wconf 77' lang='lat' dir='ltr'>certitudo</span> <span class='ocrx_word' id='word_1_47' title='bbox 2145 780 2404 840; x_wconf 83' lang='lat' dir='ltr'>naturae</span> <span class='ocrx_word' id='word_1_48' title='bbox 2436 773 2642 838; x_wconf 85' lang='lat' dir='ltr'>deficit</span> <span class='ocrx_word' id='word_1_49' title='bbox 2676 772 2944 854; x_wconf 89' lang='lat' dir='ltr'>quidem,</span> <span class='ocrx_word' id='word_1_50' title='bbox 2981 791 3098 836; x_wconf 90' lang='lat' dir='ltr'>non</span> 
     </span>
     <span class='ocr_line' id='line_1_6' title="bbox 642 872 3100 964; baseline -0.003 -19"><span class='ocrx_word' id='word_1_51' title='bbox 642 899 748 963; x_wconf 90' lang='lat' dir='ltr'>per</span> <span class='ocrx_word' id='word_1_52' title='bbox 780 901 863 957; x_wconf 86' lang='lat' dir='ltr'>se,</span> <span class='ocrx_word' id='word_1_53' title='bbox 899 881 1003 945; x_wconf 89' lang='lat' dir='ltr'>sed</span> <span class='ocrx_word' id='word_1_54' title='bbox 1052 901 1159 964; x_wconf 88' lang='lat' dir='ltr'>per</span> <span class='ocrx_word' id='word_1_55' title='bbox 1206 880 1517 959; x_wconf 89' lang='lat' dir='ltr'>accidens;</span> <span class='ocrx_word' id='word_1_56' title='bbox 1552 881 1700 962; x_wconf 88' lang='lat' dir='ltr'>quia</span> <span class='ocrx_word' id='word_1_57' title='bbox 1736 882 1881 944; x_wconf 91' lang='lat' dir='ltr'>talis</span> <span class='ocrx_word' id='word_1_58' title='bbox 1914 878 2185 944; x_wconf 83' lang='lat' dir='ltr'>defectus</span> <span class='ocrx_word' id='word_1_59' title='bbox 2219 899 2344 941; x_wconf 75' lang='lat' dir='ltr'>non</span> <span class='ocrx_word' id='word_1_60' title='bbox 2376 880 2470 941; x_wconf 77' lang='lat' dir='ltr'>est</span> <span class='ocrx_word' id='word_1_61' title='bbox 2505 897 2582 939; x_wconf 73' lang='lat' dir='ltr'>ex</span> <span class='ocrx_word' id='word_1_62' title='bbox 2628 878 2761 955; x_wconf 73' lang='lat' dir='ltr'>²P30</span> <span class='ocrx_word' id='word_1_63' title='bbox 2808 872 3100 938; x_wconf 60' lang='lat' dir='ltr'>directim</span> 
     </span>
     <span class='ocr_line' id='line_1_7' title="bbox 643 977 3101 1064; baseline -0.002 -20"><span class='ocrx_word' id='word_1_64' title='bbox 643 983 714 1045; x_wconf 75' lang='lat' dir='ltr'>in</span> <span class='ocrx_word' id='word_1_65' title='bbox 760 982 968 1061; x_wconf 76' lang='lat' dir='ltr'>finem,</span> <span class='ocrx_word' id='word_1_66' title='bbox 1018 1002 1088 1046; x_wconf 85' lang='lat' dir='ltr'>ex</span> <span class='ocrx_word' id='word_1_67' title='bbox 1136 1002 1256 1064; x_wconf 89' lang='lat' dir='ltr'>quo</span> <span class='ocrx_word' id='word_1_68' title='bbox 1306 983 1492 1047; x_wconf 85' lang='lat' dir='ltr'>habet</span> <span class='ocrx_word' id='word_1_69' title='bbox 1539 983 1995 1061; x_wconf 88' lang='lat' dir='ltr'>certitudinem,</span> <span class='ocrx_word' id='word_1_70' title='bbox 2032 982 2136 1046; x_wconf 87' lang='lat' dir='ltr'>sed</span> <span class='ocrx_word' id='word_1_71' title='bbox 2184 1000 2254 1044; x_wconf 82' lang='lat' dir='ltr'>ex</span> <span class='ocrx_word' id='word_1_72' title='bbox 2303 980 2511 1062; x_wconf 86' lang='lat' dir='ltr'>aliquo</span> <span class='ocrx_word' id='word_1_73' title='bbox 2561 977 2906 1043; x_wconf 87' lang='lat' dir='ltr'>accidente:</span> <span class='ocrx_word' id='word_1_74' title='bbox 2941 977 3101 1041; x_wconf 86' lang='lat' dir='ltr'>sicut</span> 
     </span>
     <span class='ocr_line' id='line_1_8' title="bbox 643 1078 3101 1167; baseline -0.002 -20"><span class='ocrx_word' id='word_1_75' title='bbox 643 1084 807 1167; x_wconf 87' lang='lat' dir='ltr'>ignis</span> <span class='ocrx_word' id='word_1_76' title='bbox 839 1084 1027 1147; x_wconf 86' lang='lat' dir='ltr'>habet</span> <span class='ocrx_word' id='word_1_77' title='bbox 1065 1084 1496 1147; x_wconf 81' lang='lat' dir='ltr'>certitudinem</span> <span class='ocrx_word' id='word_1_78' title='bbox 1523 1084 1878 1149; x_wconf 87' lang='lat' dir='ltr'>absolutam</span> <span class='ocrx_word' id='word_1_79' title='bbox 1912 1082 2306 1148; x_wconf 84' lang='lat' dir='ltr'>calefaciendi</span> <span class='ocrx_word' id='word_1_80' title='bbox 2329 1084 2392 1147; x_wconf 90' lang='lat' dir='ltr'>et</span> <span class='ocrx_word' id='word_1_81' title='bbox 2423 1084 2632 1145; x_wconf 86' lang='lat' dir='ltr'>tamen</span> <span class='ocrx_word' id='word_1_82' title='bbox 2664 1078 2871 1142; x_wconf 89' lang='lat' dir='ltr'>deficit</span> <span class='ocrx_word' id='word_1_83' title='bbox 2907 1098 3101 1160; x_wconf 84' lang='lat' dir='ltr'>quan-</span> 
     </span>
     <span class='ocr_line' id='line_1_9' title="bbox 643 1179 3099 1269; baseline -0.002 -21"><span class='ocrx_word' id='word_1_84' title='bbox 643 1185 846 1267; x_wconf 91' lang='lat' dir='ltr'>doque</span> <span class='ocrx_word' id='word_1_85' title='bbox 879 1205 948 1249; x_wconf 83' lang='lat' dir='ltr'>ex</span> <span class='ocrx_word' id='word_1_86' title='bbox 982 1186 1190 1267; x_wconf 89' lang='lat' dir='ltr'>aliquo</span> <span class='ocrx_word' id='word_1_87' title='bbox 1215 1187 1676 1269; x_wconf 89' lang='lat' dir='ltr'>impedimento.</span> <span class='ocrx_word' id='word_1_88' title='bbox 1713 1187 1793 1250; x_wconf 86' lang='lat' dir='ltr'>Et</span> <span class='ocrx_word' id='word_1_89' title='bbox 1812 1187 2101 1250; x_wconf 88' lang='lat' dir='ltr'>similiter</span> <span class='ocrx_word' id='word_1_90' title='bbox 2125 1186 2315 1249; x_wconf 90' lang='lat' dir='ltr'>etiam</span> <span class='ocrx_word' id='word_1_91' title='bbox 2340 1186 2434 1248; x_wconf 88' lang='lat' dir='ltr'>est</span> <span class='ocrx_word' id='word_1_92' title='bbox 2467 1183 2539 1247; x_wconf 90' lang='lat' dir='ltr'>de</span> <span class='ocrx_word' id='word_1_93' title='bbox 2564 1202 2698 1265; x_wconf 84' lang='lat' dir='ltr'>spe:</span> <span class='ocrx_word' id='word_1_94' title='bbox 2726 1179 2887 1245; x_wconf 88' lang='lat' dir='ltr'>unde</span> <span class='ocrx_word' id='word_1_95' title='bbox 2913 1180 3099 1245; x_wconf 91' lang='lat' dir='ltr'>etiam</span> 
     </span>
     <span class='ocr_line' id='line_1_10' title="bbox 644 1280 3100 1371; baseline -0.002 -20"><span class='ocrx_word' id='word_1_96' title='bbox 644 1289 780 1370; x_wconf 86' lang='lat' dir='ltr'>ipsa</span> <span class='ocrx_word' id='word_1_97' title='bbox 814 1287 1233 1352; x_wconf 77' lang='lat' dir='ltr'>inclinationis</span> <span class='ocrx_word' id='word_1_98' title='bbox 1259 1292 1518 1353; x_wconf 87' lang='lat' dir='ltr'>naturae</span> <span class='ocrx_word' id='word_1_99' title='bbox 1544 1289 1851 1353; x_wconf 88' lang='lat' dir='ltr'>certitudo</span> <span class='ocrx_word' id='word_1_100' title='bbox 1877 1288 2106 1352; x_wconf 89' lang='lat' dir='ltr'>dicitur</span> <span class='ocrx_word' id='word_1_101' title='bbox 2144 1306 2300 1371; x_wconf 81' lang='lat' dir='ltr'>speS,</span> <span class='ocrx_word' id='word_1_102' title='bbox 2337 1288 2410 1349; x_wconf 91' lang='lat' dir='ltr'>ut</span> <span class='ocrx_word' id='word_1_103' title='bbox 2447 1287 2620 1368; x_wconf 83' lang='lat' dir='ltr'>patet</span> <span class='ocrx_word' id='word_1_104' title='bbox 2657 1283 2837 1347; x_wconf 88' lang='lat' dir='ltr'>Rom.</span> <span class='ocrx_word' id='word_1_105' title='bbox 2867 1280 2975 1345; x_wconf 86' lang='lat' dir='ltr'>IV.</span> <span class='ocrx_word' id='word_1_106' title='bbox 3001 1282 3100 1369; x_wconf 54' lang='lat'>133.</span> 
     </span>
     <span class='ocr_line' id='line_1_11' title="bbox 652 1390 1920 1471; baseline 0.001 -19"><span class='ocrx_word' id='word_1_107' title='bbox 652 1390 776 1471; x_wconf 73' lang='lat' dir='ltr'>Qui</span> <span class='ocrx_word' id='word_1_108' title='bbox 806 1394 1021 1453; x_wconf 75' lang='lat' dir='ltr'>eontra</span> <span class='ocrx_word' id='word_1_109' title='bbox 1058 1410 1229 1470; x_wconf 78' lang='lat' dir='ltr'>spem</span> <span class='ocrx_word' id='word_1_110' title='bbox 1268 1392 1332 1453; x_wconf 77' lang='lat' dir='ltr'>in</span> <span class='ocrx_word' id='word_1_111' title='bbox 1363 1411 1533 1470; x_wconf 77' lang='lat' dir='ltr'>spe-m</span> <span class='ocrx_word' id='word_1_112' title='bbox 1562 1391 1831 1455; x_wconf 75' lang='lat' dir='ltr'>credidit</span> <span class='ocrx_word' id='word_1_113' title='bbox 1859 1416 1920 1453; x_wconf 80' lang='lat'>».</span> 
     </span>
    </p>

    <p class='ocr_par' dir='ltr' id='par_1_3' title="bbox 642 1486 3105 1678">
     <span class='ocr_line' id='line_1_12' title="bbox 736 1486 3105 1577; baseline -0.003 -21"><span class='ocrx_word' id='word_1_114' title='bbox 736 1493 1004 1558; x_wconf 88' lang='lat' dir='ltr'>Deficere</span> <span class='ocrx_word' id='word_1_115' title='bbox 1043 1496 1253 1557; x_wconf 88' lang='lat' dir='ltr'>autem</span> <span class='ocrx_word' id='word_1_116' title='bbox 1301 1513 1408 1577; x_wconf 89' lang='lat' dir='ltr'>per</span> <span class='ocrx_word' id='word_1_117' title='bbox 1441 1494 1717 1558; x_wconf 86' lang='lat' dir='ltr'>accidens</span> <span class='ocrx_word' id='word_1_118' title='bbox 1765 1511 1886 1557; x_wconf 89' lang='lat' dir='ltr'>non</span> <span class='ocrx_word' id='word_1_119' title='bbox 1919 1491 2150 1556; x_wconf 89' lang='lat' dir='ltr'>indicat</span> <span class='ocrx_word' id='word_1_120' title='bbox 2187 1491 2490 1555; x_wconf 86' lang='lat' dir='ltr'>defectum</span> <span class='ocrx_word' id='word_1_121' title='bbox 2531 1508 2601 1552; x_wconf 84' lang='lat' dir='ltr'>ex</span> <span class='ocrx_word' id='word_1_122' title='bbox 2635 1488 2809 1570; x_wconf 87' lang='lat' dir='ltr'>parte</span> <span class='ocrx_word' id='word_1_123' title='bbox 2841 1486 2957 1549; x_wconf 89' lang='lat' dir='ltr'>Dei</span> <span class='ocrx_word' id='word_1_124' title='bbox 2997 1487 3105 1550; x_wconf 86' lang='lat' dir='ltr'>aut</span> 
     </span>
     <span class='ocr_line' id='line_1_13' title="bbox 642 1588 3056 1678; baseline -0.004 -19"><span class='ocrx_word' id='word_1_125' title='bbox 642 1615 715 1659; x_wconf 77' lang='lat' dir='ltr'>ex</span> <span class='ocrx_word' id='word_1_126' title='bbox 748 1597 922 1678; x_wconf 89' lang='lat' dir='ltr'>parte</span> <span class='ocrx_word' id='word_1_127' title='bbox 954 1595 1318 1671; x_wconf 89' lang='lat' dir='ltr'>mediorum,</span> <span class='ocrx_word' id='word_1_128' title='bbox 1368 1596 1578 1678; x_wconf 90' lang='lat' dir='ltr'>prouti</span> <span class='ocrx_word' id='word_1_129' title='bbox 1616 1615 1652 1658; x_wconf 83' lang='lat' dir='ltr'>a</span> <span class='ocrx_word' id='word_1_130' title='bbox 1684 1595 1815 1660; x_wconf 89' lang='lat' dir='ltr'>Deo</span> <span class='ocrx_word' id='word_1_131' title='bbox 1849 1596 2014 1672; x_wconf 86' lang='lat' dir='ltr'>sunt,</span> <span class='ocrx_word' id='word_1_132' title='bbox 2051 1593 2155 1657; x_wconf 87' lang='lat' dir='ltr'>sed</span> <span class='ocrx_word' id='word_1_133' title='bbox 2187 1591 2620 1657; x_wconf 88' lang='lat' dir='ltr'>tantummodo</span> <span class='ocrx_word' id='word_1_134' title='bbox 2660 1609 2732 1654; x_wconf 81' lang='lat' dir='ltr'>ex</span> <span class='ocrx_word' id='word_1_135' title='bbox 2769 1588 3056 1671; x_wconf 69' lang='lat' dir='ltr'>peccatis</span> 
     </span>
    </p>

    <p class='ocr_par' dir='ltr' id='par_1_4' title="bbox 634 1690 3107 2188">
     <span class='ocr_line' id='line_1_14' title="bbox 734 1690 3100 1780; baseline -0.003 -19"><span class='ocrx_word' id='word_1_136' title='bbox 734 1697 833 1761; x_wconf 88' lang='lat' dir='ltr'>Ita</span> <span class='ocrx_word' id='word_1_137' title='bbox 881 1717 928 1761; x_wconf 82' lang='lat' dir='ltr'>S.</span> <span class='ocrx_word' id='word_1_138' title='bbox 964 1698 1236 1762; x_wconf 79' lang='lat' dir='ltr'>Thomas</span> <span class='ocrx_word' id='word_1_139' title='bbox 1286 1700 1345 1761; x_wconf 96' lang='grc'>2.</span> <span class='ocrx_word' id='word_1_140' title='bbox 1383 1699 1442 1760; x_wconf 86' lang='grc'>2.</span> <span class='ocrx_word' id='word_1_141' title='bbox 1494 1717 1552 1780; x_wconf 89' lang='lat' dir='ltr'>q.</span> <span class='ocrx_word' id='word_1_142' title='bbox 1606 1698 1708 1760; x_wconf 79' lang='lat'>18.</span> <span class='ocrx_word' id='word_1_143' title='bbox 1745 1698 1863 1760; x_wconf 90' lang='lat' dir='ltr'>art.</span> <span class='ocrx_word' id='word_1_144' title='bbox 1899 1699 1959 1760; x_wconf 85' lang='lat'>4.</span> <span class='ocrx_word' id='word_1_145' title='bbox 2003 1696 2079 1760; x_wconf 89' lang='lat' dir='ltr'>ad</span> <span class='ocrx_word' id='word_1_146' title='bbox 2118 1698 2212 1759; x_wconf 84' lang='lat'>3.:</span> <span class='ocrx_word' id='word_1_147' title='bbox 2270 1720 2304 1753; x_wconf 76' lang='grc'>«</span> <span class='ocrx_word' id='word_1_148' title='bbox 2343 1692 2703 1769; x_wconf 83' lang='lat' dir='ltr'>Dicendum,</span> <span class='ocrx_word' id='word_1_149' title='bbox 2753 1690 2918 1773; x_wconf 88' lang='lat' dir='ltr'>quod</span> <span class='ocrx_word' id='word_1_150' title='bbox 2966 1692 3100 1767; x_wconf 89' lang='lat' dir='ltr'>hoc,</span> 
     </span>
     <span class='ocr_line' id='line_1_15' title="bbox 642 1793 3107 1882; baseline -0.003 -18"><span class='ocrx_word' id='word_1_151' title='bbox 642 1799 808 1881; x_wconf 89' lang='lat' dir='ltr'>quod</span> <span class='ocrx_word' id='word_1_152' title='bbox 858 1800 1051 1880; x_wconf 84' lang='lat' dir='ltr'>aliqui</span> <span class='ocrx_word' id='word_1_153' title='bbox 1083 1800 1377 1863; x_wconf 86' lang='lat' dir='ltr'>habentes</span> <span class='ocrx_word' id='word_1_154' title='bbox 1412 1819 1601 1882; x_wconf 90' lang='lat' dir='ltr'>spem,</span> <span class='ocrx_word' id='word_1_155' title='bbox 1637 1800 1927 1863; x_wconf 85' lang='lat' dir='ltr'>deficiant</span> <span class='ocrx_word' id='word_1_156' title='bbox 1960 1818 1994 1861; x_wconf 90' lang='lat' dir='ltr'>a</span> <span class='ocrx_word' id='word_1_157' title='bbox 2029 1798 2460 1862; x_wconf 87' lang='lat' dir='ltr'>consecutione</span> <span class='ocrx_word' id='word_1_158' title='bbox 2507 1793 2931 1869; x_wconf 51' lang='lat' dir='ltr'>beatitudinis</span> <span class='ocrx_word' id='word_1_159' title='bbox 2967 1812 3107 1857; x_wconf 88' lang='lat' dir='ltr'>con-</span> 
     </span>
     <span class='ocr_line' id='line_1_16' title="bbox 634 1898 3102 1985; baseline -0.003 -20"><span class='ocrx_word' id='word_1_160' title='bbox 634 1904 836 1985; x_wconf 74' lang='lat' dir='ltr'>&#39;tingit</span> <span class='ocrx_word' id='word_1_161' title='bbox 867 1921 936 1965; x_wconf 81' lang='lat' dir='ltr'>ex</span> <span class='ocrx_word' id='word_1_162' title='bbox 968 1902 1208 1966; x_wconf 84' lang='lat' dir='ltr'>defectu</span> <span class='ocrx_word' id='word_1_163' title='bbox 1231 1903 1409 1965; x_wconf 88' lang='lat' dir='ltr'>liberi</span> <span class='ocrx_word' id='word_1_164' title='bbox 1435 1903 1676 1966; x_wconf 87' lang='lat' dir='ltr'>arbitrii</span> <span class='ocrx_word' id='word_1_165' title='bbox 1708 1903 1991 1985; x_wconf 87' lang='lat' dir='ltr'>ponentis</span> <span class='ocrx_word' id='word_1_166' title='bbox 2026 1901 2418 1965; x_wconf 81' lang='lat' dir='ltr'>obstaculum</span> <span class='ocrx_word' id='word_1_167' title='bbox 2450 1898 2702 1982; x_wconf 84' lang='lat' dir='ltr'>peccati,</span> <span class='ocrx_word' id='word_1_168' title='bbox 2738 1915 2859 1960; x_wconf 90' lang='lat' dir='ltr'>non</span> <span class='ocrx_word' id='word_1_169' title='bbox 2893 1898 3102 1960; x_wconf 86' lang='lat' dir='ltr'>autem</span> 
     </span>
     <span class='ocr_line' id='line_1_17' title="bbox 644 1998 3103 2086; baseline -0.002 -18"><span class='ocrx_word' id='word_1_170' title='bbox 644 2023 716 2068; x_wconf 82' lang='lat' dir='ltr'>ex</span> <span class='ocrx_word' id='word_1_171' title='bbox 753 2003 994 2067; x_wconf 87' lang='lat' dir='ltr'>defectu</span> <span class='ocrx_word' id='word_1_172' title='bbox 1032 2005 1345 2086; x_wconf 81' lang='lat' dir='ltr'>potentiae</span> <span class='ocrx_word' id='word_1_173' title='bbox 1402 2004 1498 2067; x_wconf 82' lang='lat' dir='ltr'>vel</span> <span class='ocrx_word' id='word_1_174' title='bbox 1544 2004 2019 2079; x_wconf 80' lang='lat' dir='ltr'>misericordiae,</span> <span class='ocrx_word' id='word_1_175' title='bbox 2066 2004 2165 2067; x_wconf 88' lang='lat' dir='ltr'>cui</span> <span class='ocrx_word' id='word_1_176' title='bbox 2223 2021 2358 2086; x_wconf 87' lang='lat' dir='ltr'>spes</span> <span class='ocrx_word' id='word_1_177' title='bbox 2405 2001 2713 2065; x_wconf 85' lang='lat' dir='ltr'>innititur.</span> <span class='ocrx_word' id='word_1_178' title='bbox 2764 1998 2940 2064; x_wconf 89' lang='lat' dir='ltr'>Unde</span> <span class='ocrx_word' id='word_1_179' title='bbox 2987 2000 3103 2063; x_wconf 90' lang='lat' dir='ltr'>hoc</span> 
     </span>
     <span class='ocr_line' id='line_1_18' title="bbox 641 2103 1825 2188; baseline 0 -20"><span class='ocrx_word' id='word_1_180' title='bbox 641 2125 763 2170; x_wconf 91' lang='lat' dir='ltr'>non</span> <span class='ocrx_word' id='word_1_181' title='bbox 797 2103 1179 2188; x_wconf 84' lang='lat' dir='ltr'>praeiudicat</span> <span class='ocrx_word' id='word_1_182' title='bbox 1210 2103 1567 2169; x_wconf 78' lang='lat' dir='ltr'>certitudini</span> <span class='ocrx_word' id='word_1_183' title='bbox 1603 2105 1731 2188; x_wconf 86' lang='lat' dir='ltr'>spei</span> <span class='ocrx_word' id='word_1_184' title='bbox 1765 2131 1825 2168; x_wconf 86' lang='lat'>».</span> 
     </span>
    </p>

    <p class='ocr_par' dir='ltr' id='par_1_5' title="bbox 640 2204 3102 2395">
     <span class='ocr_line' id='line_1_19' title="bbox 735 2204 3102 2291; baseline -0.005 -13"><span class='ocrx_word' id='word_1_185' title='bbox 735 2204 868 2278; x_wconf 85' lang='grc'>118.</span> <span class='ocrx_word' id='word_1_186' title='bbox 903 2207 1065 2270; x_wconf 88' lang='lat' dir='ltr'>Hinc</span> <span class='ocrx_word' id='word_1_187' title='bbox 1101 2226 1245 2272; x_wconf 85' lang='lat' dir='ltr'>vero</span> <span class='ocrx_word' id='word_1_188' title='bbox 1278 2208 1471 2290; x_wconf 86' lang='lat' dir='ltr'>patet,</span> <span class='ocrx_word' id='word_1_189' title='bbox 1506 2208 1816 2290; x_wconf 88' lang='lat' dir='ltr'>quomodo</span> <span class='ocrx_word' id='word_1_190' title='bbox 1865 2207 2061 2291; x_wconf 87' lang='lat' dir='ltr'>possit</span> <span class='ocrx_word' id='word_1_191' title='bbox 2109 2228 2276 2291; x_wconf 89' lang='lat' dir='ltr'>spem</span> <span class='ocrx_word' id='word_1_192' title='bbox 2325 2208 2547 2272; x_wconf 89' lang='lat' dir='ltr'>habere</span> <span class='ocrx_word' id='word_1_193' title='bbox 2580 2207 2771 2271; x_wconf 86' lang='lat' dir='ltr'>etiam</span> <span class='ocrx_word' id='word_1_194' title='bbox 2819 2205 2942 2282; x_wconf 87' lang='lat' dir='ltr'>ille,</span> <span class='ocrx_word' id='word_1_195' title='bbox 2994 2204 3102 2287; x_wconf 90' lang='lat' dir='ltr'>qui</span> 
     </span>
     <span class='ocr_line' id='line_1_20' title="bbox 640 2309 1864 2395; baseline 0 -23"><span class='ocrx_word' id='word_1_196' title='bbox 640 2329 763 2373; x_wconf 90' lang='lat' dir='ltr'>non</span> <span class='ocrx_word' id='word_1_197' title='bbox 795 2309 983 2373; x_wconf 89' lang='lat' dir='ltr'>habet</span> <span class='ocrx_word' id='word_1_198' title='bbox 1021 2310 1133 2372; x_wconf 88' lang='lat' dir='ltr'>aut</span> <span class='ocrx_word' id='word_1_199' title='bbox 1168 2309 1441 2395; x_wconf 85' lang='lat' dir='ltr'>gratiam</span> <span class='ocrx_word' id='word_1_200' title='bbox 1475 2312 1585 2374; x_wconf 89' lang='lat' dir='ltr'>aut</span> <span class='ocrx_word' id='word_1_201' title='bbox 1622 2311 1864 2374; x_wconf 89' lang='lat' dir='ltr'>merita.</span> 
     </span>
    </p>

    <p class='ocr_par' dir='ltr' id='par_1_6' title="bbox 638 2410 3102 2700">
     <span class='ocr_line' id='line_1_21' title="bbox 732 2410 3102 2494; baseline -0 -19"><span class='ocrx_word' id='word_1_202' title='bbox 732 2410 792 2475; x_wconf 88' lang='lat' dir='ltr'>S.</span> <span class='ocrx_word' id='word_1_203' title='bbox 828 2411 1121 2489; x_wconf 86' lang='lat' dir='ltr'>Thomas,</span> <span class='ocrx_word' id='word_1_204' title='bbox 1160 2412 1217 2474; x_wconf 92' lang='lat'>1.</span> <span class='ocrx_word' id='word_1_205' title='bbox 1255 2413 1314 2474; x_wconf 87' lang='grc'>2.</span> <span class='ocrx_word' id='word_1_206' title='bbox 1351 2432 1409 2493; x_wconf 91' lang='lat' dir='ltr'>q.</span> <span class='ocrx_word' id='word_1_207' title='bbox 1438 2412 1541 2475; x_wconf 86' lang='grc'>62.</span> <span class='ocrx_word' id='word_1_208' title='bbox 1579 2414 1695 2475; x_wconf 85' lang='lat' dir='ltr'>art.</span> <span class='ocrx_word' id='word_1_209' title='bbox 1723 2414 1784 2475; x_wconf 87' lang='grc'>4.</span> <span class='ocrx_word' id='word_1_210' title='bbox 1822 2411 1918 2476; x_wconf 91' lang='lat' dir='ltr'>ad.</span> <span class='ocrx_word' id='word_1_211' title='bbox 1955 2414 2050 2476; x_wconf 82' lang='grc'>2.;</span> <span class='ocrx_word' id='word_1_212' title='bbox 2101 2439 2133 2470; x_wconf 87' lang='lat'>«</span> <span class='ocrx_word' id='word_1_213' title='bbox 2168 2412 2387 2477; x_wconf 85' lang='lat' dir='ltr'>Potest</span> <span class='ocrx_word' id='word_1_214' title='bbox 2435 2413 2645 2476; x_wconf 88' lang='lat' dir='ltr'>autem</span> <span class='ocrx_word' id='word_1_215' title='bbox 2694 2410 2920 2492; x_wconf 88' lang='lat' dir='ltr'>aliquis</span> <span class='ocrx_word' id='word_1_216' title='bbox 2969 2428 3102 2494; x_wconf 84' lang='lat' dir='ltr'>spe-</span> 
     </span>
     <span class='ocr_line' id='line_1_22' title="bbox 640 2511 3102 2598; baseline -0.001 -20"><span class='ocrx_word' id='word_1_217' title='bbox 640 2533 798 2588; x_wconf 89' lang='lat' dir='ltr'>rare,</span> <span class='ocrx_word' id='word_1_218' title='bbox 835 2516 1170 2596; x_wconf 84' lang='lat' dir='ltr'>antequam</span> <span class='ocrx_word' id='word_1_219' title='bbox 1208 2513 1436 2578; x_wconf 87' lang='lat' dir='ltr'>habeat</span> <span class='ocrx_word' id='word_1_220' title='bbox 1458 2515 1805 2593; x_wconf 87' lang='lat' dir='ltr'>caritatem,</span> <span class='ocrx_word' id='word_1_221' title='bbox 1846 2534 1966 2579; x_wconf 91' lang='lat' dir='ltr'>non</span> <span class='ocrx_word' id='word_1_222' title='bbox 2002 2534 2071 2579; x_wconf 87' lang='lat' dir='ltr'>ex</span> <span class='ocrx_word' id='word_1_223' title='bbox 2105 2515 2362 2594; x_wconf 88' lang='lat' dir='ltr'>meritis,</span> <span class='ocrx_word' id='word_1_224' title='bbox 2398 2533 2554 2598; x_wconf 89' lang='lat' dir='ltr'>quae</span> <span class='ocrx_word' id='word_1_225' title='bbox 2592 2515 2717 2578; x_wconf 86' lang='lat' dir='ltr'>iam</span> <span class='ocrx_word' id='word_1_226' title='bbox 2749 2514 2956 2592; x_wconf 87' lang='lat' dir='ltr'>habet,</span> <span class='ocrx_word' id='word_1_227' title='bbox 2999 2511 3102 2578; x_wconf 88' lang='lat' dir='ltr'>sed</span> 
     </span>
     <span class='ocr_line' id='line_1_23' title="bbox 638 2617 1625 2700; baseline -0.001 -19"><span class='ocrx_word' id='word_1_228' title='bbox 638 2637 798 2699; x_wconf 89' lang='lat' dir='ltr'>quae</span> <span class='ocrx_word' id='word_1_229' title='bbox 836 2619 1044 2700; x_wconf 88' lang='lat' dir='ltr'>sperat</span> <span class='ocrx_word' id='word_1_230' title='bbox 1076 2637 1139 2680; x_wconf 89' lang='lat' dir='ltr'>se</span> <span class='ocrx_word' id='word_1_231' title='bbox 1170 2617 1532 2680; x_wconf 86' lang='lat' dir='ltr'>habiturum</span> <span class='ocrx_word' id='word_1_232' title='bbox 1566 2642 1625 2679; x_wconf 90' lang='lat'>».</span> 
     </span>
    </p>

    <p class='ocr_par' dir='ltr' id='par_1_7' title="bbox 634 2718 3103 3320">
     <span class='ocr_line' id='line_1_24' title="bbox 730 2718 3103 2806; baseline 0.001 -25"><span class='ocrx_word' id='word_1_233' title='bbox 730 2719 811 2783; x_wconf 83' lang='lat' dir='ltr'>Et</span> <span class='ocrx_word' id='word_1_234' title='bbox 846 2720 903 2781; x_wconf 88' lang='lat'>1.</span> <span class='ocrx_word' id='word_1_235' title='bbox 947 2721 1006 2780; x_wconf 84' lang='lat'>2.</span> <span class='ocrx_word' id='word_1_236' title='bbox 1046 2738 1104 2799; x_wconf 90' lang='lat' dir='ltr'>q.</span> <span class='ocrx_word' id='word_1_237' title='bbox 1142 2720 1245 2782; x_wconf 82' lang='lat'>65.</span> <span class='ocrx_word' id='word_1_238' title='bbox 1282 2720 1399 2782; x_wconf 84' lang='lat' dir='ltr'>art.</span> <span class='ocrx_word' id='word_1_239' title='bbox 1436 2721 1528 2782; x_wconf 81' lang='lat'>4.:</span> <span class='ocrx_word' id='word_1_240' title='bbox 1563 2745 1595 2777; x_wconf 83' lang='lat'><strong>«</strong></span> <span class='ocrx_word' id='word_1_241' title='bbox 1622 2718 1922 2785; x_wconf 86' lang='lat' dir='ltr'>Similiter</span> <span class='ocrx_word' id='word_1_242' title='bbox 1955 2721 2276 2785; x_wconf 86' lang='lat' dir='ltr'>dicendum</span> <span class='ocrx_word' id='word_1_243' title='bbox 2312 2724 2404 2786; x_wconf 87' lang='lat' dir='ltr'>est</span> <span class='ocrx_word' id='word_1_244' title='bbox 2437 2722 2509 2787; x_wconf 93' lang='lat' dir='ltr'>de</span> <span class='ocrx_word' id='word_1_245' title='bbox 2541 2742 2646 2806; x_wconf 88' lang='lat' dir='ltr'>spe</span> <span class='ocrx_word' id='word_1_246' title='bbox 2679 2720 2872 2805; x_wconf 88' lang='lat' dir='ltr'>(quod</span> <span class='ocrx_word' id='word_1_247' title='bbox 2905 2720 3103 2804; x_wconf 86' lang='lat' dir='ltr'>possit</span> 
     </span>
     <span class='ocr_line' id='line_1_25' title="bbox 639 2821 3101 2908; baseline 0.001 -23"><span class='ocrx_word' id='word_1_248' title='bbox 639 2839 769 2885; x_wconf 83' lang='lat' dir='ltr'>esse</span> <span class='ocrx_word' id='word_1_249' title='bbox 803 2822 931 2886; x_wconf 87' lang='lat' dir='ltr'>sine</span> <span class='ocrx_word' id='word_1_250' title='bbox 970 2822 1250 2897; x_wconf 89' lang='lat' dir='ltr'>caritate,</span> <span class='ocrx_word' id='word_1_251' title='bbox 1287 2821 1449 2886; x_wconf 87' lang='lat' dir='ltr'>sicut</span> <span class='ocrx_word' id='word_1_252' title='bbox 1480 2823 1719 2888; x_wconf 87' lang='lat' dir='ltr'>dixerat</span> <span class='ocrx_word' id='word_1_253' title='bbox 1752 2824 1824 2888; x_wconf 88' lang='lat' dir='ltr'>de</span> <span class='ocrx_word' id='word_1_254' title='bbox 1857 2825 2022 2908; x_wconf 89' lang='lat' dir='ltr'>fide).</span> <span class='ocrx_word' id='word_1_255' title='bbox 2057 2825 2220 2888; x_wconf 87' lang='lat' dir='ltr'>Nam</span> <span class='ocrx_word' id='word_1_256' title='bbox 2254 2827 2430 2889; x_wconf 88' lang='lat' dir='ltr'>actus</span> <span class='ocrx_word' id='word_1_257' title='bbox 2464 2826 2592 2908; x_wconf 87' lang='lat' dir='ltr'>spei</span> <span class='ocrx_word' id='word_1_258' title='bbox 2626 2827 2719 2889; x_wconf 88' lang='lat' dir='ltr'>est</span> <span class='ocrx_word' id='word_1_259' title='bbox 2751 2825 3101 2908; x_wconf 77' lang='lat' dir='ltr'>exspectare</span> 
     </span>
     <span class='ocr_line' id='line_1_26' title="bbox 634 2924 3100 3010; baseline 0 -22"><span class='ocrx_word' id='word_1_260' title='bbox 634 2924 919 2988; x_wconf 86' lang='lat' dir='ltr'>futuram</span> <span class='ocrx_word' id='word_1_261' title='bbox 947 2925 1401 2988; x_wconf 86' lang='lat' dir='ltr'>beatitudinem</span> <span class='ocrx_word' id='word_1_262' title='bbox 1439 2945 1474 2989; x_wconf 92' lang='lat' dir='ltr'>a</span> <span class='ocrx_word' id='word_1_263' title='bbox 1513 2927 1663 3005; x_wconf 89' lang='lat' dir='ltr'>De0,</span> <span class='ocrx_word' id='word_1_264' title='bbox 1699 2928 1806 3008; x_wconf 90' lang='lat' dir='ltr'>qui</span> <span class='ocrx_word' id='word_1_265' title='bbox 1854 2928 2099 3010; x_wconf 89' lang='lat' dir='ltr'>quidem</span> <span class='ocrx_word' id='word_1_266' title='bbox 2150 2928 2325 2991; x_wconf 86' lang='lat' dir='ltr'>actus</span> <span class='ocrx_word' id='word_1_267' title='bbox 2374 2928 2678 3010; x_wconf 85' lang='lat' dir='ltr'>perfectus</span> <span class='ocrx_word' id='word_1_268' title='bbox 2725 2929 2838 3006; x_wconf 88' lang='lat' dir='ltr'>est,</span> <span class='ocrx_word' id='word_1_269' title='bbox 2889 2928 2943 2992; x_wconf 88' lang='lat' dir='ltr'>si</span> <span class='ocrx_word' id='word_1_270' title='bbox 2990 2926 3100 2990; x_wconf 86' lang='lat' dir='ltr'>fiat</span> 
     </span>
     <span class='ocr_line' id='line_1_27' title="bbox 638 3027 3100 3113; baseline 0.001 -23"><span class='ocrx_word' id='word_1_271' title='bbox 638 3047 711 3090; x_wconf 82' lang='lat' dir='ltr'>ex</span> <span class='ocrx_word' id='word_1_272' title='bbox 748 3027 1007 3100; x_wconf 80' lang='lat' dir='ltr'>meritiS,</span> <span class='ocrx_word' id='word_1_273' title='bbox 1043 3046 1199 3108; x_wconf 87' lang='lat' dir='ltr'>quae</span> <span class='ocrx_word' id='word_1_274' title='bbox 1256 3027 1394 3108; x_wconf 89' lang='lat' dir='ltr'>quis</span> <span class='ocrx_word' id='word_1_275' title='bbox 1450 3028 1656 3104; x_wconf 85' lang='lat' dir='ltr'>habet,</span> <span class='ocrx_word' id='word_1_276' title='bbox 1707 3030 1872 3110; x_wconf 90' lang='lat' dir='ltr'>quod</span> <span class='ocrx_word' id='word_1_277' title='bbox 1920 3049 2042 3094; x_wconf 90' lang='lat' dir='ltr'>non</span> <span class='ocrx_word' id='word_1_278' title='bbox 2090 3031 2296 3113; x_wconf 89' lang='lat' dir='ltr'>potest</span> <span class='ocrx_word' id='word_1_279' title='bbox 2344 3049 2473 3093; x_wconf 84' lang='lat' dir='ltr'>esse</span> <span class='ocrx_word' id='word_1_280' title='bbox 2529 3031 2658 3094; x_wconf 86' lang='lat' dir='ltr'>sine</span> <span class='ocrx_word' id='word_1_281' title='bbox 2705 3029 2985 3094; x_wconf 86' lang='lat' dir='ltr'>caritate.</span> <span class='ocrx_word' id='word_1_282' title='bbox 3037 3027 3100 3093; x_wconf 88' lang='lat' dir='ltr'>Si</span> 
     </span>
     <span class='ocr_line' id='line_1_28' title="bbox 642 3130 3101 3216; baseline 0.002 -24"><span class='ocrx_word' id='word_1_283' title='bbox 642 3131 852 3192; x_wconf 86' lang='lat' dir='ltr'>autem</span> <span class='ocrx_word' id='word_1_284' title='bbox 900 3130 1015 3193; x_wconf 90' lang='lat' dir='ltr'>hoc</span> <span class='ocrx_word' id='word_1_285' title='bbox 1063 3131 1373 3211; x_wconf 86' lang='lat' dir='ltr'>exspectet</span> <span class='ocrx_word' id='word_1_286' title='bbox 1434 3149 1503 3192; x_wconf 81' lang='lat' dir='ltr'>ex</span> <span class='ocrx_word' id='word_1_287' title='bbox 1566 3131 1824 3206; x_wconf 76' lang='lat' dir='ltr'>meritiS,</span> <span class='ocrx_word' id='word_1_288' title='bbox 1875 3151 2033 3213; x_wconf 90' lang='lat' dir='ltr'>quae</span> <span class='ocrx_word' id='word_1_289' title='bbox 2080 3131 2355 3196; x_wconf 90' lang='lat' dir='ltr'>nondum</span> <span class='ocrx_word' id='word_1_290' title='bbox 2402 3133 2608 3211; x_wconf 86' lang='lat' dir='ltr'>habet,</span> <span class='ocrx_word' id='word_1_291' title='bbox 2658 3132 2762 3197; x_wconf 88' lang='lat' dir='ltr'>sed</span> <span class='ocrx_word' id='word_1_292' title='bbox 2812 3133 3101 3216; x_wconf 88' lang='lat' dir='ltr'>proponit</span> 
     </span>
     <span class='ocr_line' id='line_1_29' title="bbox 634 3233 3100 3320; baseline 0.002 -24"><span class='ocrx_word' id='word_1_293' title='bbox 634 3234 702 3297; x_wconf 90' lang='lat' dir='ltr'>in</span> <span class='ocrx_word' id='word_1_294' title='bbox 750 3233 963 3298; x_wconf 87' lang='lat' dir='ltr'>futuro</span> <span class='ocrx_word' id='word_1_295' title='bbox 1013 3234 1347 3315; x_wconf 85' lang='lat' dir='ltr'>acquirere,</span> <span class='ocrx_word' id='word_1_296' title='bbox 1397 3234 1515 3298; x_wconf 90' lang='lat' dir='ltr'>erit</span> <span class='ocrx_word' id='word_1_297' title='bbox 1564 3236 1739 3300; x_wconf 87' lang='lat' dir='ltr'>actus</span> <span class='ocrx_word' id='word_1_298' title='bbox 1801 3236 2196 3320; x_wconf 89' lang='lat' dir='ltr'>imperfectus</span> <span class='ocrx_word' id='word_1_299' title='bbox 2246 3239 2308 3301; x_wconf 92' lang='lat' dir='ltr'>et</span> <span class='ocrx_word' id='word_1_300' title='bbox 2355 3239 2470 3302; x_wconf 91' lang='lat' dir='ltr'>hoc</span> <span class='ocrx_word' id='word_1_301' title='bbox 2525 3240 2732 3320; x_wconf 89' lang='lat' dir='ltr'>potest</span> <span class='ocrx_word' id='word_1_302' title='bbox 2779 3257 2908 3301; x_wconf 88' lang='lat' dir='ltr'>esse</span> <span class='ocrx_word' id='word_1_303' title='bbox 2973 3237 3100 3301; x_wconf 90' lang='lat' dir='ltr'>sine</span> 
     </span>
    </p>
   </div>
   <div class='ocr_carea' id='block_1_3' title="bbox 532 3335 994 3400">
    <p class='ocr_par' dir='ltr' id='par_1_8' title="bbox 532 3335 994 3400">
     <span class='ocr_line' id='line_1_30' title="bbox 532 3335 994 3400; baseline -0.006 1"><span class='ocrx_word' id='word_1_304' title='bbox 532 3335 535 3339; x_wconf 51' lang='lat'><strong><em>⁴</em></strong></span> <span class='ocrx_word' id='word_1_305' title='bbox 639 3336 902 3400; x_wconf 85' lang='lat' dir='ltr'>caritate</span> <span class='ocrx_word' id='word_1_306' title='bbox 934 3360 994 3398; x_wconf 86' lang='lat'>».</span> 
     </span>
    </p>
   </div>
   <div class='ocr_carea' id='block_1_4' title="bbox 628 3438 3099 4653">
    <p class='ocr_par' dir='ltr' id='par_1_9' title="bbox 632 3438 3099 3931">
     <span class='ocr_line' id='line_1_31' title="bbox 728 3438 3099 3525; baseline 0.001 -22"><span class='ocrx_word' id='word_1_307' title='bbox 728 3439 864 3519; x_wconf 82' lang='lat' dir='ltr'>Qua</span> <span class='ocrx_word' id='word_1_308' title='bbox 902 3439 975 3503; x_wconf 91' lang='lat' dir='ltr'>de</span> <span class='ocrx_word' id='word_1_309' title='bbox 1014 3459 1077 3503; x_wconf 89' lang='lat' dir='ltr'>re</span> <span class='ocrx_word' id='word_1_310' title='bbox 1110 3438 1184 3502; x_wconf 83' lang='lat' dir='ltr'>de</span> <span class='ocrx_word' id='word_1_311' title='bbox 1243 3440 1399 3503; x_wconf 76' lang='lat' dir='ltr'>Virt.</span> <span class='ocrx_word' id='word_1_312' title='bbox 1437 3459 1495 3521; x_wconf 93' lang='lat' dir='ltr'>q.</span> <span class='ocrx_word' id='word_1_313' title='bbox 1532 3441 1592 3504; x_wconf 89' lang='lat'>4.</span> <span class='ocrx_word' id='word_1_314' title='bbox 1631 3442 1748 3504; x_wconf 87' lang='lat' dir='ltr'>art.</span> <span class='ocrx_word' id='word_1_315' title='bbox 1792 3443 1851 3505; x_wconf 86' lang='lat'>3.</span> <span class='ocrx_word' id='word_1_316' title='bbox 1889 3441 1965 3505; x_wconf 89' lang='lat' dir='ltr'>ad</span> <span class='ocrx_word' id='word_1_317' title='bbox 2015 3443 2105 3506; x_wconf 82' lang='grc'>2.;</span> <span class='ocrx_word' id='word_1_318' title='bbox 2153 3467 2187 3500; x_wconf 87' lang='lat'>‹&lt;</span> <span class='ocrx_word' id='word_1_319' title='bbox 2226 3438 2394 3525; x_wconf 86' lang='lat' dir='ltr'>Spes,</span> <span class='ocrx_word' id='word_1_320' title='bbox 2430 3460 2588 3523; x_wconf 87' lang='lat' dir='ltr'>quae</span> <span class='ocrx_word' id='word_1_321' title='bbox 2632 3443 2728 3506; x_wconf 88' lang='lat' dir='ltr'>est</span> <span class='ocrx_word' id='word_1_322' title='bbox 2759 3461 2828 3506; x_wconf 84' lang='lat' dir='ltr'>ex</span> <span class='ocrx_word' id='word_1_323' title='bbox 2861 3441 3099 3506; x_wconf 88' lang='lat' dir='ltr'>meritis</span> 
     </span>
     <span class='ocr_line' id='line_1_32' title="bbox 636 3542 3098 3628; baseline 0 -22"><span class='ocrx_word' id='word_1_324' title='bbox 636 3542 1160 3626; x_wconf 53' lang='lat' dir='ltr'>praecedentibus</span> <span class='ocrx_word' id='word_1_325' title='bbox 1202 3561 1323 3606; x_wconf 91' lang='lat' dir='ltr'>non</span> <span class='ocrx_word' id='word_1_326' title='bbox 1370 3543 1577 3625; x_wconf 86' lang='lat' dir='ltr'>potest</span> <span class='ocrx_word' id='word_1_327' title='bbox 1623 3561 1753 3607; x_wconf 87' lang='lat' dir='ltr'>esse</span> <span class='ocrx_word' id='word_1_328' title='bbox 1802 3543 1930 3608; x_wconf 88' lang='lat' dir='ltr'>sine</span> <span class='ocrx_word' id='word_1_329' title='bbox 1977 3545 2257 3620; x_wconf 84' lang='lat' dir='ltr'>caritate,</span> <span class='ocrx_word' id='word_1_330' title='bbox 2308 3561 2464 3625; x_wconf 89' lang='lat' dir='ltr'>quae</span> <span class='ocrx_word' id='word_1_331' title='bbox 2511 3544 2606 3608; x_wconf 89' lang='lat' dir='ltr'>est</span> <span class='ocrx_word' id='word_1_332' title='bbox 2637 3544 2908 3608; x_wconf 89' lang='lat' dir='ltr'>merendi</span> <span class='ocrx_word' id='word_1_333' title='bbox 2940 3545 3098 3628; x_wconf 91' lang='lat' dir='ltr'>prin-</span> 
     </span>
     <span class='ocr_line' id='line_1_33' title="bbox 636 3643 3095 3729; baseline -0 -20"><span class='ocrx_word' id='word_1_334' title='bbox 636 3647 887 3729; x_wconf 87' lang='lat' dir='ltr'>cipium.</span> <span class='ocrx_word' id='word_1_335' title='bbox 923 3643 1038 3710; x_wconf 85' lang='lat' dir='ltr'>Sed</span> <span class='ocrx_word' id='word_1_336' title='bbox 1064 3662 1201 3729; x_wconf 86' lang='lat' dir='ltr'>spes</span> <span class='ocrx_word' id='word_1_337' title='bbox 1236 3645 1536 3722; x_wconf 83' lang='lat' dir='ltr'>informiS,</span> <span class='ocrx_word' id='word_1_338' title='bbox 1564 3665 1721 3728; x_wconf 85' lang='lat' dir='ltr'>quae</span> <span class='ocrx_word' id='word_1_339' title='bbox 1770 3647 1865 3710; x_wconf 88' lang='lat' dir='ltr'>est</span> <span class='ocrx_word' id='word_1_340' title='bbox 1911 3646 2038 3710; x_wconf 89' lang='lat' dir='ltr'>sine</span> <span class='ocrx_word' id='word_1_341' title='bbox 2070 3646 2308 3711; x_wconf 89' lang='lat' dir='ltr'>meritis</span> <span class='ocrx_word' id='word_1_342' title='bbox 2347 3646 2409 3708; x_wconf 90' lang='lat' dir='ltr'>in</span> <span class='ocrx_word' id='word_1_343' title='bbox 2444 3647 2587 3709; x_wconf 89' lang='lat' dir='ltr'>actu</span> <span class='ocrx_word' id='word_1_344' title='bbox 2620 3645 2725 3710; x_wconf 87' lang='lat' dir='ltr'>sed</span> <span class='ocrx_word' id='word_1_345' title='bbox 2758 3666 2828 3711; x_wconf 84' lang='lat' dir='ltr'>ex</span> <span class='ocrx_word' id='word_1_346' title='bbox 2860 3645 3095 3711; x_wconf 88' lang='lat' dir='ltr'>meritis</span> 
     </span>
     <span class='ocr_line' id='line_1_34' title="bbox 636 3747 3098 3830; baseline 0.001 -20"><span class='ocrx_word' id='word_1_347' title='bbox 636 3749 699 3810; x_wconf 91' lang='lat' dir='ltr'>in</span> <span class='ocrx_word' id='word_1_348' title='bbox 734 3749 1071 3829; x_wconf 87' lang='lat' dir='ltr'>proposito,</span> <span class='ocrx_word' id='word_1_349' title='bbox 1122 3749 1217 3812; x_wconf 87' lang='lat' dir='ltr'>est</span> <span class='ocrx_word' id='word_1_350' title='bbox 1262 3748 1513 3830; x_wconf 89' lang='lat' dir='ltr'>quidem</span> <span class='ocrx_word' id='word_1_351' title='bbox 1558 3748 1688 3813; x_wconf 89' lang='lat' dir='ltr'>sine</span> <span class='ocrx_word' id='word_1_352' title='bbox 1735 3749 1996 3813; x_wconf 86' lang='lat' dir='ltr'>caritate</span> <span class='ocrx_word' id='word_1_353' title='bbox 2045 3749 2107 3813; x_wconf 91' lang='lat' dir='ltr'>in</span> <span class='ocrx_word' id='word_1_354' title='bbox 2157 3749 2320 3827; x_wconf 89' lang='lat' dir='ltr'>actu,</span> <span class='ocrx_word' id='word_1_355' title='bbox 2362 3747 2466 3812; x_wconf 89' lang='lat' dir='ltr'>sed</span> <span class='ocrx_word' id='word_1_356' title='bbox 2503 3767 2627 3813; x_wconf 89' lang='lat' dir='ltr'>non</span> <span class='ocrx_word' id='word_1_357' title='bbox 2659 3749 2789 3814; x_wconf 85' lang='lat' dir='ltr'>sine</span> <span class='ocrx_word' id='word_1_358' title='bbox 2837 3750 3098 3814; x_wconf 86' lang='lat' dir='ltr'>caritate</span> 
     </span>
     <span class='ocr_line' id='line_1_35' title="bbox 632 3850 1136 3931; baseline -0.002 -19"><span class='ocrx_word' id='word_1_359' title='bbox 632 3850 699 3912; x_wconf 92' lang='lat' dir='ltr'>in</span> <span class='ocrx_word' id='word_1_360' title='bbox 733 3850 1048 3931; x_wconf 86' lang='lat' dir='ltr'>proposito</span> <span class='ocrx_word' id='word_1_361' title='bbox 1076 3875 1136 3911; x_wconf 85' lang='lat'>».</span> 
     </span>
    </p>

    <p class='ocr_par' dir='ltr' id='par_1_10' title="bbox 632 3950 3099 4346">
     <span class='ocr_line' id='line_1_36' title="bbox 725 3950 3093 4038; baseline 0.002 -24"><span class='ocrx_word' id='word_1_362' title='bbox 725 3950 853 4014; x_wconf 87' lang='lat' dir='ltr'>Nec</span> <span class='ocrx_word' id='word_1_363' title='bbox 900 3950 1027 4032; x_wconf 89' lang='lat' dir='ltr'>spei</span> <span class='ocrx_word' id='word_1_364' title='bbox 1076 3950 1431 4014; x_wconf 85' lang='lat' dir='ltr'>certitudini</span> <span class='ocrx_word' id='word_1_365' title='bbox 1466 3951 1657 4028; x_wconf 83' lang='lat' dir='ltr'>obest,</span> <span class='ocrx_word' id='word_1_366' title='bbox 1707 3953 1874 4032; x_wconf 90' lang='lat' dir='ltr'>quod</span> <span class='ocrx_word' id='word_1_367' title='bbox 1922 3953 2059 4034; x_wconf 86' lang='lat' dir='ltr'>quis</span> <span class='ocrx_word' id='word_1_368' title='bbox 2107 3952 2360 4031; x_wconf 88' lang='lat' dir='ltr'>nesciat,</span> <span class='ocrx_word' id='word_1_369' title='bbox 2404 3973 2478 4017; x_wconf 88' lang='lat' dir='ltr'>an</span> <span class='ocrx_word' id='word_1_370' title='bbox 2528 3955 2801 4038; x_wconf 84' lang='lat' dir='ltr'>gratiam</span> <span class='ocrx_word' id='word_1_371' title='bbox 2846 3955 3093 4019; x_wconf 86' lang='lat' dir='ltr'>habeat.</span> 
     </span>
     <span class='ocr_line' id='line_1_37' title="bbox 635 4052 3099 4134; baseline 0.001 -16"><span class='ocrx_word' id='word_1_372' title='bbox 635 4053 696 4118; x_wconf 82' lang='lat' dir='ltr'>S.</span> <span class='ocrx_word' id='word_1_373' title='bbox 737 4053 958 4118; x_wconf 89' lang='lat' dir='ltr'>Thom.</span> <span class='ocrx_word' id='word_1_374' title='bbox 996 4053 1055 4115; x_wconf 83' lang='lat'>3.</span> <span class='ocrx_word' id='word_1_375' title='bbox 1097 4052 1240 4115; x_wconf 89' lang='lat' dir='ltr'>dist.</span> <span class='ocrx_word' id='word_1_376' title='bbox 1279 4053 1380 4114; x_wconf 84' lang='lat'>26.</span> <span class='ocrx_word' id='word_1_377' title='bbox 1418 4071 1475 4134; x_wconf 89' lang='lat' dir='ltr'>q.</span> <span class='ocrx_word' id='word_1_378' title='bbox 1513 4054 1571 4115; x_wconf 89' lang='grc'>2.</span> <span class='ocrx_word' id='word_1_379' title='bbox 1610 4055 1726 4116; x_wconf 88' lang='lat' dir='ltr'>art.</span> <span class='ocrx_word' id='word_1_380' title='bbox 1765 4054 1824 4116; x_wconf 78' lang='lat'>4.</span> <span class='ocrx_word' id='word_1_381' title='bbox 1863 4055 1938 4117; x_wconf 90' lang='lat' dir='ltr'>ad</span> <span class='ocrx_word' id='word_1_382' title='bbox 1989 4057 2079 4118; x_wconf 85' lang='lat'>5.:</span> <span class='ocrx_word' id='word_1_383' title='bbox 2123 4080 2156 4112; x_wconf 84' lang='lat'>«</span> <span class='ocrx_word' id='word_1_384' title='bbox 2189 4053 2360 4118; x_wconf 87' lang='lat' dir='ltr'>Licet</span> <span class='ocrx_word' id='word_1_385' title='bbox 2386 4057 2674 4134; x_wconf 86' lang='lat' dir='ltr'>nesciam,</span> <span class='ocrx_word' id='word_1_386' title='bbox 2711 4059 2924 4122; x_wconf 89' lang='lat' dir='ltr'>utrum</span> <span class='ocrx_word' id='word_1_387' title='bbox 2949 4056 3099 4121; x_wconf 88' lang='lat' dir='ltr'>fina-</span> 
     </span>
     <span class='ocr_line' id='line_1_38' title="bbox 633 4154 3095 4238; baseline 0.002 -18"><span class='ocrx_word' id='word_1_388' title='bbox 633 4158 778 4220; x_wconf 87' lang='lat' dir='ltr'>liter</span> <span class='ocrx_word' id='word_1_389' title='bbox 817 4155 1146 4219; x_wconf 88' lang='lat' dir='ltr'>habiturus</span> <span class='ocrx_word' id='word_1_390' title='bbox 1194 4155 1311 4218; x_wconf 88' lang='lat' dir='ltr'>sim</span> <span class='ocrx_word' id='word_1_391' title='bbox 1374 4154 1741 4230; x_wconf 77' lang='lat' dir='ltr'>caritatem3</span> <span class='ocrx_word' id='word_1_392' title='bbox 1795 4159 2002 4220; x_wconf 86' lang='lat' dir='ltr'>tamen</span> <span class='ocrx_word' id='word_1_393' title='bbox 2051 4157 2176 4220; x_wconf 89' lang='lat' dir='ltr'>scio</span> <span class='ocrx_word' id='word_1_394' title='bbox 2239 4157 2403 4238; x_wconf 92' lang='lat' dir='ltr'>quod</span> <span class='ocrx_word' id='word_1_395' title='bbox 2464 4160 2692 4225; x_wconf 87' lang='lat' dir='ltr'>caritas</span> <span class='ocrx_word' id='word_1_396' title='bbox 2742 4161 2803 4224; x_wconf 86' lang='lat' dir='ltr'>et</span> <span class='ocrx_word' id='word_1_397' title='bbox 2849 4160 3095 4237; x_wconf 85' lang='lat' dir='ltr'>merita,</span> 
     </span>
     <span class='ocr_line' id='line_1_39' title="bbox 632 4256 3098 4346; baseline 0.002 -25"><span class='ocrx_word' id='word_1_398' title='bbox 632 4258 878 4340; x_wconf 88' lang='lat' dir='ltr'>quaein</span> <span class='ocrx_word' id='word_1_399' title='bbox 896 4258 1215 4340; x_wconf 90' lang='lat' dir='ltr'>proposito</span> <span class='ocrx_word' id='word_1_400' title='bbox 1241 4257 1456 4334; x_wconf 88' lang='lat' dir='ltr'>habeo,</span> <span class='ocrx_word' id='word_1_401' title='bbox 1479 4256 1553 4321; x_wconf 86' lang='lat' dir='ltr'>ad</span> <span class='ocrx_word' id='word_1_402' title='bbox 1583 4258 1778 4321; x_wconf 83' lang='lat' dir='ltr'>vitam</span> <span class='ocrx_word' id='word_1_403' title='bbox 1799 4261 2112 4322; x_wconf 90' lang='lat' dir='ltr'>aeternam</span> <span class='ocrx_word' id='word_1_404' title='bbox 2131 4259 2650 4326; x_wconf 86' lang='lat' dir='ltr'>certitudinaliter</span> <span class='ocrx_word' id='word_1_405' title='bbox 2675 4262 3098 4346; x_wconf 82' lang='lat' dir='ltr'>perducunt».</span> 
     </span>
    </p>

    <p class='ocr_par' dir='ltr' id='par_1_11' title="bbox 628 4357 3099 4529">
     <span class='ocr_line' id='line_1_40' title="bbox 722 4357 3099 4448; baseline 0.003 -25"><span class='ocrx_word' id='word_1_406' title='bbox 722 4357 1046 4424; x_wconf 86' lang='lat' dir='ltr'>Certitudo</span> <span class='ocrx_word' id='word_1_407' title='bbox 1096 4379 1241 4444; x_wconf 90' lang='lat' dir='ltr'>ergo</span> <span class='ocrx_word' id='word_1_408' title='bbox 1289 4360 1417 4443; x_wconf 88' lang='lat' dir='ltr'>spei</span> <span class='ocrx_word' id='word_1_409' title='bbox 1465 4359 1615 4423; x_wconf 87' lang='lat' dir='ltr'>dicit</span> <span class='ocrx_word' id='word_1_410' title='bbox 1643 4360 2034 4425; x_wconf 83' lang='lat' dir='ltr'>infallibilem</span> <span class='ocrx_word' id='word_1_411' title='bbox 2067 4362 2430 4426; x_wconf 86' lang='lat' dir='ltr'>firmitatem</span> <span class='ocrx_word' id='word_1_412' title='bbox 2464 4383 2696 4437; x_wconf 89' lang='lat' dir='ltr'>eorum,</span> <span class='ocrx_word' id='word_1_413' title='bbox 2737 4384 2894 4446; x_wconf 88' lang='lat' dir='ltr'>quae</span> <span class='ocrx_word' id='word_1_414' title='bbox 2925 4381 3099 4448; x_wconf 90' lang='lat' dir='ltr'>spem</span> 
     </span>
     <span class='ocr_line' id='line_1_41' title="bbox 628 4464 913 4529; baseline -0.007 -1"><span class='ocrx_word' id='word_1_415' title='bbox 628 4464 913 4529; x_wconf 88' lang='lat' dir='ltr'>causant.</span> 
     </span>
    </p>

    <p class='ocr_par' dir='ltr' id='par_1_12' title="bbox 723 4565 3096 4653">
     <span class='ocr_line' id='line_1_42' title="bbox 723 4565 3096 4653; baseline 0.003 -23"><span class='ocrx_word' id='word_1_416' title='bbox 723 4565 893 4630; x_wconf 87' lang='lat' dir='ltr'>Haec</span> <span class='ocrx_word' id='word_1_417' title='bbox 940 4565 1012 4629; x_wconf 88' lang='lat' dir='ltr'>de</span> <span class='ocrx_word' id='word_1_418' title='bbox 1045 4565 1278 4630; x_wconf 78' lang='lat' dir='ltr'>virtute</span> <span class='ocrx_word' id='word_1_419' title='bbox 1326 4566 1452 4648; x_wconf 89' lang='lat' dir='ltr'>spei</span> <span class='ocrx_word' id='word_1_420' title='bbox 1504 4565 1877 4632; x_wconf 82' lang='lat' dir='ltr'>videbuntur</span> <span class='ocrx_word' id='word_1_421' title='bbox 1923 4568 2082 4634; x_wconf 88' lang='lat' dir='ltr'>forte</span> <span class='ocrx_word' id='word_1_422' title='bbox 2114 4569 2332 4634; x_wconf 88' lang='lat' dir='ltr'>lectori</span> <span class='ocrx_word' id='word_1_423' title='bbox 2378 4569 2590 4647; x_wconf 77' lang='lat' dir='ltr'>latine,</span> <span class='ocrx_word' id='word_1_424' title='bbox 2626 4590 2810 4653; x_wconf 84' lang='lat' dir='ltr'>quam</span> <span class='ocrx_word' id='word_1_425' title='bbox 2845 4575 3096 4653; x_wconf 79' lang='lat' dir='ltr'>parsit,</span> 
     </span>
    </p>
   </div>
  </div>
 </body>
</html>
