3497 5147
360 378 541 468 [1002]
889 394 973 434 An
1010 395 1089 434 m·
1126 394 1375 442 QUANTA
1413 394 1690 437 PnccATA
1727 395 1864 438 snm·
1901 397 2135 442 osenna
2174 399 2301 442 mc.
2712 386 2820 440 739

552 518 587 552 «
613 495 683 559 5ο
718 493 1012 559 Rebellus
1040 493 1115 558 de
1156 491 1357 576 Obliy.
1393 494 1552 558 Iust.
1588 497 1747 578 part.
1785 498 1846 559 2.
1877 497 1986 561 lib.
2020 498 2079 562 3.
2108 519 2166 581 q.
2198 500 2300 563 19.
2326 500 2474 563 sect.
2510 501 2570 561 2.
2604 499 2667 561 et
2698 496 2818 562 Ga-

370 615 514 680 Spar
544 595 834 661 Hurtado
866 596 940 659 de
971 596 1177 660 Matr.
1212 596 1366 680 disp.
1406 598 1507 660 10.
1542 596 1729 662 diffic.
1767 600 1869 662 10.
1903 620 1962 663 n.
1998 601 2106 665 48.
2145 601 2473 679 disserunt,
2501 601 2658 665 alter
2689 599 2819 681 qui-

372 698 511 762 dem
543 697 616 763 de
647 697 1049 762 delectatione
1081 697 1438 775 libidinosa,
1471 718 1581 764 seu
1618 700 1690 764 de
1723 701 1968 778 osculis,
2006 722 2129 783 per
2159 723 2314 784 quae
2353 701 2682 765 inchoatur
2727 720 2823 764 vo-

374 799 582 881 luptas
611 820 892 878 venerea,
925 800 1086 866 alter
1121 820 1266 865 vero
1297 801 1371 865 de
1421 802 1685 866 tactibus
1716 803 2070 869 libidinosis
2116 805 2189 869 de
2235 805 2640 870 delectatione
2685 804 2826 869 inde

375 905 693 988 percepta3
728 921 888 986 quae
917 902 1135 968 itidem
1167 922 1288 968 non
1321 906 1467 969 sunt
1506 904 1582 968 ad
1605 924 1735 970 rem
1768 931 1830 970 ›.

558 1030 594 1064 ‹
635 1003 704 1067 60
736 1004 920 1071 Croix
942 1006 1050 1070 lib.
1092 1005 1152 1070 6.
1186 1027 1245 1090 p.
1287 1008 1348 1070 3.
1388 1028 1447 1071 n.
1483 1010 1627 1072 151.
1662 1009 1978 1073 communi
2001 1011 2340 1075 sententiae
2370 1029 2534 1074 mere
2574 1007 2830 1092 opponit

373 1108 564 1172 falsas
614 1108 1018 1193 allegationes
1056 1107 1270 1186 Lessii,
1306 1107 1551 1187 Suarez,
1592 1110 1942 1193 Henriquez
1975 1112 2039 1175 et
2074 1111 2366 1190 Hurtadi‚
2401 1112 2625 1194 quibus
2659 1109 2833 1174 addit

380 1208 792 1288 Comitolum3
842 1210 948 1275 sed
986 1212 1051 1274 et
1094 1210 1257 1276 hunc
1296 1231 1634 1295 perperam,
1676 1213 1822 1295 quia.
1872 1213 2107 1278 Paulus
2154 1212 2522 1290 Comitolus,
2560 1213 2710 1276 utut
2741 1212 2834 1276 vir

382 1313 617 1398 ingenii
647 1314 921 1379 anomali
952 1315 1017 1378 et
1047 1313 1162 1378 zeli
1209 1313 1286 1378 ad
1320 1316 1635 1381 strictiora
1666 1317 1974 1401 propensi,
2023 1319 2232 1382 tamen
2280 1337 2315 1381 a
2348 1317 2661 1382 communi
2706 1335 2837 1381 sen-

381 1416 582 1481 tentia
605 1415 670 1479 in
702 1415 818 1479 hac
847 1435 912 1479 re
944 1435 1065 1481 non
1099 1416 1367 1495 recessit,
1402 1418 1477 1481 ut
1495 1420 1669 1500 patet
1693 1438 1766 1482 ex
1788 1419 1954 1483 hisce
1987 1418 2203 1502 (Resp.
2231 1440 2382 1484 mor.
2417 1420 2523 1483 lib.
2551 1421 2611 1481 4.
2640 1438 2697 1500 q.
2728 1419 2831 1480 20.

382 1537 442 1581 n.
468 1519 596 1602 4.):
631 1554 660 1565 -
692 1517 1088 1602 Quapropter
1134 1518 1376 1603 puellae
1423 1522 1487 1584 et
1532 1519 1825 1605 virginea,
1865 1540 2024 1603 quae
2071 1524 2182 1586 aut
2229 1541 2300 1585 ex
2348 1521 2573 1585 osculis
2604 1520 2668 1584 et
2714 1539 2839 1583 am-

384 1620 661 1703 plexibus
693 1621 1012 1685 castorum
1061 1621 1377 1699 iuvenum,
1425 1641 1582 1704 quos
1630 1625 1866 1701 amant,
1913 1624 2303 1707 voluptatem
2350 1623 2605 1707 capiunt
2649 1622 2838 1686 hone·

384 1725 567 1801 stam,
601 1723 730 1787 sive
761 1743 905 1789 cum
937 1742 1041 1789 eos
1081 1725 1290 1788 tactus
1335 1724 1618 1809 cogitant
1663 1726 1794 1790 sive
1831 1726 2021 1790 etiam
2053 1744 2306 1809 corpore
2337 1745 2441 1790 eos
2474 1725 2838 1797 admittunt,

382 1827 495 1890 aut
539 1844 661 1890 non
693 1827 948 1909 peccant
979 1827 1092 1891 aut
1121 1826 1341 1891 leviter
1376 1830 1649 1911 peccant,
1689 1829 1765 1892 ut
1793 1828 2000 1912 inquit
2031 1827 2344 1913 Sylvester
2373 1828 2450 1892 V.
2491 1827 2839 1892 Delectatio

380 1948 440 1992 n.
480 1928 537 1991 7.
571 1927 713 1992 Νο11
747 1928 1063 1993 mortifere
1096 1947 1342 2012 peccare
1376 1929 1650 1994 affirmat
1681 1930 1933 1995 Rosella
1971 1931 2047 1995 V.
2092 1929 2405 2014 Coyitatio
2424 1950 2669 1995 morosa
2690 1950 2751 1994 n.
2778 1931 2839 1993 4.

391 2029 576 2096 Secus
625 2029 969 2107 dicendum,
1019 2030 1070 2094 si
1104 2031 1311 2094 animo
1347 2032 1672 2095 obscenam
1722 2034 1835 2097 aut
1864 2052 2117 2116 corpore
2163 2035 2410 2117 turpem
2456 2033 2846 2117 voluptatem

380 2132 703 2197 haurirent
731 2168 760 2181 -
797 2157 858 2196 ›.

571 2258 605 2292 α
650 2231 718 2296 7⁰
744 2235 1023 2317 Denique
1057 2234 1219 2299 Viva
1250 2237 1324 2299 de
1355 2237 1560 2300 ,Μαίη
1596 2257 1654 2319 q.
1710 2239 1767 2301 1.
1802 2239 1920 2302 art.
1958 2239 2015 2302 7.
2049 2258 2109 2302 n.
2155 2238 2213 2300 6.
2254 2238 2398 2301 licet
2447 2256 2721 2320 pugnare
2759 2237 2844 2299 vi-

390 2335 611 2401 deatur
658 2338 873 2401 contra
925 2337 1194 2403 Sanchez
1243 2357 1631 2403 communem
1662 2340 2056 2418 sententiam,
2090 2342 2299 2403 tamen
2339 2339 2628 2423 ambigue
2650 2337 2848 2420 loqui-

387 2442 494 2505 tur
518 2438 589 2504 de
622 2438 1023 2505 delectatione
1048 2440 1232 2505 modo
1257 2441 1543 2505 sensibili
1563 2443 1747 2507 modo
1782 2442 2032 2506 carnali
2057 2462 2310 2524 remque
2339 2443 2542 2526 magis
2565 2440 2848 2524 implicat

388 2542 536 2607 dum
567 2543 684 2608 hoc
715 2542 851 2610 loco
891 2542 1060 2621 dicit,
1111 2562 1175 2609 se
1211 2547 1687 2610 communiorem
1718 2545 2064 2612 doctrinam
2096 2547 2311 2612 contra
2350 2544 2618 2611 Sanchez
2650 2543 2844 2626 sequi,

390 2644 537 2710 dum
571 2646 720 2711 alibi
752 2647 817 2711 in
849 2665 1022 2729 prop.
1062 2647 1181 2709 40⁸
1211 2646 1414 2711 damn.
1451 2648 1528 2711 ab
1560 2649 1733 2714 Alex.
1776 2649 1917 2713 VH.
1945 2670 2006 2712 n.
2034 2650 2138 2713 23.
2168 2647 2436 2713 Sanchez
2475 2646 2845 2711 sententiam

397 2748 623 2812 tribuit
644 2747 989 2828 plurimis:
1032 2767 1191 2831 quae
1225 2748 1346 2814 duo
1378 2749 1559 2832 plane
1590 2750 1793 2814 forent
1830 2752 2308 2817 contradictoria
2334 2776 2394 2815 ».

487 2846 699 2923 1002.
726 2850 869 2914 «Ex
889 2851 1176 2936 allegatis
1207 2851 1404 2935 igitur
1442 2854 1809 2935 supererunt
1837 2853 2085 2933 Mendo,
2119 2853 2389 2920 Concina
2413 2857 2474 2918 et
2506 2852 2847 2937 Roncaglia

397 2970 663 3033 quorum
694 2954 1044 3035 postremus
1090 2955 1272 3019 tract.
1314 2954 1415 3017 12.
1448 2973 1579 3037 cap.
1622 2956 1677 3017 1.
1713 2973 1771 3035 q.
1815 2955 1874 3017 6.
1910 2955 2077 3036 dicit,
2110 2958 2339 3021 mirari
2381 2976 2466 3034 se,
2516 2954 2680 3036 quod
2711 2954 2864 3035 qui-·

398 3053 544 3118 dam
581 3054 793 3120 oscula
827 3056 1170 3121 admittant
1197 3062 1269 3120 ut
1299 3056 1475 3120 licita
1512 3057 1677 3121 inter
1707 3076 1966 3136 sponsos
1997 3059 2060 3122 et
2088 3079 2411 3141 nunquam
2445 3078 2510 3123 se
2533 3059 2692 3122 satis
2708 3076 2854 3138 per·

393 3157 641 3236 cepisse,
677 3159 977 3239 quomodo
1010 3157 1138 3222 dici
1152 3160 1376 3241 possit,
1417 3159 1739 3239 sponsalia
1791 3158 2060 3224 tribuere
2106 3164 2350 3242 sponsis
2382 3163 2483 3225 ins
2511 3160 2598 3223 ad
2638 3161 2856 3222 nmtua

395 3260 622 3325 oscula.
662 3260 760 3325 Ad
797 3280 954 3343 quae
988 3262 1097 3325 alii
1141 3263 1297 3326 illud
1329 3262 1487 3327 forte
1518 3264 1902 3345 reponerent,
1935 3263 2260 3339 rationem,
2295 3284 2451 3346 quae
2476 3261 2853 3347 Roncagliae

400 3363 593 3429 oculis
626 3381 750 3427 non
800 3362 1056 3440 affulsit,
1095 3363 1399 3429 affulsisse
1433 3366 1640 3430 tamen
1688 3365 2100 3429 communiter
2148 3366 2432 3442 aliorum,
2473 3385 2628 3448 quos
2659 3364 2856 3429 innui·

402 3486 562 3543 mus,
600 3466 946 3530 Doctorum
993 3465 1371 3542 intellectui;
1407 3486 1601 3547 neque
1633 3466 1796 3531 enim
1829 3466 1952 3531 alia
1984 3468 2116 3530 tam
2143 3467 2486 3531 communis
2516 3465 2857 3531 sententiae

401 3586 590 3632 causa
637 3566 949 3632 sufficiens
999 3566 1306 3652 assignari
1337 3570 1561 3650 potest,
1597 3568 1717 3633 nisi
1748 3569 1911 3633 ratio
1960 3568 2287 3651 quaepiam
2320 3568 2472 3633 satis
2503 3568 2856 3652 spectabilis

401 3689 559 3751 quae
606 3669 1023 3736 diversissima
1069 3671 1317 3757 ingenia
1365 3671 1427 3735 in
1472 3691 1663 3736 unam
1700 3673 2072 3736 sententiam
2105 3671 2456 3754 compellat.
2496 3671 2671 3750 Quod
2693 3673 2856 3736 idem

404 3771 479 3836 ad
526 3772 751 3837 Mendo
800 3774 1218 3857 reponendum
1264 3778 1377 3851 est,
1427 3775 1536 3856 qui
1568 3772 1822 3839 Statera
1863 3774 2044 3855 Opin.
2079 3774 2223 3839 diss
2261 3777 2320 3838 5.
2371 3794 2427 3855 q.
2475 3775 2667 3836 12.11.
2709 3776 2854 3837 118.

407 3877 495 3938 tot
526 3873 626 3955 (ut
662 3873 778 3957 ait)
804 3880 987 3957 atque
1023 3877 1175 3940 adeo
1197 3896 1487 3959 pravium
1516 3877 1864 3940 Auctorum
1901 3877 2246 3942 doctrinam
2279 3876 2512 3940 veritus
2549 3875 2644 3939 est
2689 3876 2862 3956 sequi

404 3976 565 4059 quod
617 3974 889 4041 eiusdem
935 3977 1406 4044 fundamentum
1452 3998 1574 4043 non
1623 3978 1984 4062 pervideret.
2018 3979 2212 4044 Porro
2251 3977 2554 4043 Concinae
2588 3976 2859 4040 auctoris

403 4078 603 4162 n‘yidi
633 4078 1003 4164 suffragium
1023 4081 1241 4163 utique
1273 4083 1606 4165 plusquam
1636 4080 2027 4146 mediocriter
2066 4082 2250 4159 v‚alet
2291 4080 2536 4165 quando
2571 4077 2857 4155 absolvit,

405 4202 527 4248 non
572 4182 725 4247 item
772 4181 1018 4264 quando
1052 4182 1324 4247 damnat.
1366 4184 1542 4264 Quod
1573 4203 1717 4249 vero
1752 4184 2073 4268 speciatim
2123 4185 2348 4248 attinet
2395 4184 2472 4247 ad
2518 4179 2861 4265 Roncaglia

414 4284 858 4352 advertendum
905 4285 969 4348 in
1000 4285 1217 4368 primis
1266 4288 1378 4363 est,
1413 4288 1838 4368 quaestionem
1878 4287 1955 4351 ab
1988 4306 2058 4352 eo
2081 4287 2338 4372 restingi
2373 4305 2493 4351 non
2532 4287 2736 4351 solum
2782 4284 2869 4347 ad

404 4389 614 4455 oscula
634 4408 865 4470 pressa
896 4394 956 4452 ct
983 4386 1197 4470 aliquo
1248 4392 1509 4468 tempore
1542 4394 1892 4470 protracta,
1933 4390 2037 4455 sed
2062 4391 2323 4474 insuper
2361 4390 2438 4454 ad
2475 4390 2643 4469 facta
2669 4389 2740 4453 ob
2772 4408 2870 4452 ca-

392 4492 707 4571 ptandam
774 4492 1133 4557 sensibilem
1179 4490 1661 4555 delectationem.
1724 4493 1919 4558 Porro
1967 4493 2199 4578 Logica
2246 4513 2367 4559 non
2414 4492 2742 4575 permittit,
2792 4495 2866 4558 ut

410 4595 620 4659 exinde
658 4596 1065 4661 concludatur
1102 4595 1175 4660 de
1209 4595 1492 4660 omnibus
1542 4595 1768 4659 osculis
1801 4597 1864 4659 et
1893 4596 2340 4680 posthabeatur
2372 4615 2420 4660 s.
2455 4594 2757 4678 Alphonsi
2782 4594 2870 4658 di·

410 4695 659 4762 stinctio
678 4698 838 4764 inter
857 4701 1142 4785 agentem
1150 4702 1409 4779 propter
1424 4697 1655 4760 delecta
1663 4699 1886 4762 tionem
1911 4700 1974 4762 et
1990 4701 2276 4783 agentem
2293 4719 2426 4762 cum
2446 4697 2863 4762 delectat-ione.
