3497 5147
361 286 512 361 [490]
1318 303 1588 345 smomn.
1628 305 1874 346 cosmam
2725 297 2833 352 375

367 397 659 463 nebuloni
691 398 1033 481 plurimum
1064 399 1422 478 deferretur,
1465 401 1552 465 sic
1584 420 1722 466 eam
1754 406 2068 488 receptam
2107 404 2388 469 videmus
2421 405 2484 468 in
2523 407 2835 472 solutione

368 518 546 564 casus
582 501 642 564 2.
677 500 828 565 febr.
869 501 1060 565 1768.
1097 502 1415 566 Bononiae
1462 504 1578 566 sub
1627 503 1930 571 Malvetio
1982 507 2135 571 tom.
2194 507 2233 570 3
2277 526 2418 591 pag.
2457 508 2514 571 7.
2574 528 2835 590 eamque

366 602 751 667 insinuatam
798 602 1077 667 videmus
1124 605 1188 668 in
1237 623 1369 688 cap.
1412 605 1515 669 28.
1549 606 1605 689 ξ.
1648 608 1748 671 11.
1792 606 2022 692 Synodi
2069 609 2460 674 Tusculanae
2493 611 2836 675 celebratae

370 725 465 769 an.
507 705 699 768 1763.
735 706 850 769 sub
883 705 1150 770 Henrico
1200 704 1381 771 Card.
1416 707 1589 772 Duce
1625 709 2019 774 Eboracensi.

465 831 500 865 «ι
533 804 651 872 Sed
684 807 987 890 receptior
1018 807 1253 890 (inquit
1284 809 1623 893 Rigantius
1656 811 1719 874 in
1754 812 1953 898 regul.
1996 814 2100 876 36.
2139 812 2557 880 Cancellariae
2582 837 2641 880 n.
2687 815 2834 878 132.

367 915 520 976 tom.
556 911 617 974 3.
652 930 796 995 pag.
840 911 984 974 190.
1024 911 1261 976 Romae
1311 911 1535 996 1746.)
1567 916 1663 978 est
1698 914 1760 978 in
1809 915 1985 997 praxi
2031 915 2345 980 contraria
2393 917 2620 999 opinio,
2670 916 2835 998 quod

365 1013 602 1079 scilicet
646 1013 834 1077 huius
872 1013 1125 1098 regulae
1157 1015 1432 1097 exceptio
1467 1020 1782 1099 competat
1812 1018 2060 1100 proviso
2094 1019 2167 1082 de
2200 1019 2492 1084 beneficio
2517 1019 2833 1103 ignoranti

366 1116 699 1180 simoniam
748 1134 784 1178 a
831 1115 1018 1180 tertio
1073 1116 1469 1181 commissam
1503 1141 1563 1181 ».
1624 1118 1827 1198 Quam
1885 1120 1949 1183 in
1988 1140 2119 1184 rem
2167 1123 2411 1204 praeter
2463 1121 2834 1205 suffragium

367 1219 643 1303 plurium
690 1237 760 1283 ac
806 1219 1323 1303 gravissimorum
1356 1221 1514 1298 DD.‚
1552 1222 1731 1287 affert
1780 1226 1843 1287 et
1897 1224 2101 1307 plures
2149 1225 2485 1291 decisiones
2531 1244 2579 1289 6.
2630 1225 2834 1289 Rotae

365 1323 706 1388 Romanae.
748 1320 848 1386 Sic
895 1323 958 1386 et
996 1321 1347 1407 Theologos
1397 1323 1573 1402 alios,
1622 1325 1785 1389 inter
1816 1345 1972 1408 quos
2005 1325 2230 1392 Suarez
2264 1327 2337 1390 de
2374 1326 2584 1408 Reliy.
2618 1326 2725 1390 lib.
2768 1328 2831 1389 4.

365 1445 497 1510 cap.
542 1426 649 1490 57.
689 1447 749 1490 n.
793 1427 852 1490 9.
896 1429 959 1490 et
991 1422 1364 1491 Canonistas
1413 1449 1449 1491 a
1498 1427 1876 1513 Schmalzgr.
1912 1431 1952 1494 l.
1990 1452 2039 1495 6.
2093 1431 2155 1494 61
2186 1431 2586 1495 Reiffenstuel
2632 1432 2694 1493 h.
2728 1431 2832 1495 tit.

366 1549 426 1593 6.
461 1530 614 1593 278.
647 1529 873 1594 6116166
904 1529 1133 1594 videas,

457 1630 863 1715 Argumentis
896 1632 1108 1695 autem
1142 1631 1639 1697 adversariorum
1657 1632 1744 1696 sic
1770 1634 2098 1716 respondet
2122 1634 2437 1699 Reiffenst.
2465 1634 2562 1698 Ad
2591 1636 2648 1697 1.
2669 1634 2834 1716 quod

367 1753 516 1797 cum
544 1732 709 1797 dicta
731 1733 951 1818 regula
982 1733 1046 1798 in
1081 1735 1390 1815 quantum
1405 1734 1772 1799 favorabilis
1804 1736 1932 1799 late
1957 1738 2020 1800 et
2050 1737 2115 1800 in
2147 1739 2455 1817 quantum
2488 1736 2696 1800 odiosa
2719 1738 2834 1812 est,

371 1836 588 1900 stricte
618 1836 701 1900 sit
735 1835 1220 1919 interpretanda,
1255 1837 1407 1901 6666
1440 1836 1559 1900 dici
1599 1839 1826 1920 potest,
1868 1837 2236 1911 clausulam,
2270 1838 2446 1902 illam
2481 1865 2561 1895 =
2588 1839 2724 1902 sinc
2755 1839 2838 1902 si-

372 1939 655 2002 moniaco
677 1939 964 2020 inyressu
1013 1965 1095 1995 ==
1143 1939 1619 2023 intelligendam
1668 1941 1920 2004 tantum
1968 1940 2042 2004 de
2090 1959 2162 2004 eo
2210 1959 2359 2018 esse,
2408 1939 2514 2022 qui
2562 1941 2659 2005 vel
2706 1940 2838 2023 ipse

364 2061 478 2125 per
532 2043 845 2126 propriam
891 2042 1222 2108 simoniam
1271 2043 1545 2107 obtinuit
1590 2043 1973 2121 beneficium,
2024 2044 2121 2108 vel
2168 2043 2499 2108 simoniam
2556 2044 2835 2118 alterius,

362 2163 492 2228 qua
529 2144 840 2209 mediante
889 2145 1165 2210 obtinuit
1210 2144 1593 2221 beneficium,
1652 2145 1870 2210 statim
1919 2147 2017 2211 vel
2078 2149 2239 2212 certe
2283 2146 2452 2210 intra
2498 2147 2835 2210 triennium

358 2246 619 2312 rescivit
656 2250 717 2311 61
763 2249 1205 2330 consequenter
1249 2248 1411 2312 bona
1460 2247 1576 2312 fide
1614 2267 1738 2312 non
1771 2248 2074 2331 possedit:
2115 2249 2473 2314 nullatenus
2506 2267 2650 2312 1616
2686 2249 2838 2312 6661·

361 2351 657 2435 piendam
688 2351 762 2416 de
794 2371 885 2428 eo,
920 2351 1030 2433 qui
1079 2351 1338 2416 alterius
1393 2351 1692 2417 simoniae
1724 2353 1973 2435 penitus
2019 2353 2278 2438 ignarus
2314 2353 2550 2434 optima
2581 2351 2699 2415 fide
2732 2370 2839 2433 per

362 2455 710 2520 triennium
743 2454 993 2538 pacifice
1024 2454 1316 2537 possedit.
1358 2455 1675 2520 Reiffenst.
1713 2476 1771 2520 n.
1810 2456 1960 2519 278.

458 2557 554 2622 Ad
609 2559 669 2622 2.
698 2571 856 2622 ‘vero
910 2556 1239 2641 respondet
1293 2557 1440 2622 ibid.
1483 2579 1544 2622 n.
1596 2559 1768 2636 279„
1817 2558 1930 2623 hos
1977 2559 2187 2623 textus
2233 2556 2505 2642 intelligi
2535 2575 2714 2641 posse
2761 2555 2836 2620 de

358 2661 666 2745 parvuIiS,
717 2660 825 2743 qui
872 2661 945 2725 de
982 2660 1248 2725 simonia
1294 2664 1623 2743 parentum
1670 2662 1751 2725 ab
1795 2660 1976 2726 initio
2014 2660 2184 2725 fuere
2230 2660 2479 2738 conscii,
2512 2659 2612 2725 vel
2644 2659 2835 2723 etiam

356 2764 535 2827 intra
581 2763 921 2828 triennium
958 2763 1358 2840 resciverunt,
1393 2763 1491 2827 611
1537 2764 1719 2827 facile
1767 2764 2122 2848 contingere
2170 2766 2398 2847 potest,
2455 2763 2838 2827 discentibus

354 2868 431 2932 et
476 2866 966 2931 lamentantibus
1028 2865 1288 2931 subinde
1342 2866 1721 2949 parentibuS,
1767 2868 2075 2948 quantum
2117 2866 2247 2931 iam
2296 2866 2689 2950 expenderint
2736 2865 2836 2929 vel

356 2968 702 3051 expendere
750 2968 1013 3033 debeant
1059 2986 1170 3050 pro
1220 2967 1388 3032 filiis.
1444 2967 1562 3032 Vel
1610 2967 1705 3031 dic
1752 2967 1844 3049 (et
1890 2967 2041 3032 haec
2088 2971 2182 3032 est
2226 2967 2449 3033 idonea
2494 2968 2698 3051 magis
2745 2986 2837 3029 re-

352 3076 666 3160 sponsio),
715 3076 999 3159 regulam
1045 3073 1119 3138 dc
1168 3072 1474 3137 triennali
1518 3093 1647 3138 esse
1711 3073 2024 3139 conditam
2086 3075 2228 3156 post
2273 3074 2416 3139 illos
2464 3092 2726 3138 canones
2774 3074 2839 3135 et

352 3177 809 3258 consequenter
844 3176 922 3242 iis
967 3178 1031 3241 in
1079 3195 1228 3241 casu
1275 3178 1488 3242 nostro
1543 3177 1850 3261 derogari,
1891 3197 2034 3241 cum
2079 3177 2177 3241 lex
2223 3176 2527 3260 posterior
2579 3175 2838 3258 deroget

352 3279 579 3365 priori.
615 3279 858 3343 Inserta
892 3281 1105 3344 661616
1135 3279 1286 3343 haec
1333 3279 1549 3363 regula
1596 3278 1719 3345 fuit
1765 3281 1927 3344 inter
1961 3281 2116 3344 alias
2164 3278 2581 3343 Cancellariae
2615 3297 2651 3341 a
2698 3276 2837 3342 Cal-

276 3451 280 3455 ,
350 3383 522 3447 111116
575 3381 715 3458 ΙΠ.,
766 3366 1126 3462 qui’sedem
1173 3382 1583 3464 apostolicam
1631 3382 1985 3447 conscendit
2033 3400 2192 3445 anno
2245 3381 2437 3443 1455.
2487 3380 2664 3444 Unde
2712 3380 2836 3445 fru-

351 3490 499 3553 stra
547 3486 933 3567 quaeruntur
981 3486 1044 3548 et
1090 3486 1509 3569 congeruntur
1543 3504 1577 3548 6
1610 3504 1730 3549 166
1769 3485 1970 3567 Espen
2004 3483 2358 3565 antiquiora
2391 3483 2668 3564 exempla
2700 3502 2839 3546 con-

352 3587 585 3654 traria.

455 3684 639 3760 490.
675 3688 886 3752 Τ61116
918 3708 1114 3771 poena
1153 3691 1266 3767 est,
1301 3690 1375 3753 ut
1413 3688 1618 3771 inquit
1649 3688 1964 3765 Busemb.,
2000 3687 2166 3770 quod
2193 3685 2494 3750 inhabilis
2526 3685 2836 3751 efficiatur

355 3792 445 3858 ad
491 3792 659 3856 idem
704 3791 1067 3856 beneficium
1117 3791 1518 3855 obtinendum
1566 3792 1758 3856 etiam
1782 3810 1905 3871 per
1942 3789 2464 3870 despensationem
2511 3788 2840 3869 Ispiscogn‘s

354 3898 559 3976 atque
592 3893 743 3958 adeo
777 3894 920 3958 ante
953 3912 1197 3957 omnem
1237 3894 1610 3958 sententiam
1650 3913 1771 3958 non
1811 3893 1994 3958 modo
2028 3892 2185 3957 illud
2217 3892 2530 3957 dimittere
2568 3892 2834 3966 tenetur,

353 3999 416 4062 si
460 3995 755 4073 obtinuit,
790 3994 895 4058 sed
925 3994 1219 4059 inhabilis
1267 3995 1477 4060 evadit
1524 3996 1600 4060 ad
1648 3995 1814 4060 idem
1861 3996 1999 4060 dein
2033 3996 2190 4060 alias
2232 3995 2653 4061 obtinendum.

457 4097 747 4177 Quidam,
788 4097 884 4160 uti
915 4095 1463 4182 Schmalzgrueber
1494 4119 1551 4162 n.
1590 4099 1762 4176 268„
1797 4118 1927 4162 rem
1961 4100 2330 4181 temperant,
2351 4098 2640 4168 dicentes,
2667 4094 2841 4155 inha-

356 4202 555 4266 bilem
587 4199 722 4263 fieri
760 4197 837 4262 ad
883 4199 1040 4264 illud
1072 4199 1436 4264 beneficium
1466 4219 1588 4280 pro
1620 4222 1693 4263 ca
1726 4202 1852 4264 vice
1887 4200 2312 4265 obtinendum.

454 4302 595 4379 Sed,
638 4303 711 4365 ut
747 4299 899 4365 dicit
937 4301 1337 4366 Reiffenstuel
1369 4304 1431 4366 h.
1470 4302 1572 4366 tit.
1609 4324 1667 4366 n.
1714 4303 1895 4365 266.;
1945 4328 1980 4361 «
2011 4303 2159 4366 licet
2207 4302 2269 4365 in
2308 4320 2442 4382 cap.
2478 4297 2712 4381 penult.
2764 4294 2839 4358 de

358 4405 692 4470 Elea-ione
738 4402 1043 4482 videatur,
1092 4404 1423 4468 simoniace
1473 4405 1853 4468 obtinentem
1901 4404 2264 4468 beneficium
2311 4404 2562 4465 tantum
2609 4421 2681 4463 ca
2711 4399 2840 4462 vice

361 4528 499 4574 esse
532 4507 875 4572 inhabilem
923 4505 1000 4568 ad
1047 4505 1208 4569 idem
1258 4505 1681 4579 obtinendum,
1732 4506 1895 4569 sicut
1943 4508 2006 4570 et
2052 4507 2328 4590 glossa...
2381 4504 2576 4579 tenet3
2627 4504 2836 4565 tamen
