3497 5147
274 348 422 418 [659]
858 362 1017 411 Quo‘r
1058 364 1245 406 uoms
1281 364 1599 407 *romnus
1638 366 1968 409 onmem-10
2005 368 2144 410 vo‘n
2631 359 2738 414 501

384 460 604 513 XLVill.
630 462 680 514 3.
707 458 761 513 Si
805 458 1007 513 materia
1034 459 1140 512 voti
1166 462 1248 513 flat
1274 442 1592 527 impossibilis
1615 463 1778 528 quoad
1803 472 1988 529 partem
2021 470 2220 528 tautum,
2245 471 2378 526 tunc,
2402 465 2444 519 si
2482 468 2738 520 commode

270 544 387 599 uuis
427 544 631 598 materia
677 543 837 598 dividi
864 560 957 598 non
986 551 1148 611 potest
1175 551 1259 599 aut
1295 560 1391 598 non
1418 549 1558 606 solet,
1585 548 1645 599 sd
1685 546 1804 600 nihi!
1844 548 2125 622 tenerisgv.
2150 564 2219 613 gr.
2255 549 2439 604 vovisti
2479 549 2739 604 aedificare

267 634 526 696 temptum,
550 629 593 683 si
631 636 788 683 totum
830 644 928 682 non
967 637 1123 696 potes.
1150 644 1246 682 non
1286 629 1470 683 teneris
1506 632 1566 683 ad
1609 637 1813 697 partem.

363 761 537 836 658.
579 766 769 831 Ratio
815 765 1216 832 resolutionis
1248 766 1416 830 clara
1460 767 1586 831 est:
1627 766 1692 831 vi
1721 768 1886 832 enim
1932 769 2066 834 voti
2102 770 2328 835 teneris
2359 771 2610 835 tantum
2656 770 2734 835 ad

262 868 504 947 totum,
545 866 713 950 quod
744 868 955 933 tamen
986 867 1367 951 impossibile
1403 868 1620 933 evasit.

380 1028 562 1081 XLIX.
594 1028 641 1080 t.
667 1023 719 1081 si
764 1041 883 1080 vero
925 1026 1081 1080 dividi
1119 1029 1371 1081 commode
1399 1034 1561 1094 potest
1587 1034 1636 1082 et
1661 1030 1804 1093 solet,
1831 1036 1991 1083 manet
2017 1029 2251 1094 obligatio
2282 1032 2342 1084 ad
2369 1030 2501 1085 illam
2529 1037 2733 1097 partem,
2799 1059 2810 1070 ·

262 1127 416 1179 quam
461 1120 630 1179 potes:
664 1119 716 1165 ut
742 1127 791 1166 v.
817 1125 890 1176 gr.
916 1114 965 1166 4.
992 1112 1075 1178 qui
1104 1127 1202 1166 non
1244 1119 1405 1179 potest
1440 1112 1659 1168 ieiunare
1682 1120 1786 1168 tota
1811 1117 2130 1180 hebdomada,
2155 1123 2318 1184 potest
2355 1123 2517 1170 autem
2551 1116 2737 1182 aliquot

261 1197 465 1262 diebus,
492 1198 553 1250 ad
580 1201 675 1251 hoe
707 1203 930 1251 tenetur:
955 1200 1004 1251 2.
1034 1196 1117 1263 qui
1143 1196 1501 1251 matrimonium
1527 1199 1772 1252 contraxit
1796 1205 1844 1252 et
1868 1198 2223 1254 consummavit
2259 1207 2370 1268 post
2397 1208 2565 1254 votum
2594 1200 2738 1254 cesti·

262 1282 401 1346 tatis,
432 1289 628 1337 tenetur
655 1297 750 1336 uon
779 1288 948 1350 petere
973 1281 1221 1350 debitum3
1250 1297 1360 1337 cum
1387 1288 1589 1337 eatenus
1614 1289 1784 1336 votum
1809 1284 1969 1338 adhuc
2000 1282 2069 1338 sit
2092 1283 2325 1352 possibile
2349 1287 2580 1348 (reddere
2603 1283 2734 1339 enim

262 1369 460 1432 debet).
492 1368 556 1420 V.
584 1368 705 1420 Bon.
735 1380 784 1432 p.
808 1366 859 1418 7.
886 1367 935 1434 S.
963 1368 1013 1420 2.

361 1499 535 1574 559.
573 1501 637 1567 Si
673 1504 939 1568 materia
968 1505 1055 1569 sit
1099 1505 1332 1588 partim
1377 1506 1707 1589 possibilis,
1742 1508 1973 1589 partim
2009 1508 2429 1591 impossibilis
2463 1528 2512 1573 s.
2545 1509 2732 1592 Alph.

259 1627 322 1671 n.
364 1608 517 1671 202.
553 1606 704 1670 dicit
742 1608 1076 1671 voventem
1122 1607 1319 1672 teneri
1357 1607 1434 1672 ad
1466 1610 1706 1691 partem
1754 1610 2131 1693 possibilem,
2165 1611 2216 1675 si
2254 1612 2349 1675 est
2385 1611 2730 1690 divisibilis,

258 1736 319 1778 v.
360 1734 457 1800 gr.
493 1712 548 1777 si
602 1715 824 1778 coniux
872 1717 1098 1779 voveat
1135 1714 1510 1791 castitatem,
1553 1715 1745 1779 teneri
1795 1716 1871 1779 ad
1916 1736 2038 1781 non
2086 1716 2434 1801 petendum.
2471 1718 2632 1782 Item
2678 1717 2732 1781 si

257 1816 583 1902 possibilis
624 1816 710 1881 sit
739 1836 882 1901 pars
913 1816 1288 1900 principalia
1322 1816 1722 1900 impossibilis
1757 1836 1901 1882 vero
1940 1819 2297 1883 accessoria.

360 1920 533 1984 Haeo
561 1938 609 1983 e.
625 1918 808 2001 Alph.
823 1918 1101 2002 allegans
1125 1917 1486 1984 Salmantio.
1518 1921 1701 1984 tract.
1740 1921 1844 1984 17.
1871 1939 2003 2003 cap.
2033 1922 2090 1985 1.
2119 1942 2178 1984 n.
2209 1922 2312 1986 74.
2337 1922 2571 1986 Verum
2608 1941 2730 1987 non

252 2022 408 2086 erat
457 2020 892 2098 omittendum,
926 2020 1090 2103 quod
1124 2040 1181 2083 n.
1221 2020 1322 2083 74.
1363 2024 1766 2103 praemonent
1809 2021 1996 2086 iidem
2039 2020 2556 2088 Salmantioenses
2588 2043 2730 2089 cum

256 2123 414 2188 aliis
448 2123 605 2186 DD.:
644 2147 680 2182 ‹
711 2124 784 2188 In
823 2141 948 2205 quo
996 2123 1409 2187 certissimum
1457 2124 1568 2200 est,
1605 2122 1768 2204 quod
1801 2124 1855 2187 si
1901 2123 1973 2188 de
2012 2124 2216 2189 animo
2265 2124 2546 2190 voventis
2593 2145 2731 2190 eon-

247 2230 485 2303 staret,
518 2245 585 2292 se
619 2246 727 2311 per
758 2225 1014 2292 modum
1044 2225 1229 2291 unius
1262 2226 1531 2290 voluisse
1579 2225 1655 2289 ad
1692 2227 2024 2308 utramque
2071 2228 2313 2308 partem
2343 2227 2621 2311 obligare
2667 2230 2729 2292 et

250 2328 733 2395 indivisibiliter
766 2329 1099 2409 utramque
1129 2345 1272 2410 prae
1311 2327 1507 2393 oculis
1539 2327 1781 2404 habuit,
1814 2329 2059 2394 nullum
2083 2329 2245 2392 esset
2274 2329 2512 2393 votum.
2538 2328 2728 2394 Ratio

247 2433 409 2516 quia
452 2432 677 2496 votum
714 2433 809 2495 est
830 2430 928 2495 lex
952 2429 1367 2512 particularis,
1393 2448 1552 2512 quae
1582 2450 1705 2495 non
1736 2430 2087 2495 extenditur
2125 2430 2292 2496 ultra
2322 2431 2728 2496 intentionem

246 2536 572 2614 voventis,
613 2537 676 2601 et
703 2535 841 2602 ideo
874 2535 928 2601 si
958 2553 1189 2602 vovens
1221 2535 1538 2601 oolleotive
1570 2535 1860 2619 promisit
1888 2537 2218 2619 utramque
2249 2535 2492 2619 partem
2538 2538 2726 2618 atque

244 2660 457 2707 unam
505 2638 947 2723 dependentem
992 2637 1072 2702 ab
1119 2638 1336 2714 altera,
1385 2638 1441 2702 si
1486 2657 1608 2703 una
1655 2638 1741 2702 sit
1785 2637 2187 2721 impossibilis
2236 2639 2348 2702 aut
2393 2637 2729 2720 quomodo-

240 2760 532 2824 cumque
563 2740 829 2806 materia
860 2740 1070 2822 inepta
1100 2740 1256 2813 voti,
1288 2741 1495 2805 totum
1531 2740 1785 2804 irritum
1813 2740 2061 2805 manet:
2095 2760 2155 2804 v.
2182 2760 2275 2824 gr.
2310 2741 2529 2804 votum
2567 2740 2728 2805 aedi-

246 2845 497 2913 ficandi
541 2844 863 2909 eeclesiam
907 2862 1052 2907 oum
1086 2861 1199 2908 sno
1249 2841 1486 2907 adiecto
1533 2842 1911 2907 monasterio
1958 2841 2058 2906 vel
2104 2842 2263 2906 turri
2308 2842 2723 2925 campanaria,

240 2952 371 3017 aut
408 2966 718 3032 organum
748 2965 890 3011 cum
921 2945 1200 3028 quolibet
1229 2944 1511 3027 possibili
1542 2963 1761 3029 genere
1790 2944 2364 3009 instrumentorum.

341 3050 420 3117 Si
467 3068 615 3115 vero
666 3067 789 3114 non
834 3048 958 3113 huc
1001 3046 1315 3112 ferebatur
1359 3047 1603 3112 animus
1635 3046 1938 3120 voventis,
1972 3047 2122 3110 tunc
2166 3046 2400 3112 valebit
2445 3045 2726 3111 doctrina

236 3177 278 3222 a
314 3176 377 3222 S.
415 3153 606 3236 Alph.
637 3152 1003 3217 memorata.

339 3255 658 3337 Exempla
704 3274 778 3319 ex
824 3252 1185 3318 Salmantio.
1219 3253 1400 3317 tract.
1446 3253 1548 3316 17.
1598 3272 1733 3335 eap.
1786 3254 1851 3315 1.
1894 3271 1994 3315 nn.
2040 3251 2142 3315 75.
2187 3250 2290 3314 76.
2329 3252 2395 3313 1⁰
2441 3248 2508 3315 Si
2552 3250 2731 3315 vovit

240 3359 634 3427 castitatem
667 3358 730 3420 et
760 3355 991 3439 nupsit,
1026 3356 1270 3420 tenetur
1302 3354 1381 3417 ad
1426 3353 1592 3436 quod
1637 3354 1863 3437 potest,
1897 3353 2028 3418 scil.
2065 3370 2184 3416 non
2216 3351 2547 3435 petendum
2581 3352 2729 3432 (nisi

237 3467 479 3530 tamen
512 3477 702 3543 grave
748 3457 811 3522 id
845 3457 1086 3523 aecidat
1131 3457 1315 3522 alteri
1360 3456 1658 3539 coniugi).
1705 3456 2066 3520 Praestat-et
2099 3454 2264 3518 certe
2298 3453 2448 3516 tuno
2493 3452 2729 3533 dispen-

236 3566 578 3632 sationem
607 3562 813 3643 petere
849 3562 988 3625 tum
1020 3559 1098 3624 ad
1134 3558 1390 3623 vitanda
1421 3556 1695 3640 pericula
1726 3557 1994 3622 aliorum
2026 3556 2438 3637 peccatorum,
2479 3554 2615 3615 tum
2652 3571 2730 3616 ne

234 3685 460 3755 grave
510 3663 601 3727 sit
650 3662 831 3728 alteri
876 3661 1146 3745 coniugi.
1178 3660 1449 3725 Adverte
1492 3660 1609 3723 hoe
1656 3659 1876 3723 votum
1921 3674 2099 3739 posse
2146 3652 2435 3737 suspendi
2480 3654 2558 3717 ab
2604 3654 2727 3720 alio

234 3770 549 3852 coniuge,
583 3767 657 3830 ut
687 3763 1050 3830 videbimus
1085 3766 1157 3828 2⁰
1186 3761 1436 3829 Vovisti
1467 3760 1896 3845 virginitatem
1943 3758 2007 3824 et
2036 3757 2327 3839 corrupta
2373 3756 2588 3822 deinde
2618 3776 2683 3822 es
2708 3782 2724 3835 ς

234 3871 496 3941 teneris
531 3866 609 3931 ad
641 3866 1092 3930 continentiam
1123 3865 1200 3946 (s.
1235 3865 1456 3929 Thom.
1483 3866 1543 3928 2.
1577 3865 1635 3927 2.
1671 3882 1731 3944 q.
1768 3862 1872 3925 88.
1909 3862 2026 3926 art.
2067 3860 2127 3923 3.
2164 3860 2242 3925 ad
2273 3861 2385 3945 2.).
2419 3859 2726 3946 Intellige‚

233 3979 295 4044 si
340 3973 608 4040 statum
645 3969 813 4035 huno
858 3967 1164 4043 vovisses3
1206 3986 1328 4032 non
1360 3966 1415 4030 si
1460 3984 1627 4030 mere
1670 3965 1848 4029 illam
1894 3962 2348 4047 perfectionem.
2383 3963 2452 4028 3⁰
2484 3963 2733 4027 Vovisti

231 4078 432 4147 mille
458 4075 530 4140 in
556 4072 1012 4156 eleemosynam
1037 4071 1101 4135 et
1127 4088 1252 4135 non
1266 4070 1442 4153 potes
1466 4069 1586 4134 nisi
1610 4070 1784 4144 200„
1803 4069 1954 4133 haee
1977 4067 2124 4132 dare
2145 4067 2390 4132 teneris.
2417 4065 2726 4148 Intellige‚

231 4183 373 4250 nisi
412 4194 647 4260 scopus
682 4174 903 4240 fuisset
932 4174 1100 4251 talia,
1127 4173 1235 4254 qui
1265 4173 1470 4237 solum
1501 4192 1609 4256 per
1643 4172 1837 4236 1000.
1865 4169 2239 4245 obtineatur,
2265 4188 2323 4232 v.
2356 4187 2450 4249 gr.
2485 4165 2728 4230 dotatio

230 4280 578 4352 monialis.
629 4278 701 4341 4⁰
736 4276 988 4343 Vovisti
1032 4275 1331 4341 ieiunium
1378 4274 1810 4356 quotidianum
1859 4274 1923 4337 et
1968 4291 2091 4336 non
2135 4273 2313 4353 potes
2358 4269 2479 4333 nisi
2523 4268 2617 4332 bis
2663 4267 2727 4331 in

238 4380 679 4454 hebdomada,
715 4377 792 4441 ad
829 4378 945 4442 hoo
975 4377 1219 4442 teneris.
1249 4376 1317 4439 5⁰
1339 4376 1587 4439 Vovisti
1618 4376 1706 4440 ire
1736 4374 2075 4439 Ierusalem
2113 4373 2382 4454 pedestri
2411 4372 2629 4436 itinere
2666 4371 2730 4434 et

232 4493 373 4555 hoc
407 4504 542 4553 non
567 4482 769 4566 potae,
795 4481 1023 4547 teneris
1048 4480 1135 4544 ire
1167 4479 1292 4543 ah'o
1315 4478 1520 4543 mod0.
1547 4478 1616 4541 6⁰
1641 4477 1892 4542 Vovisti
1922 4474 2479 4559 peregrinationem
2510 4473 2728 4538 induto

234 4609 439 4659 saeco
480 4590 547 4652 et
585 4603 709 4649 non
742 4585 918 4666 potes
944 4602 1085 4648 oum
1117 4600 1315 4655 saeco,
1348 4599 1471 4644 non
1501 4580 1783 4644 liberaris
1816 4579 1893 4642 ab
1933 4575 2331 4661 obligatione.
2377 4574 2443 4640 7⁰
2480 4575 2728 4638 Vovisti
