3497 5147
677 319 785 374 792
962 333 1176 374 macr.
1202 333 1285 375 vr.
1312 333 1475 374 sacr.
1502 333 1610 375 vn.
1635 332 1722 371 nn
1747 326 1983 370 oc‘rAvo
2009 324 2224 365 manc.
2249 323 2580 366 Dncanom.
2605 325 2751 368 Dua.
2777 326 2842 368 11.
2953 312 3139 386 [1068]

676 449 889 495 corum
938 430 1350 507 contineatur,
1397 429 1605 512 potest
1637 446 1709 490 ea
1758 426 1966 489 tamen
2015 423 2092 486 ad
2142 421 2317 498 alios,
2378 424 2727 505 opportuna
2780 422 2930 487 data
2977 443 3143 488 occa·

676 536 866 614 sione,
930 535 1062 600 sine
1107 535 1227 600 fine
1274 534 1626 619 propagari.
1678 531 1927 596 Dicitur
1971 529 2045 591 de
2093 529 2223 589 vita
2270 531 2331 590 et
2387 526 2696 606 maribam,-
2745 529 3142 611 praecipuum

674 639 909 702 scilicet
943 637 1253 703 obiectum
1299 636 1502 701 famae
1548 636 1744 700 bonae
1794 632 1891 696 vel
1939 631 2140 694 malae
2188 632 2283 694 est
2330 628 2389 692 id
2429 629 2594 711 quod
2643 629 2720 694 ad
2752 630 3140 695 honestatem

675 743 740 806 et
771 760 974 805 mores
1002 739 1265 804 alicuius
1291 740 1567 822 spectat:
1602 736 1706 802 sed
1740 737 2058 818 praeterea
2090 733 2256 795 fama
2293 731 2526 795 versari
2563 732 2771 814 potest
2801 733 2963 796 circa
2989 732 3140 796 alias

671 844 848 907 dotes
895 861 1003 906 seu
1050 841 1410 925 qualitates,
1460 837 1812 904 cuiusmodi
1858 838 2004 900 sunt
2053 834 2376 916 sapientia,
2426 834 2766 918 ingenium,
2813 833 3138 918 prudentia

673 944 1079 1031 gubernandi,
1114 943 1487 1026 eloquentia,
1522 942 1683 1006 bona
1729 939 1965 1004 indoles
2007 940 2069 1002 et
2101 936 2246 1014 alia,
2282 955 2439 1018 quae
2470 936 2750 1001 homines
2797 936 3139 1001 laudabiles

671 1046 971 1125 reddunt3
1006 1046 1131 1111 imo
1167 1047 1229 1110 et
1253 1046 1416 1110 bona
1447 1046 1715 1120 externa,
1755 1043 1827 1107 ut
1861 1039 2211 1124 pulcritudo
2246 1039 2433 1122 (quae
2466 1038 2725 1104 feminas
2757 1040 3138 1104 commenda-

673 1150 828 1213 biles
861 1149 1059 1233 facit),
1109 1148 1423 1224 nobilitaS,
1467 1165 1632 1230 opeS,
1666 1144 1874 1229 gratia
1923 1142 2213 1225 principis
2247 1143 2311 1205 et
2339 1141 2720 1216 huiusmodi,
2754 1161 2913 1224 quae
2946 1143 3137 1225 perfe-

674 1253 967 1329 ctionem,
1013 1251 1161 1316 licet
1214 1250 1638 1324 extrinsecam,
1690 1248 1974 1320 afferunt,
2025 1246 2086 1308 in
2143 1244 2438 1309 societate
2492 1244 2912 1327 appetibilem.
2962 1244 3134 1330 Lugo

570 1407 573 1410 .
674 1354 831 1437 disp.
872 1354 977 1417 cit.
1020 1373 1119 1417 nn.
1161 1354 1219 1415 1.
1256 1354 1315 1415 2.
1350 1351 1559 1415 Aliam
1591 1349 2010 1413 definitionem
2043 1347 2117 1409 cf.
2153 1347 2216 1410 in
2250 1348 2327 1410 tr.
2364 1346 2436 1410 de
2469 1347 2663 1431 Irreg.
2696 1346 2812 1411 sub
2840 1347 2898 1429 ξ.
2934 1346 3134 1411 XVII.

764 1456 938 1520 Bona
986 1454 1153 1519 fama
1201 1454 1493 1518 definitur
1540 1473 1575 1516 a
1622 1451 1860 1516 Melina
1908 1448 2100 1532 (apud
2148 1448 2326 1533 Lugo
2374 1448 2553 1531 ibid.)
2601 1448 2762 1512 bona
2806 1449 2882 1512 de
2927 1449 3135 1531 aliquo

671 1558 1052 1621 existimatio
1076 1556 1284 1638 quoad
1309 1553 1571 1637 aliquod
1598 1555 1730 1619 eius
1757 1553 1976 1617 bonum
2001 1572 2022 1629 ‚⁸
2049 1570 2192 1614 nam
2225 1551 2364 1633 quis
2403 1553 2609 1634 pObssSss
2640 1551 2843 1634 quoad
2881 1552 3131 1634 aliquid,

672 1667 855 1744 bona,
889 1665 1092 1748 quoad
1133 1664 1323 1741 aliud,
1359 1663 1527 1727 mala
1558 1662 1725 1727 fama
1759 1658 2048 1744 gaudere.

760 1770 880 1833 Pro
928 1768 1211 1852 pluribus
1248 1767 1410 1831 bona
1448 1766 1617 1829 fama
1665 1783 1776 1828 seu
1807 1761 2186 1826 existimatio
2235 1761 2299 1824 in
2333 1760 2542 1842 aliquo
2585 1762 2880 1846 negativo
2929 1765 3135 1848 potius

670 1889 859 1952 quam
893 1870 1161 1953 positivo
1211 1868 1543 1933 fundatur:
1597 1866 1754 1930 nihil
1800 1863 2034 1929 scilicet
2071 1862 2221 1926 mali
2253 1861 2326 1926 de
2357 1862 2511 1944 ipsis
2543 1862 2738 1928 scitur
2770 1865 2835 1928 et
2866 1866 2952 1930 sic
2992 1868 3134 1932 boni

668 1975 996 2036 censentur
1028 1991 1099 2036 ac
1129 1972 1227 2035 ius
1260 1971 1509 2046 habent,
1545 1971 1619 2033 ut
1666 1968 1824 2031 tales
1863 1968 2265 2040 censeantur:
2317 1966 2799 2048 praesumendus
2831 1971 2997 2034 enim
3043 1973 3136 2035 est

667 2074 931 2156 quilibet
962 2075 1180 2151 bonus,
1214 2075 1550 2155 antequam
1588 2071 1973 2137 contrarium
2004 2070 2480 2134 demonstretur.
2520 2070 2897 2137 Huiusmodi
2929 2074 3133 2156 plures

668 2177 742 2239 de
780 2175 975 2259 plebe,
1008 2176 1135 2240 imo
1166 2175 1436 2239 maxima
1470 2193 1611 2257 pars
1643 2173 1985 2237 hominum.

765 2277 969 2352 1088.
1004 2280 1240 2359 Honor,
1267 2280 1374 2362 qui
1406 2279 1762 2344 hominibus
1796 2277 2175 2354 exhibeatur,
2204 2278 2316 2352 est,
2357 2278 2530 2342 iuxta
2564 2298 2614 2342 s.
2648 2279 2954 2345 Thomam
2981 2283 3040 2343 2.
3069 2283 3129 2343 2.

668 2404 726 2466 q.
759 2385 905 2447 103.
935 2403 991 2447 a.
1024 2385 1102 2460 1.,
1130 2382 1491 2447 testificatio
1525 2381 1850 2463 quaedam,
1878 2380 2145 2444 exterius
2172 2379 2437 2462 prodita,
2464 2381 2822 2446 excellentia
2848 2382 3128 2460 911911199,

669 2486 798 2550 sive
847 2486 1075 2569 potine,
1126 2487 1199 2549 ut
1246 2485 1384 2548 vult
1416 2484 1663 2548 Lessius
1709 2483 1753 2546 l.
1791 2485 1849 2545 2.
1901 2502 1949 2545 c.
1996 2483 2098 2545 11.
2140 2482 2199 2546 (1.
2241 2483 2295 2546 1.
2330 2503 2390 2546 11.
2428 2485 2509 2562 2.,
2544 2486 2794 2549 nostrae
2828 2485 3126 2568 opinionis

667 2590 740 2654 de
775 2589 1135 2654 excellentia
1176 2588 1457 2650 alicuius,

758 2693 976 2756 Honor
1001 2691 1160 2755 solet
1184 2689 1453 2754 exhiberi
1478 2689 1790 2772 praesenti
1814 2691 1952 2752 tum
1977 2688 2302 2771 praecipue
2333 2688 2396 2752 in
2429 2708 2494 2753 se
2526 2690 2662 2753 tum
2694 2690 2885 2754 etiam
2910 2690 2973 2754 in
2999 2691 3128 2755 eius

666 2793 866 2877 signe,
911 2795 1064 2875 puta
1102 2792 1393 2875 principis
1441 2792 1745 2876 imagine:
1787 2791 1890 2855 sed
1929 2810 2036 2875 per
2068 2810 2131 2855 se
2170 2791 2410 2855 absenti
2441 2810 2686 2873 quoque
2719 2793 2989 2857 exhiberi
3020 2812 3129 2876 po-

663 2896 809 2972 test,
844 2897 918 2958 ut
949 2894 1004 2958 si
1040 2913 1249 2958 coram
1282 2894 1421 2958 aliis
1453 2895 1526 2958 de
1565 2894 1926 2959 excellentia
1959 2893 2216 2957 alterius
2252 2893 2549 2975 loquaris,
2584 2894 2759 2958 tuam
2792 2894 2866 2959 de
2898 2914 2970 2959 ea
3005 2895 3129 2978 opi·

666 2997 913 3061 nionem
950 2997 1067 3059 hoc
1104 2995 1239 3078 ipso
1273 2996 1632 3061 testificans.

753 3099 969 3164 Honor
1005 3097 1209 3163 differt
1257 3118 1291 3162 a
1339 3099 1527 3172 fama,
1578 3100 1886 3180 quatenus
1935 3097 2100 3160 fama
2136 3097 2231 3161 est
2254 3098 2618 3183 simpliciter
2648 3100 2896 3179 notitia,
2931 3101 3126 3167 honor

664 3206 760 3267 est
784 3202 1049 3267 exterior
1073 3201 1444 3284 protestatio
1470 3219 1618 3264 suae
1643 3199 1904 3263 notitiae
1930 3219 2035 3263 9911
2055 3200 2561 3279 existimationis3
2589 3202 2756 3267 fama
2781 3206 2877 3269 est
2899 3205 3124 3270 notitia

664 3306 829 3389 apud
876 3306 1110 3370 multos
1158 3304 1413 3368 virtutis
1448 3304 1560 3367 aut
1593 3302 1850 3365 alterius
1885 3302 2080 3367 bonae
2112 3303 2277 3368 dotis
2313 3306 2597 3380 91199199,
2637 3307 2768 3372 sive
2804 3307 2870 3372 in
2899 3309 2996 3373 1119
3041 3308 3125 3373 sit

660 3407 1019 3471 excellentia
1076 3407 1204 3469 sive
1269 3423 1478 3468 secus:
1527 3404 1725 3468 honor
1772 3405 1866 3467 est
1913 3405 2303 3487 protestatio,
2352 3425 2540 3489 quam
2589 3408 2852 3489 quilibet
2896 3410 3121 3492 prodit,

660 3529 808 3574 suae
856 3507 1334 3573 existimationis
1383 3506 1455 3570 de
1495 3506 1853 3571 excellentia
1902 3507 2184 3585 alicuius,
2234 3510 2363 3573 sive
2411 3510 2561 3574 haec
2606 3511 2691 3575 sit
2738 3531 2846 3594 per
2891 3512 3123 3578 famam

661 3616 828 3689 nota,
879 3612 981 3677 cui
1026 3611 1229 3674 famae
1277 3614 1427 3674 tunc
1472 3610 1859 3693 protestatur
1905 3609 2213 3675 honorans
2262 3632 2325 3676 se
2371 3612 2773 3690 conformare,
2824 3613 2952 3680 sive
2999 3635 3122 3680 non

659 3715 742 3779 sit
796 3717 965 3779 nota.
1029 3712 1232 3793 Quare
1281 3716 1486 3795 potest
1549 3713 1776 3795 aliquis
1839 3714 2062 3777 habere
2111 3714 2403 3779 notitiam
2449 3734 2706 3796 eamque
2759 3719 2996 3782 certam
3048 3718 3121 3783 de

658 3819 818 3881 bono
853 3820 1038 3899 atque
1072 3816 1429 3880 excellentia
1480 3816 1738 3880 alterius
1789 3836 1858 3880 ac
1908 3817 2095 3880 simul
2142 3817 2198 3880 ei
2243 3817 2539 3882 honorem
2585 3818 2863 3884 debitum
2895 3840 3120 3906 negare

656 3920 781 3986 imo
823 3920 1085 4003 positive
1118 3920 1504 3984 inhonorare.

745 4020 1042 4101 Quamvis
1079 4022 1277 4085 honor
1301 4021 1544 4084 dicatur
1575 4021 1968 4085 excellentiae
2013 4021 2243 4100 referri,
2271 4023 2367 4087 est
2397 4024 2605 4088 tamen
2645 4024 2854 4108 aliqua
2889 4027 3117 4110 species

653 4123 924 4200 11090119,
961 4141 1118 4205 (11199
1151 4121 1437 4187 omnibus
1470 4122 1746 4199 debetur,
1784 4124 1900 4187 etsi
1935 4144 2054 4188 non
2080 4125 2409 4190 excellant:
2444 4128 2751 4207 quatenus
2784 4147 2995 4194 01111199
3020 4130 3116 4193 ius

652 4225 882 4290 habent
920 4226 992 4289 ut
1039 4243 1159 4288 non
1208 4226 1701 4301 contemnantur,
1754 4225 1856 4288 sed
1906 4227 2241 4291 secundum
2288 4246 2466 4291 suam
2511 4228 2928 4295 conditionem
2974 4250 3114 4295 cum

652 4327 727 4391 iis
777 4330 1019 4411 agatur.
1056 4326 1191 4401 Vel,
1234 4327 1306 4389 ut
1346 4327 1436 4389 ait
1474 4345 1521 4389 9.
1564 4326 1837 4390 Thomas
1871 4348 1930 4409 q.
1976 4330 2121 4392 103.
2164 4349 2219 4393 9.
2257 4331 2316 4393 2.
2359 4329 2434 4394 ad
2475 4331 2597 4394 3¹¹¹:
2645 4357 2680 4390 «
2719 4332 2790 4396 In
2837 4333 3116 4415 quolibet

648 4430 961 4493 invenitur
1010 4428 1264 4510 aliquid,
1300 4447 1371 4490 ex
1404 4446 1526 4509 quo
1568 4430 1776 4511 potest
1823 4429 2048 4511 aliquis
2088 4452 2230 4496 eum
2260 4432 2640 4516 superiorem
2671 4438 2979 4518 reputare,
3028 4455 3117 4500 99-

650 4530 922 4595 cundum
954 4530 1108 4594 illud
1142 4530 1219 4593 ad
1259 4529 1525 4612 Philipp.
1574 4530 1673 4592 11.
1712 4532 1772 4594 3.
1815 4532 1880 4595 in
1927 4530 2277 4598 humilitate
2322 4537 2672 4616 superiores
2718 4539 2979 4601 inm'cem
3014 4559 3118 4602 ar-
