3497 5147
715 341 824 397 706
898 353 1111 396 mmor.
1138 355 1219 397 vr.
1239 352 1403 395 snc'r.
1423 353 1478 395 v.
1498 352 1585 395 ms
1608 350 1837 399 Qmmo
1861 351 2079 393 manc.
2107 349 2436 393 οεοᾼιοοι.
2461 347 2595 389 cap.
2619 344 2708 386 111.
2733 344 2875 388 nun.
2895 344 2960 385 11.
3029 328 3175 406 [953]

1801 548 1966 613 Dus.
2003 547 2084 612 ΙΙ.

1471 690 1639 770 Quid
1682 690 1752 752 in
1801 687 1958 753 bello
2005 690 2169 752 iusto
2216 688 2416 752 liceat.

814 873 918 926 LV.
943 872 1092 936 Resp.
1119 868 1223 925 Etsi
1257 868 1388 925 cirea
1428 872 1597 922 hostes
1632 867 1682 921 in
1720 868 1851 922 bello
1889 866 2019 921 iusto
2057 866 2204 921 liceat
2239 880 2297 920 en
2336 865 2498 921 omnia
2538 868 2713 928 tacere,
2757 878 2884 931 quae
2923 864 2984 917 ad
3019 865 3162 919 finem

705 958 823 1015 beni
848 967 962 1013 suut
986 956 1275 1021 necessaria,
1306 955 1446 1010 verbi
1481 956 1637 1022 gratia
1674 954 1917 1018 occidere,
1943 954 2158 1022 spoliare
2182 961 2307 1010 etc:
2333 953 2619 1009 innocentes
2644 961 2804 1007 tamen
2830 954 2949 1019 (quo
2978 952 3168 1007 nomine

704 1043 1043 1109 intelliguntur
1083 1042 1239 1110 pueri,
1275 1041 1359 1108 qui
1399 1056 1531 1096 arma
1568 1048 1758 1105 gestare
1795 1055 1890 1094 non
1935 1048 2156 1108 possunt,
2196 1039 2442 1101 musteum,
2482 1053 2641 1107 senes
2684 1036 2937 1104 Religiosi,
2976 1034 3168 1099 Clerici,

707 1128 972 1196 peregrini,
997 1134 1291 1182 mercatores
1316 1133 1365 1181 et
1390 1126 1583 1194 rustici)
1612 1124 1798 1179 directe
1838 1124 1934 1178 vita
1964 1124 2166 1190 spoliari
2205 1139 2301 1177 non
2343 1128 2573 1190 possunt;
2602 1121 2744 1176 bonis
2770 1129 2930 1175 tamen
2958 1119 3173 1175 externis

708 1220 932 1280 possunt,
959 1211 999 1265 si
1039 1212 1136 1265 sint
1173 1224 1286 1278 pars
1325 1209 1464 1277 Reip.
1491 1208 1684 1263 hostilis
1722 1208 1961 1276 aliterque
2002 1208 2110 1262 ssnis
2149 1208 2266 1262 belli
2304 1207 2516 1261 obtineri
2556 1221 2650 1261 non
2690 1206 2862 1273 possit.
2905 1206 3017 1259 Mol.
3058 1206 3170 1258 Bec.

709 1318 759 1369 p.
789 1304 836 1354 2.
868 1315 909 1354 c.
941 1302 1024 1353 40.
1051 1302 1070 1352 4
1094 1301 1134 1352 1.
1161 1306 1213 1353 et
1244 1301 1328 1352 ⁴2.
1351 1302 1519 1363 Laym.
1548 1298 1635 1352 Fit.
1663 1312 1710 1350 n.
1742 1300 1860 1351 181.
1888 1304 1981 1351 etc.
2011 1297 2153 1351 Ratio
2180 1303 2270 1359 est,
2299 1296 2412 1363 qui·
2439 1311 2553 1350 cum
2592 1296 2692 1349 sint
2728 1309 2845 1362 pars
2875 1294 3034 1362 flcio,
3059 1308 3167 1361 pos·

707 1394 824 1440 sunt
862 1392 1066 1452 propter
1102 1382 1248 1438 huius
1284 1383 1461 1438 delicta
1500 1382 1665 1450 puniri
1699 1382 1748 1436 in
1789 1381 1848 1437 iis
1882 1382 2037 1443 boniS.
2063 1396 2187 1448 quae
2225 1381 2366 1448 Reip.
2394 1380 2610 1436 dominio
2648 1383 2872 1435 subsunt.

800 1508 973 1583 953.
1024 1511 1271 1576 Dicitur
1316 1530 1438 1575 non
1486 1528 1663 1593 posse
1721 1510 2075 1574 innocentes
2107 1507 2349 1573 directe
2413 1507 2641 1585 occidi3
2693 1510 2838 1589 quia
2883 1506 3174 1571 indirecte

706 1615 990 1700 permitti
1020 1615 1228 1697 potest
1258 1632 1473 1678 eorum
1497 1612 1810 1689 interim,
1837 1611 1889 1675 si
1921 1612 2020 1676 hic
2052 1613 2352 1693 sequatur
2361 1630 2484 1692 per
2505 1609 2794 1674 accidens
2816 1629 2888 1674 ex
2913 1609 3172 1685 actibus,

706 1717 817 1800 qui
855 1717 1010 1781 alias
1047 1716 1207 1781 liciti
1254 1717 1403 1780 sunt
1449 1716 1513 1779 et
1558 1714 1886 1779 necessarii
1921 1714 1998 1777 ad
2029 1712 2213 1777 finem
2246 1712 2411 1777 belli.
2446 1711 2767 1777 Obsolevit
2797 1713 3009 1777 autem
3038 1729 3173 1775 mos

624 1828 626 1831 ’
705 1821 901 1884 etiam
936 1820 1093 1883 istos
1131 1817 1430 1901 capiendi.
2817 1874 2824 1881 .

798 1920 975 2000 Quod
1002 1921 1212 1985 autem
1237 1919 1466 1983 dicitur
1490 1918 1563 1983 de
1589 1919 1786 1997 bonis,
1813 1918 1997 1983 modo
2031 1919 2095 1982 et
2116 1918 2243 1982 ista
2274 1917 2478 1981 solum
2501 1918 2802 1981 indirecte
2825 1916 2989 1982 laedi
3013 1935 3172 1982 novo

705 2024 841 2087 iure
874 2022 1076 2086 solent
1105 2040 1302 2103 neque
1340 2039 1504 2084 nunc
1536 2020 1922 2104 privatorum
1956 2019 2117 2084 bona
2150 2019 2377 2084 directe
2409 2018 2762 2084 laeduntur.

1692 2175 1759 2242 U
1751 2175 1871 2239 nde
1917 2175 2204 2240 resolves.

814 2320 941 2372 Lvl.
983 2321 1029 2370 4.
1070 2320 1162 2372 Per
1200 2316 1427 2373 accidens
1464 2314 1577 2370 iicet
1614 2314 1875 2381 aliquando
1913 2316 2206 2369 comburere
2244 2312 2389 2367 etiam
2422 2311 2657 2369 ecclesias
2695 2320 2746 2369 οι
2791 2316 2962 2369 hostes
3007 2326 3069 2366 ex
3110 2312 3176 2366 iis

702 2408 979 2468 extrahere,
1021 2402 1070 2455 in
1107 2401 1170 2455 iis
1207 2401 1421 2469 spoliare
1458 2406 1508 2453 et
1545 2400 1789 2462 occidere,
1819 2399 1861 2452 si
1898 2414 1946 2451 v.
1972 2414 2043 2462 gr.
2083 2396 2288 2453 ecclesia
2329 2399 2464 2453 velut
2500 2405 2663 2453 castro
2703 2399 2764 2452 ad
2804 2399 3169 2465 repugnandum

705 2495 924 2543 utantur.
949 2490 1090 2553 Sylv.
1128 2501 1173 2540 v.
1204 2485 1412 2541 bellum
1437 2499 1484 2537 n.
1516 2487 1597 2537 11.
1626 2484 1706 2538 δὲ.
1735 2486 1856 2537 Bon.
1885 2499 1932 2550 p.
1962 2487 2050 2537 ult.
2077 2484 2123 2551 g.
2151 2486 2199 2537 3.

795 2610 973 2686 954.
1006 2613 1265 2693 Quando
1302 2610 1638 2676 necessitas
1668 2610 1882 2696 exigit,
1915 2613 2179 2694 possunt
2209 2611 2441 2678 muniri
2471 2611 2778 2680 eeclesiae.
2814 2610 2900 2678 At
2929 2611 3176 2694 praeter

705 2718 1160 2792 necessitatem,
1192 2733 1316 2779 non
1363 2713 1528 2779 licet.

815 2859 960 2911 Lvn.
975 2855 1216 2909 2.Contra
1237 2859 1427 2910 hostem
1450 2854 1652 2927 licetjuti
1674 2854 1864 2909 insidiis
1886 2864 1933 2910 et
1957 2855 2404 2920 stratagematibuS,
2427 2858 2691 2910 dummodo
2713 2856 2875 2910 absint
2896 2856 3169 2910 mendacia:

706 2943 800 2997 etsi
837 2942 983 2995 etiam
1024 2946 1160 3006 haec,
1205 2956 1253 2996 v.
1278 2958 1348 3007 gr.
1380 2944 1574 3008 quaudo
1613 2945 1954 3008 exploratores
1992 2958 2046 2995 se
2086 2944 2272 3006 fingunt
2310 2941 2510 3010 amicoS,
2552 2956 2650 2996 non
2688 2942 2784 2996 sint
2825 2941 3068 2996 mortalia.
3103 2945 3168 2995 Ba

704 3042 844 3092 vero,
872 3029 934 3080 ad
959 3040 1086 3093 quae
1109 3028 1326 3081 cavenda
1354 3028 1485 3082 nulla
1511 3026 1770 3094 prudentia
1807 3028 1970 3090 datur,
1997 3026 2296 3091 vet-higratio
2325 3041 2515 3080 veneno
2553 3026 2753 3083 inficere
2781 3032 2977 3093 puteos,
3005 3041 3169 3096 aquas,

705 3115 923 3177 glandes,
951 3120 1064 3166 sunt
1089 3119 1259 3165 contra
1284 3111 1393 3165 iura
1421 3111 1535 3165 belli
1561 3127 1649 3166 nec
1674 3111 1839 3165 licent.
1865 3114 1974 3166 Mol.
2003 3112 2050 3164 d.
2088 3113 2204 3165 Η-Ι.

799 3218 972 3293 955.
1012 3221 1074 3288 S.
1116 3221 1390 3290 Thomas
1424 3223 1484 3286 2.
1513 3223 1575 3286 2.
1600 3241 1659 3303 q.
1687 3222 1797 3285 40.
1824 3222 1941 3284 art.
1971 3221 2031 3284 3.
2068 3219 2246 3284 affert
2280 3221 2468 3286 verba
2507 3240 2554 3285 S.
2591 3219 2933 3305 Augustini
2965 3218 3076 3302 Qq.
3109 3218 3172 3283 in

707 3326 830 3392 los.
867 3345 926 3407 q.
966 3326 1068 3392 10.
1102 3325 1244 3390 circ.
1278 3324 1453 3392 init.:
1497 3348 1532 3383 ‹
1564 3321 1721 3388 Cum
1769 3323 2010 3390 iustum
2056 3322 2290 3388 bellum
2321 3323 2678 3406 suscipitur,
2713 3324 2928 3387 utrum
2965 3323 3172 3405 aperte

706 3429 944 3513 pugnet
982 3428 1236 3510 aliquis,
1290 3446 1368 3491 an
1417 3446 1488 3491 ex
1533 3425 1794 3500 insidiis,
1846 3425 2002 3489 nihil
2047 3425 2125 3489 ad
2172 3425 2485 3494 iustitiam
2531 3425 2884 3492 interest».
2932 3424 3013 3489 Et
3056 3423 3173 3488 hoc

706 3532 930 3613 probat
974 3530 1209 3615 (pergit
1255 3548 1305 3594 s.
1339 3529 1592 3612 Thom.)
1640 3528 2017 3592 auctoritate
2050 3527 2321 3607 Domini,
2356 3527 2465 3609 qui
2510 3527 2837 3596 mandavit
2864 3527 3068 3602 Iesus,
3099 3526 3173 3588 ut

703 3634 959 3704 insidias
992 3636 1250 3716 poneret
1283 3631 1746 3698 habitatoribus
1778 3630 2056 3696 civitatis
2087 3629 2231 3701 Hai.
2266 3631 2341 3694 ut
2375 3629 2642 3696 habetur
2675 3630 2797 3696 Ios.
2830 3628 3008 3694 Vm.
3037 3630 3097 3693 2.

792 3736 985 3800 Addit
1017 3755 1067 3799 S.
1101 3736 1326 3800 Thom.
1366 3734 1538 3799 ibid.:
1586 3759 1621 3792 «
1652 3732 1898 3815 Aliquis
1947 3732 2154 3815 potest
2199 3731 2338 3796 faui
2381 3750 2452 3795 ex
2499 3730 2665 3796 dicto
2713 3731 2814 3799 vel
2857 3730 3025 3798 facto
3073 3749 3174 3796 no·

700 3839 855 3914 stm,
894 3837 1043 3918 quia
1089 3837 1147 3902 ei
1193 3837 1584 3920 propositum
1636 3840 1750 3900 aut
1794 3835 2183 3900 intellectum
2229 3853 2352 3899 non
2399 3832 2730 3918 aperimus.
2778 3833 2917 3899 Hoc
2961 3835 3171 3900 autem

698 3956 939 4020 semper
985 3937 1184 4002 facere
1235 3957 1357 4003 non
1404 3940 1751 4004 tenemur...
1789 3937 1962 4003 Unde
2014 3938 2215 4001 multo
2266 3936 2469 4021 magis
2516 3955 2609 4014 ea,
2645 3954 2805 4020 quae
2852 3935 2932 4001 ad
2976 3937 3171 4021 impu·

696 4039 1015 4125 gnandum
1063 4039 1351 4106 inimicos
1400 4059 1693 4124 paramus
1741 4040 1890 4104 sunt
1925 4040 2016 4104 eis
2048 4038 2480 4104 occultanda...
2514 4038 2644 4104 Nec
2682 4038 2927 4124 proprie
2964 4038 3172 4106 huius

694 4142 864 4208 modi
894 4142 1158 4209 insidiae
1207 4145 1512 4208 vocantur
1558 4141 1808 4206 fraudes
1841 4160 1951 4205 nec
1986 4142 2270 4207 iustitiae
2315 4143 2673 4227 repugnant
2709 4160 2821 4206 nec
2852 4141 3169 4208 ordinatae

694 4245 1033 4310 voluntati.
1067 4245 1249 4309 Esset
1296 4244 1463 4309 enim
1493 4242 1848 4308 inordinata
1898 4243 2210 4323 voluntas,
2250 4245 2307 4309 si
2352 4243 2580 4327 aliquis
2623 4244 2812 4310 vellet
2847 4243 3006 4324 nihil
3054 4243 3169 4312 sibi

590 4383 601 4395 ·
700 4352 778 4414 ab
813 4350 952 4414 aliis
990 4350 1291 4415 occultari
1325 4374 1387 4413 ι».

787 4451 965 4529 Quod
996 4451 1069 4515 de
1120 4452 1455 4517 mendaciis
1486 4450 1733 4527 dicitur,
1769 4451 1892 4517 duo
1926 4452 2115 4516 habet
2152 4451 2425 4517 notanda
2463 4454 2528 4515 1⁰
2570 4451 2747 4532 Quod
2781 4454 2932 4516 tunc
2965 4452 3169 4517 solum

702 4553 835 4616 leve
868 4553 986 4618 erit
1017 4555 1360 4636 peccatum,
1386 4555 1442 4620 si
1473 4552 1620 4618 talis
1653 4553 1975 4620 simulatio
1999 4553 2112 4618 fiat
2149 4556 2324 4620 extra
2360 4554 2607 4620 foedera
2639 4555 2703 4620 et
2733 4555 3170 4638 promissiones
