3497 5147
351 355 504 429 [818]
1189 373 1271 413 Ar«
1308 373 1458 415 Ama
1495 375 1993 422 summm-rua
2709 369 2814 425 597

351 466 648 551 perditae,
686 469 894 533 tamen
925 469 1169 553 prodire
1200 470 1659 553 praeseferendo
1683 474 1958 542 criminis
1988 477 2206 541 notam
2243 479 2339 541 est
2361 495 2599 561 semper
2622 499 2811 563 grave

350 571 417 635 et
446 572 766 653 praeterea
796 589 921 635 non
952 572 1237 636 omnibus
1270 575 1420 638 nota
1452 575 1711 640 crimina
1741 578 2194 656 existimantur,
2230 598 2388 661 quae
2419 580 2669 664 insuper
2706 601 2813 665 per

350 692 417 842 {a
436 672 688 841 bdubiae
737 675 885 738 sunt
930 674 1332 756 probationis.
1373 676 1495 740 Vix
1540 696 1687 762 ergo
1734 682 2117 764 exceptiones
2162 682 2309 747 illae
2354 682 2560 747 locum
2609 683 2809 747 ullum

399 797 435 841 a
479 778 603 842 ent.

458 915 616 969 XLV.
658 917 708 969 9.
734 914 786 971 Si
811 930 936 981 quae
960 916 1127 981 sciret,
1153 917 1311 983 alteri,
1336 932 1363 970 a
1393 934 1491 984 quo
1515 920 1701 987 perdite
1725 929 1985 986 amaretur,
2015 930 2330 988 sequntur-am
2352 921 2659 976 occasionem
2690 936 2800 989 pec-

352 998 450 1053 cati
487 998 530 1053 si
567 999 806 1067 prodiret.
831 1000 911 1066 Sd,
939 1000 1047 1056 Fin.
1073 1016 1121 1056 n.
1151 1004 1271 1057 227.

438 1121 611 1186 Haec
656 1121 731 1186 de
775 1141 841 1188 re
886 1123 1149 1208 egimus,
1188 1125 1296 1189 ubi
1342 1125 1416 1190 de
1458 1126 1751 1192 scandalo
1799 1130 1862 1193 et
1910 1129 2016 1193 ubi
2061 1130 2390 1194 retulimus
2438 1131 2809 1195 sententiam

349 1243 399 1288 s.
426 1224 748 1307 Alphonsi.
775 1225 916 1290 Vid.
944 1217 1017 1289 de
1058 1224 1336 1291 Caritate
1367 1248 1426 1293 n.
1456 1228 1605 1292 266.

472 1400 790 1482 Quasdam
824 1399 992 1466 alias
1022 1406 1414 1484 quaestiones
1449 1403 1582 1468 heic
1612 1403 1760 1470 licet
1790 1405 2039 1482 addere,
2070 1404 2161 1469 ad
2186 1403 2696 1479 exhauriendam,

1150 1504 1211 1568 si
1240 1504 1386 1585 fieri
1402 1511 1631 1587 potest,
1663 1508 2011 1572 materiam.

436 1671 595 1745 812.
624 1674 957 1754 Quaeritur
982 1695 1060 1740 an
1085 1680 1331 1742 excuset
1364 1679 1614 1743 omissio
1638 1680 1795 1744 lucri
1821 1679 2136 1744 notabilis.
2163 1679 2331 1744 Alibi
2357 1679 2520 1763 (sup.
2549 1679 2607 1762 ξ.
2634 1678 2805 1743 XIX.

349 1779 510 1843 Dub.
545 1778 659 1862 11.)
690 1798 833 1844 cum
864 1799 913 1844 s.
953 1779 1137 1863 Alph.
1173 1780 1408 1845 dictum
1456 1784 1569 1857 est,
1604 1801 1778 1864 spem
1822 1783 2038 1869 magni
2079 1783 2236 1847 lucri
2270 1802 2556 1847 excusare
2603 1782 2809 1864 quoad

349 1880 782 1945 abstinendum
799 1883 877 1947 ab
903 1882 1187 1964 operibus
1202 1883 1548 1948 servilibus,
1562 1885 1745 1949 quta
1764 1884 1977 1949 eadem
2001 1885 2299 1969 principia
2323 1883 2486 1949 idem
2510 1904 2559 1948 S.
2574 1885 2810 1949 Doctor

351 2004 454 2048 nn.
491 1983 638 2046 301.
659 1985 721 2048 et
751 1985 900 2048 332.
928 2004 1070 2049 cum
1102 1985 1511 2049 communiori
1542 1986 1677 2051 DD.
1698 1986 1895 2064 docet,
1917 1988 2093 2052 valde
2126 1986 2529 2070 probabiliter
2551 1987 2806 2053 eandem

347 2104 604 2151 causam
648 2104 931 2151 excusare
979 2086 1058 2150 ab
1089 2087 1391 2151 audienda
1436 2087 1653 2153 Missa.
1692 2089 1882 2154 Ratio
1930 2089 2235 2174 generalis
2282 2092 2403 2167 est;
2444 2089 2592 2172 quia
2640 2108 2809 2171 prae-

349 2195 528 2277 cepta
564 2192 995 2258 Ecclesiastica
1031 2213 1154 2258 non
1201 2194 1483 2280 obligant
1514 2216 1657 2260 cum
1686 2197 1869 2282 gravi
1898 2196 2306 2262 incommodo.
2343 2195 2546 2261 Grave
2594 2198 2806 2261 autem

347 2299 446 2363 est
476 2296 746 2361 excidere
778 2316 882 2381 spe
916 2296 1128 2382 magni
1158 2297 1334 2361 lucri.

434 2398 598 2463 Hinc
632 2401 926 2464 excusant
962 2418 1315 2483 pauperem,
1348 2401 1457 2482 qui
1493 2420 1667 2466 secus
1697 2402 1941 2466 lucrum
1974 2403 2158 2467 unius
2192 2402 2420 2479 ducati,
2462 2404 2574 2466 aut
2605 2401 2808 2466 homi-

347 2522 486 2568 nem
532 2502 735 2566 tenuis
782 2500 1088 2581 fortunae,
1138 2502 1246 2584 qui
1298 2503 1564 2568 duorum
1610 2504 1980 2570 ducatorum
2040 2506 2283 2571 lucrum
2331 2504 2667 2569 amitteret.
2716 2503 2807 2567 Ex

349 2624 471 2689 quo
503 2608 698 2689 patet,
724 2604 1037 2687 quodnam
1066 2605 1312 2670 lucrum
1335 2609 1658 2672 censeatur
1687 2628 1986 2690 maynum
2022 2629 2093 2674 ex
2126 2611 2330 2674 mente
2353 2609 2489 2673 DD.
2517 2608 2805 2693 Intellige

347 2710 558 2772 autem
586 2709 829 2773 lucrum
862 2706 1456 2782 extraordinarium,
1490 2712 1565 2773 ut
1601 2712 1793 2793 patet.

434 2810 666 2875 Eadem
690 2808 762 2874 de
786 2829 974 2874 causa
1006 2812 1068 2874 et
1092 2809 1410 2876 molitores
1435 2814 1497 2876 et
1530 2813 1782 2897 aurigas
1808 2815 1871 2877 et
1903 2814 2177 2878 vectores
2203 2814 2486 2879 nauticos
2511 2815 2805 2879 excusant

349 2914 508 2989 DD.,
535 2914 587 2976 si
618 2912 893 2977 notabile
926 2912 1222 2976 damnum
1254 2914 1632 2996 paterentur.
1661 2914 1803 2978 Vid.
1828 2934 1876 2978 S.
1903 2915 2088 2998 Alph.
2116 2937 2174 2980 n.
2203 2918 2353 2980 332.
2463 2994 2470 2999 ,

434 3013 552 3080 Sed
583 3015 928 3080 communis
974 3015 1251 3080 doctrina
1284 3018 1492 3101 negat,
1528 3035 1706 3099 posse
1740 3017 1950 3081 omitti
1995 3017 2257 3082 Missam
2288 3019 2614 3102 praetextu
2646 3018 2803 3082 alte-

344 3122 474 3185 rius
505 3118 652 3183 boni
683 3117 1047 3201 spirituaIiS‚
1087 3118 1232 3182 licet
1266 3118 1472 3184 maius
1504 3119 1621 3183 hoc
1651 3117 1846 3183 videri
1878 3122 2085 3200 queat.
2123 3120 2344 3204 Excipe
2376 3140 2589 3185 casum
2622 3119 2805 3185 confi-

348 3223 536 3300 tendi,
570 3242 644 3287 ne
668 3223 806 3305 quis
838 3221 1074 3286 diutius
1110 3222 1363 3286 maneat
1396 3221 1462 3285 in
1494 3223 1668 3287 statu
1699 3224 1953 3305 peccati.
1983 3243 2030 3287 S.
2058 3223 2242 3307 Alph.
2270 3223 2416 3288 ibid.

686 3393 799 3458 An
829 3393 964 3458 alia
981 3393 1465 3474 praecipiantur
1490 3397 1747 3472 praeter
1777 3395 2162 3458 auditionem
2192 3393 2457 3458 Missae.

428 3555 586 3630 813.
614 3555 790 3640 Gury
814 3557 966 3621 tom.
999 3554 1055 3618 1.
1085 3554 1143 3637 ξ.
1171 3553 1321 3618 339.
1349 3552 1686 3617 scribebat:
1720 3578 1758 3613 «ι
1783 3553 1920 3617 Per
1955 3555 2240 3617 accidens
2272 3556 2480 3616 tamen
2512 3554 2803 3616 tenentur

340 3664 550 3729 fideles
597 3661 673 3726 ad
721 3659 958 3742 aliquid
1005 3657 1194 3735 aliud,
1228 3656 1282 3721 si
1326 3656 1766 3721 consuetudine
1811 3657 1936 3722 loci
1979 3658 2294 3737 receptum
2340 3655 2444 3732 sit,
2478 3654 2575 3719 vel
2622 3653 2676 3718 si
2724 3654 2802 3718 ad

329 3769 654 3847 peecawm
687 3762 785 3827 vel
814 3760 1182 3827 scandalum
1212 3759 1701 3843 praecavendum
1739 3761 1853 3823 aut
1900 3758 2176 3839 aliquam
2222 3755 2662 3837 obliyationem
2691 3756 2803 3819 im»

329 3868 634 3950 plendam
674 3864 1089 3931 necessarium
1120 3864 1223 3929 sit.
1258 3863 1570 3928 Tenentur
1600 3862 1795 3927 etiam
1825 3861 2114 3926 assistere
2145 3859 2540 3926 concionibus
2587 3858 2802 3925 diebus

342 3970 537 4049 festiS,
555 3971 610 4034 si
641 3969 852 4034 concio
890 3967 976 4031 sit
1005 3966 1346 4031 necessaria
1380 3966 1458 4030 ad
1490 3965 1960 4029 instrzwtionem
1991 3961 2402 4026 christianam
2426 3963 2524 4027 vel
2560 3982 2803 4025 morum

339 4072 867 4153 omnpositionem;
899 4069 1048 4151 quia
1078 4070 1187 4150 qui
1224 4069 1471 4134 tenetur
1501 4067 1578 4132 ad
1609 4067 1816 4146 finem,
1855 4065 2102 4132 tenetur
2149 4065 2340 4130 etiam
2373 4064 2445 4129 ad
2487 4063 2691 4129 media
2723 4062 2802 4125 ad

340 4176 506 4241 hunc
534 4175 721 4240 finem
751 4172 1095 4238 necessaria
1116 4196 1179 4236 ›.
1207 4170 1379 4250 Quae
1405 4170 1689 4256 indigent
1717 4169 2142 4253 explicatione.

434 4279 515 4343 Et
556 4280 621 4341 1ο
652 4276 804 4341 dicit
835 4293 959 4355 per
1002 4274 1331 4350 aecidens;
1368 4274 1516 4355 quia
1551 4274 1609 4357 g.
1644 4274 1797 4338 338.
1831 4272 2254 4356 praemiserat,
2281 4290 2405 4350 per
2449 4288 2514 4332 se
2547 4268 2609 4332 vi
2632 4285 2801 4350 prae·

345 4384 508 4468 cepti
554 4383 632 4447 ad
663 4380 821 4445 nihil
853 4378 1024 4443 aliud
1055 4378 1327 4460 (praeter
1351 4376 1612 4441 Missam
1658 4379 1724 4441 et
1748 4377 2144 4443 omissionem
2178 4393 2431 4458 operum
2455 4371 2800 4455 servilium)

342 4486 552 4551 fideles
599 4487 794 4549 teneri
826 4503 935 4549 nec
965 4481 1081 4546 sub
1111 4479 1296 4562 yravz'
1331 4480 1495 4543 certe
1520 4498 1630 4544 nec
1663 4481 1856 4545 etiam
1887 4480 2002 4543 sub
2029 4480 2166 4555 levi,
2208 4480 2280 4542 ut
2312 4477 2501 4542 habet
2531 4494 2802 4541 commu-

348 4589 485 4653 nior
522 4589 657 4652 DD.
693 4585 853 4666 Quia
887 4585 1035 4650 licet
1057 4581 1505 4667 prohibeantur
1529 4599 1710 4664 opera
1751 4582 2023 4659 servilia,
2075 4583 2148 4645 ut
2178 4581 2386 4645 fideles
2418 4579 2661 4645 facilius
2711 4578 2804 4643 di-
