3497 5147
327 353 478 430 [368]
983 367 1292 409 ammissa
1329 367 1377 409 s.
1420 368 1595 409 sams
1630 367 1715 408 nn
1755 368 2153 409 naonmisuo
2688 355 2793 411 271

702 554 1040 620 Surenam:
1074 573 1126 619 s.
1161 556 1473 620 ROMANAE
1508 555 1931 621 Unn’aasnms
1968 558 2408 632 INQU181T10NIS

1336 704 1798 771 ENOYCLICA

689 847 787 911 An
821 862 1031 911 OMNES
1055 846 1387 911 Eprscopos
1411 862 1732 909 ADVERSUS
1765 863 2148 910 menarrsm
2179 864 2435 911 inustis,

1071 1016 1206 1081 Fer.
1249 1015 1357 1080 IV.
1398 1016 1494 1079 die
1528 1017 1634 1081 30.
1669 1016 1816 1081 Iulii
1853 1018 2043 1081 1856.

416 1184 591 1257 368.
627 1187 678 1250 Ι.
719 1210 755 1244 «
787 1186 860 1250 In
907 1183 1403 1270 Congregatione
1449 1184 1737 1251 Generali
1785 1185 1845 1250 S.
1897 1188 1971 1250 R.
2021 1191 2084 1252 et
2115 1188 2496 1254 Universalis
2529 1192 2795 1272 Inquisi-

328 1292 513 1357 tionis
546 1289 763 1354 habita
796 1289 858 1353 in
884 1286 1211 1353 Conventu
1233 1286 1295 1352 S.
1321 1287 1409 1351 M.
1436 1307 1622 1370 supra
1656 1288 2023 1362 Minervam,
2050 1291 2192 1355 Rmi
2226 1311 2295 1356 ac
2320 1292 2456 1356 Emi
2490 1294 2623 1357 DD.
2652 1292 2796 1358 Car-

325 1394 558 1459 dinales
598 1394 663 1456 iu
706 1393 847 1458 tota
894 1391 1206 1474 republica
1254 1388 1608 1455 Christiana
1656 1392 1949 1456 adversus
1998 1393 2370 1457 haereticam
2417 1397 2794 1479 gravitatem

324 1495 657 1561 Generales
696 1492 1120 1575 InquisitoreS,
1157 1495 1399 1557 mature
1430 1494 1528 1569 iis,
1561 1512 1719 1575 quae
1757 1495 1918 1558 circa
1950 1496 2347 1579 magnetismi
2383 1498 2796 1577 experimenta

327 1618 362 1663 a
396 1598 543 1662 viris
573 1596 694 1660 fide
740 1596 942 1680 dignis
995 1596 1399 1678 undequaque
1444 1596 1644 1659 relata
1682 1598 1849 1673 sunt,
1890 1597 2286 1662 decreverunt
2319 1599 2414 1662 edi
2446 1602 2795 1681 praesentes

324 1700 571 1764 litteras
601 1697 938 1781 encyclicas
971 1698 1050 1761 ad
1089 1716 1300 1761 omnes
1350 1697 1682 1779 Episcopos
1731 1698 1808 1760 ad
1855 1698 2253 1782 magnetismi
2286 1700 2515 1764 abusus
2554 1719 2796 1783 compe—

328 1802 603 1867 scendoS.

424 1904 507 1967 Il.
547 1927 581 1961 ‹
610 1903 853 1967 Etenim
885 1903 1273 1984 compertum
1319 1903 1434 1980 est,
1473 1920 1700 1966 novum
1757 1903 2066 1984 quoddam
2114 1904 2570 1985 superstitionis
2602 1925 2796 1990 genus

328 2007 541 2071 invehi
573 2026 643 2070 ex
671 2006 1111 2088 phaenomenis
1146 2005 1532 2089 magneticiS,
1569 2005 1794 2088 quibus
1829 2007 1996 2070 haud
2041 2008 2316 2072 scientiis
2348 2008 2614 2093 physicis
2648 2029 2797 2073 enu-

323 2108 615 2187 cleandiS,
648 2110 722 2172 111
752 2126 864 2189 par
896 2108 1078 2185 esset,
1110 2107 1217 2171 sed
1254 2107 1621 2190 decipiendis
1648 2127 1720 2172 ac
1743 2108 2099 2173 seducendis
2147 2110 2497 2174 hominibus
2545 2112 2798 2178 student

323 2210 619 2275 neoterici
633 2210 860 2292 plureS,
886 2210 1030 2285 rati,
1064 2227 1243 2290 posse
1267 2209 1530 2285 occulta,
1557 2211 1797 2274 remota
1822 2229 1894 2274 ac
1925 2210 2138 2274 futura
2169 2211 2374 2295 detegi
2398 2215 2797 2297 magnetismi

325 2316 458 2377 arte
492 2312 589 2376 vel
620 2311 979 2395 praestigio,
1015 2311 1375 2392 praesertim
1431 2329 1543 2392 ope
1598 2311 2124 2388 muliercularum,
2158 2333 2317 2394 quae
2362 2316 2538 2379 unice
2586 2336 2622 2379 a
2667 2336 2798 2381 ma-

318 2418 730 2504 gnetizatoris
760 2419 919 2481 nutu
953 2416 1236 2499 pendent.

412 2521 528 2586 III.
570 2545 605 2579 «
635 2518 987 2585 Nonnullae
1018 2520 1145 2583 iam
1181 2519 1296 2583 hac
1329 2517 1401 2582 de
1432 2538 1497 2583 re
1524 2538 1559 2583 a
1586 2517 1645 2583 S.
1681 2517 1833 2583 Sede
1867 2519 2050 2584 datae
2083 2523 2228 2585 sunt
2259 2523 2684 2605 responsiones
2720 2524 2796 2588 ad

333 2625 671 2709 peculiares
696 2641 896 2701 casuS,
932 2622 1156 2704 quibus
1193 2622 1603 2704 reprobantur
1635 2625 1934 2703 tanquam
1968 2623 2186 2688 illicita
2220 2624 2327 2688 illa
2360 2627 2793 2707 experimenta,

321 2745 482 2809 quae
520 2725 597 2790 ad
628 2724 814 2789 finem
847 2743 971 2789 non
1002 2723 1373 2798 naturalem,
1409 2742 1529 2788 non
1565 2724 1914 2800 honestum,
1948 2745 2071 2789 non
2119 2726 2340 2791 debitis
2381 2729 2596 2793 mediis
2629 2729 2799 2793 adhi-

319 2832 471 2896 bitis
505 2829 975 2912 assequendum,
1017 2827 1409 2904 ordinantur3
1445 2827 1606 2893 unde
1636 2829 1701 2892 in
1739 2829 2048 2894 similibus
2080 2832 2323 2896 casibus
2355 2833 2669 2898 decretum
2701 2834 2798 2898 est

319 2934 460 2999 Fer.
486 2932 596 2997 IV.
623 2933 729 2996 21.
752 2931 931 3014 april.
963 2931 1177 3007 1841„
1218 2929 1413 2996 Usu-m
1434 2930 1849 3012 πιαρηεέίενηὶ,
1860 2936 2052 3010 prout
2074 2935 2424 3012 exponitur,
2438 2955 2563 2998 non
2589 2935 2795 2999 licere.

323 3035 627 3100 Similiter
656 3033 959 3116 quosdam
990 3032 1182 3096 libros
1221 3032 1523 3096 eiusmodi
1571 3052 1805 3097 errores
1857 3035 2258 3115 pervicaciter
2305 3037 2793 3116 disseminantes,

318 3135 732 3221 prohibendos
779 3134 1019 3200 censuit
1055 3133 1116 3198 S.
1156 3132 1594 3218 Congregatio.
1645 3135 1876 3198 Verum
1910 3137 2056 3217 quia
2104 3142 2347 3220 praeter
2392 3140 2797 3220 particulares

318 3259 501 3305 casus
539 3238 614 3303 de
648 3257 766 3303 usu
811 3236 1217 3321 magnetismi
1262 3236 1606 3320 generatim
1654 3238 1960 3321 agendum
2010 3241 2162 3312 erat,
2203 3240 2345 3304 hinc
2391 3261 2496 3322 per
2543 3242 2797 3307 modum

319 3342 576 3426 regulae
622 3341 711 3404 sic
757 3340 1073 3403 statutum
1118 3338 1241 3402 fuit
1286 3339 1422 3402 Fer.
1458 3338 1567 3401 IV.
1610 3339 1714 3402 28.
1761 3340 1907 3404 Iulii
1945 3341 2135 3404 1847.
2180 3367 2261 3398 =
2314 3343 2580 3409 Remoto
2630 3346 2799 3409 omni

319 3463 544 3523 errore,
596 3442 939 3526 sortilegio,
975 3439 1264 3524 explicita
1312 3442 1423 3504 aut
1469 3440 1776 3522 implicita
1828 3443 2142 3507 daemonis
2193 3444 2597 3524 invocatione,
2649 3467 2797 3512 usus

320 3544 744 3630 magnetismi,
769 3563 985 3626 nempe
1010 3562 1214 3607 merus
1242 3545 1418 3607 actus
1451 3543 1778 3608 adhibendi
1818 3546 2018 3610 media
2046 3547 2298 3630 physica
2332 3549 2579 3613 aliunde
2602 3550 2795 3627 licita,

318 3668 441 3714 non
470 3649 573 3713 est
602 3646 925 3712 moraliter
955 3645 1209 3721 vetituS,
1250 3645 1584 3710 dummodo
1618 3664 1741 3711 non
1776 3648 1992 3711 tendat
2026 3649 2103 3711 ad
2135 3649 2319 3713 finem
2357 3651 2648 3716 illicitum
2687 3655 2799 3717 aut

322 3750 795 3834 quomodolibet
838 3768 1121 3831 pravum.
1175 3748 1527 3830 Applicatio
1596 3751 1807 3813 autem
1857 3750 2297 3832 principiorum
2344 3757 2408 3818 et
2455 3755 2796 3820 mediorum

320 3874 470 3936 pure
517 3852 917 3937 physicorum
966 3850 1043 3914 ad
1089 3869 1186 3915 res
1250 3851 1314 3913 et
1358 3850 1609 3915 effectus
1666 3870 1807 3916 vere
1860 3856 2382 3935 supernaturales,
2429 3859 2503 3921 ut
2548 3859 2798 3943 physice

324 3955 722 4040 explicentur,
755 3970 877 4018 non
909 3953 1006 4017 est
1035 3952 1156 4017 nisi
1197 3952 1477 4035 deceptio
1516 3954 1768 4018 omnino
1801 3954 2020 4020 illicita
2053 3959 2117 4022 et
2148 3957 2536 4025 haereticalis
2571 3989 2674 4026 =.

410 4059 522 4123 IV.
563 4081 602 4118 ι
631 4055 1038 4137 Quamquam
1076 4055 1348 4139 generali
1380 4056 1497 4121 hoc
1528 4057 1771 4122 decreto
1806 4059 1961 4123 satis
2007 4061 2344 4144 explicetur
2380 4065 2637 4130 licitudo
2686 4070 2799 4133 aut

326 4160 630 4226 illicitudo
667 4158 734 4222 in
764 4175 883 4221 usu
931 4158 1044 4221 aut
1102 4156 1306 4221 abusu
1352 4159 1771 4242 magnetismi,
1806 4163 2012 4227 tamen
2048 4163 2199 4228 adeo
2248 4167 2441 4229 crevit
2473 4167 2798 4234 hominum

327 4262 587 4340 malitia,
620 4263 696 4326 ut
742 4259 1021 4344 neglecto
1071 4258 1244 4323 licito
1298 4259 1513 4324 studio
1559 4261 1872 4339 scientiae,
1922 4265 2130 4346 potius
2177 4267 2421 4332 curiosa
2466 4273 2795 4349 sectantes,

336 4383 560 4450 magna
590 4381 737 4428 cum
775 4360 1125 4425 animarum
1162 4360 1403 4425 iactura
1432 4361 1750 4444 ipsiusque
1797 4364 1995 4430 civilis
2042 4366 2358 4433 societatis
2405 4369 2794 4450 detrimento,

344 4465 643 4531 ariolandi
678 4462 1117 4545 divinandique
1158 4463 1527 4546 principium
1560 4465 1872 4546 quoddam
1903 4485 1967 4529 se
2003 4469 2214 4532 nactos
2246 4471 2610 4554 glorientur.
2637 4474 2799 4539 Hinc

332 4565 861 4633 sonmoenbaedism
890 4567 954 4630 et
976 4564 1188 4629 clarae
1210 4566 1598 4641 intuitionis,
1625 4568 1719 4630 uti
1745 4569 1987 4644 vocant,
2014 4571 2367 4655 praestigiis
2399 4574 2798 4638 mulierculae
