3497 5147
285 334 416 411 [621]
936 347 1101 396 QUAE
1136 347 1538 395 RannA'run
1574 347 1855 387 aramma
1895 347 2037 389 vor-1
2617 334 2726 390 479

365 449 397 487 *
428 444 652 528 Siquis
684 445 1052 511 disiunctive
1083 449 1308 512 voveat
1340 448 1453 511 aut
1483 465 1612 510 rem
1657 447 1885 511 bonam
1926 448 2037 511 aut
2082 448 2316 511 malam
2348 447 2477 511 sive
2501 467 2727 513 vanam

285 552 343 615 et
368 547 825 627 indifferentem,
858 550 1079 613 votum
1123 549 1369 613 nullum
1415 551 1543 613 est:
1582 549 1677 613 ita
1722 568 1772 614 s.
1806 550 1992 633 Alph.
2026 570 2086 613 n.
2123 551 2272 613 224.
2312 550 2532 614 Posses
2580 569 2725 615 sane

283 671 347 716 ex
374 650 433 714 vi
462 650 595 714 voti
640 650 866 735 eligere
911 652 1168 728 malum,
1202 650 1365 733 quod
1414 651 1756 715 absurdum
1800 653 1897 716 est
1933 653 2169 733 Deique
2205 652 2269 716 in
2301 653 2726 736 contemptum

284 752 446 817 cedit.
484 751 566 816 Et
610 752 956 836 generatim
1001 753 1245 817 nullum
1277 755 1372 818 est
1407 753 1561 817 illud
1586 755 1808 818 votum
1845 754 2309 832 disiunctivum,
2360 754 2536 819 cuius
2583 774 2725 838 pars

281 857 366 920 est
409 855 554 938 apta
594 855 658 919 et
703 874 846 938 pars
902 855 1111 939 inepta
1149 860 1212 920 et
1264 875 1491 920 vovens
1526 855 1602 919 ad
1634 857 1923 920 neutram
1969 856 2172 921 voluit
2209 875 2272 920 se
2320 856 2726 921 determinate

282 956 559 1042 obligare.
600 956 772 1021 Idem
802 976 862 1021 11.
898 959 1047 1022 203.
1081 959 1114 996 *

372 1128 503 1181 XIX.
536 1127 583 1181 4.
611 1125 885 1181 Invalidum
910 1135 986 1181 est
1012 1135 1197 1191 votum,
1223 1128 1305 1181 cui
1329 1127 1607 1193 adiungitur
1634 1128 1741 1182 fluis
1768 1131 1848 1184 vel
1876 1128 1967 1184 alia
1999 1129 2363 1184 circumstantia
2392 1133 2514 1183 mala
2550 1137 2722 1184 tenens

277 1227 324 1266 se
358 1227 417 1265 ex
441 1218 582 1279 parte
605 1210 678 1265 rei
705 1217 886 1265 votae:
913 1218 967 1265 ut
992 1226 1041 1266 v.
1064 1227 1138 1276 gr.
1168 1219 1317 1266 vovet
1343 1213 1453 1279 quis
1480 1216 1839 1279 eleemosynam
1867 1216 1926 1266 ad
1953 1213 2265 1268 obtinendam
2308 1229 2481 1268 vanam
2520 1215 2725 1279 gloriam

276 1305 351 1350 aut
384 1296 737 1363 impetrandam
774 1311 861 1362 per
897 1311 1002 1350 eam
1052 1296 1307 1350 victoriam
1345 1298 1590 1360 iniustam,
1635 1298 1822 1352 felicem
1870 1314 2150 1353 successum
2189 1299 2321 1364 furti,
2365 1299 2594 1354 adulterii
2631 1307 2723 1353 etc.

274 1391 350 1435 aut
376 1379 423 1433 in
447 1379 721 1445 gratiarum
748 1379 987 1434 actionem
1014 1396 1103 1447 pro
1131 1395 1358 1436 successu
1396 1382 1509 1437 talis
1546 1383 1765 1450 peccati;
1791 1383 1904 1449 quia
1942 1384 2075 1437 datio
2107 1387 2446 1449 eleemosynae
2474 1387 2535 1439 ad
2578 1388 2724 1438 talem

277 1468 407 1519 ssnem
432 1473 507 1519 est
549 1464 677 1519 actio
705 1468 1006 1532 blasphema,
1029 1465 1166 1531 quasi
1192 1469 1327 1521 Deus
1366 1475 1562 1534 peccata
1602 1477 1908 1535 promoveat,
1935 1469 2143 1534 ideoque
2169 1484 2264 1522 non
2292 1477 2454 1535 potest
2479 1484 2588 1523 esse
2622 1486 2725 1523 ma-

272 1549 384 1604 teria
411 1551 531 1603 voti.
547 1549 765 1605 Caietan.
786 1553 962 1604 Navar.
986 1567 1028 1604 c.
1052 1555 1134 1604 ·12.
1158 1554 1334 1606 Sanch.
1356 1569 1399 1606 c.
1423 1556 1469 1606 6.
1489 1555 1658 1619 Laym.
1688 1557 1718 1606 1.
1743 1555 1790 1607 4.
1813 1561 1847 1607 t.
1870 1555 1918 1607 4.
1945 1570 1988 1607 c.
2011 1559 2059 1608 2.
2084 1569 2214 1608 num.
2236 1557 2283 1608 6.
2305 1555 2412 1608 Fiu.
2437 1564 2470 1608 t.
2493 1559 2576 1610 26.
2605 1571 2648 1608 c.
2670 1558 2720 1609 5.

368 1637 481 1690 ΧΧ.
502 1635 807 1689 5.Validum
834 1642 997 1690 autem
1022 1642 1113 1699 est,
1139 1637 1232 1691 etsi
1260 1637 1305 1690 ei
1332 1637 1619 1702 adiungatur
1647 1638 1756 1692 nnis
1783 1642 1861 1692 vel
1888 1639 1982 1693 alia
2009 1639 2373 1693 circumstantia
2400 1643 2522 1693 mala
2552 1649 2723 1695 tenens

270 1734 320 1772 se
343 1728 523 1774 tautum
557 1733 619 1772 ex
646 1725 785 1786 parte
817 1720 1068 1774 voventis:
1100 1730 1153 1775 ut
1182 1721 1321 1775 verbi
1346 1722 1517 1786 gratia,
1544 1723 1586 1776 si
1613 1723 1721 1789 quis
1750 1738 1811 1778 ex
1851 1739 1971 1777 vana
1998 1723 2170 1789 gloria,
2189 1731 2275 1778 aut
2298 1740 2359 1778 ex
2397 1724 2470 1778 ira
2497 1741 2611 1790 erga
2638 1725 2722 1779 im-

267 1810 519 1868 portunum
563 1803 855 1869 mendicum,
883 1813 1065 1858 voveat
1103 1805 1146 1859 ei
1186 1808 1304 1859 dare
1333 1809 1721 1875 eleemosynan13
1748 1808 1859 1874 quia
1900 1817 2014 1862 tunc
2045 1823 2121 1862 res
2159 1808 2251 1862 ista
2293 1812 2419 1863 bona
2458 1817 2548 1874 est,
2577 1825 2720 1876 qnam

267 1895 426 1950 vovet,
450 1887 561 1941 licet
598 1887 709 1956 ipse
747 1895 927 1943 voveat
962 1893 1087 1944 male
1125 1898 1173 1944 et
1210 1905 1320 1944 cum
1358 1900 1574 1956 peccato,
1603 1890 1736 1947 [bid.

353 2031 503 2105 621.
540 2033 1036 2099 Circumtantia
1058 2037 1226 2101 mala
1258 2042 1534 2117 exparte
1558 2040 1655 2103 rei
1684 2043 1857 2104 votae
1883 2044 2056 2120 esset,
2083 2041 2139 2106 si
2170 2060 2421 2107 voveres
2454 2041 2724 2106 celebra-

261 2138 496 2203 tionem
542 2137 780 2202 Missae
817 2139 1066 2203 votivae
1113 2139 1228 2216 die,
1279 2160 1403 2222 qua
1451 2160 1573 2205 non
1621 2142 1786 2218 licet,
1823 2145 2033 2208 autin
2082 2145 2335 2209 ecclesia
2373 2144 2721 2209 interdicta.

266 2237 555 2305 Ceterum
589 2241 871 2324 exempla
902 2241 1096 2305 allata
1129 2261 1164 2305 a
1190 2242 1479 2307 Busemb.
1515 2242 1865 2309 referuntur
1890 2246 2097 2311 omnia
2122 2244 2490 2326 adpravum
2513 2246 2719 2325 finem.

258 2341 354 2407 Et.
389 2363 439 2408 s,
475 2343 670 2427 Alph.
711 2363 770 2408 n.
814 2343 963 2407 206.
999 2343 1076 2408 ad
1108 2344 1169 2408 h.
1202 2344 1245 2408 1.
1286 2347 1484 2421 notat,
1534 2346 1719 2410 finem
1767 2367 2030 2430 pravum
2061 2349 2275 2412 haberi
2306 2368 2377 2412 ex
2408 2349 2584 2431 parte
2630 2349 2726 2412 rei

255 2450 425 2509 votae
472 2465 624 2510 cum
672 2465 769 2510 res
814 2448 965 2511 vota
1012 2451 1153 2526 ipsa
1189 2446 1493 2529 dirvy-itur
1538 2449 1608 2512 in
1653 2449 1889 2514 malum
1934 2450 2142 2530 finem,
2176 2452 2250 2515 ut
2288 2450 2340 2515 si
2369 2450 2603 2514 ieiunes
2651 2453 2724 2514 ut

253 2547 549 2631 plausum
584 2548 817 2632 capias.
866 2549 948 2613 Et
993 2548 1157 2615 idem
1204 2570 1274 2615 ex
1321 2549 1620 2616 Salmant.
1662 2552 1995 2617 tenendum
2027 2571 2156 2618 esse
2188 2551 2358 2631 dicit,
2391 2552 2537 2618 lieet
2583 2552 2722 2618 finis

248 2670 369 2715 non
403 2652 490 2717 sit
524 2652 887 2736 primariu8‚
937 2652 1040 2717 sed
1078 2655 1329 2718 tantum
1364 2653 1747 2733 2’mlmlsz‘z⁷u3‚
1785 2655 1914 2720 sine
1945 2673 2068 2738 quo
2101 2656 2311 2719 tamen
2343 2658 2562 2720 votum
2600 2674 2720 2720 non

247 2753 443 2820 fieret.
480 2755 603 2821 Sed
630 2754 781 2819 haec
813 2753 1397 2820 Salmanticensium
1428 2757 1663 2821 locutio
1680 2776 1803 2822 non
1837 2759 1932 2821 est
1955 2760 2272 2832 accurata;
2302 2758 2449 2840 quia
2474 2758 2720 2840 quando

241 2875 433 2923 causa
482 2860 676 2924 aetus
722 2861 817 2922 est
862 2858 1032 2932 talis,
1081 2859 1210 2922 sine
1252 2878 1373 2942 qua
1419 2878 1543 2924 non
1573 2859 1768 2937 fieret,
1802 2879 1873 2924 ea
1905 2880 2027 2925 non
2058 2861 2285 2926 dicitur
2316 2862 2564 2926 tantum
2612 2862 2723 2925 im·

228 2959 515 3038 pul-siva,
553 2960 669 3026 sed
692 2962 940 3036 motiva,
956 2960 1359 3042 princifflzlis,
1371 2962 1713 3042 primaria.
1741 2962 1883 3027 Vid.
1918 2963 2084 3028 dicta
2100 2963 2177 3028 de
2196 2963 2411 3050 Legib.
2438 2986 2540 3029 nn.
2570 2966 2719 3029 341.

240 3080 412 3146 seqq.
453 3063 687 3141 Addit,
721 3062 884 3128 idem
916 3064 1258 3142 dicendum,
1296 3065 1349 3128 si
1379 3065 1519 3130 finis
1551 3065 1635 3130 sit
1659 3065 2006 3131 indifferens
2032 3067 2130 3130 vel
2149 3086 2312 3132 mere
2337 3068 2718 3150 temporaIiS,

235 3165 333 3228 uti
371 3164 430 3230 si
462 3183 712 3230 voveas
743 3165 1065 3243 ieiunium,
1097 3169 1170 3231 ut
1201 3186 1417 3250 parcas
1452 3168 1826 3251 sumptibus,
1866 3170 1963 3233 vel
1997 3170 2468 3255 eleemosynam,
2509 3190 2583 3233 ne
2616 3189 2723 3252 pu·

228 3267 379 3333 teris
412 3285 688 3332 avarus.

310 3371 364 3436 Ε
423 3370 765 3437 contrario
820 3370 971 3435 dicit
1016 3390 1065 3436 3.
1113 3371 1297 3455 Alph.
1348 3392 1489 3437 cum
1537 3371 1920 3452 Salmantie.‚
1970 3375 2245 3439 validum
2295 3394 2424 3439 esse
2480 3377 2719 3450 votum,

226 3473 490 3555 quando
534 3473 689 3538 finis
720 3492 951 3556 pravus
981 3476 1077 3538 est
1108 3478 1391 3553 exparte
1422 3476 1713 3553 voventis,
1748 3495 1830 3540 sc.
1867 3476 2111 3558 quando
2145 3495 2266 3543 non
2300 3494 2394 3539 res
2420 3477 2589 3552 vota,
2616 3476 2719 3539 sed

230 3579 414 3642 actus
449 3575 739 3642 vovendi
770 3575 1063 3661 dirigitur
1090 3576 1155 3640 in
1187 3595 1449 3659 pravum
1481 3576 1685 3653 finem,
1726 3598 1784 3640 v,
1821 3598 1912 3660 gr.
1948 3578 2000 3641 si
2038 3596 2263 3642 voveas
2295 3576 2616 3653 ieiunium,
2651 3579 2725 3642 111

219 3678 511 3745 lauderis
567 3678 655 3744 de
700 3679 913 3743 eodem
960 3680 1143 3744 voto:
1193 3680 1246 3744 si
1294 3697 1518 3744 voveas
1566 3678 1802 3744 vestem
1833 3680 2090 3762 pullam,
2126 3680 2201 3743 ut
2246 3697 2377 3743 rem
2407 3679 2721 3763 ingratam

220 3782 424 3849 facias
458 3782 850 3869 parentibus
882 3784 992 3846 aut
1025 3782 1298 3847 curatori
1333 3784 1443 3846 aut
1482 3780 1641 3845 aliis.
2689 3864 2694 3869 ¹

305 3888 520 3965 Haeo,
554 3885 688 3950 etsi
726 3904 889 3962 vera,
926 3904 1047 3949 non
1079 3884 1233 3949 satis
1264 3884 1427 3950 clare
1452 3884 1761 3969 explicant
1782 3887 2052 3950 mentem
2084 3884 2394 3950 Auctoris
2427 3883 2720 3952 Notanda

219 3990 356 4056 scil.
396 3988 615 4056 verba
651 3986 943 4052 Auctoris
968 3987 1173 4053 Resol.
1214 3988 1276 4052 4.
1318 3990 1383 4052 et
1414 3988 1473 4052 5.
1508 3988 1569 4051 si
1595 3987 1987 4070 adiunyatur
2008 3988 2160 4069 finis
2207 3990 2321 4053 ete.
2355 3989 2526 4055 Haec
2557 3991 2718 4053 enim

213 4094 411 4158 verba
444 4090 760 4157 indicant
794 4109 1027 4169 casum,
1077 4091 1185 4155 ubi
1230 4091 1602 4174 supponitur
1632 4089 1817 4155 finem
1849 4111 2109 4175 pravum
2140 4111 2263 4156 non
2296 4110 2427 4155 esse
2459 4091 2721 4154 totalem

212 4214 490 4261 eausam
529 4193 683 4259 sive
713 4191 802 4256 rei
824 4193 1027 4270 votae,
1063 4194 1191 4257 sive
1221 4193 1504 4258 vovendi.
1532 4192 1692 4258 Hinc
1716 4212 1840 4257 non
1872 4193 2283 4266 admittimuS,
2318 4210 2475 4274 quae
2508 4190 2723 4255 dicunt

210 4295 645 4371 Salmantic.‚
685 4292 869 4358 finem
906 4294 1337 4359 secundarium
1362 4296 1489 4360 sive
1535 4296 1941 4380 impulsivum
1974 4297 2229 4373 efficere,
2264 4298 2336 4360 111
2374 4296 2595 4359 votum
2642 4293 2724 4359 sit

203 4400 591 4467 invalidum
631 4398 703 4461 et
731 4396 933 4462 multe
964 4397 1169 4462 minus
1218 4398 1552 4482 probamus
1584 4398 1860 4481 exempla
1901 4396 2502 4473 Salmanticensium‚
2544 4418 2601 4462 v.
2628 4418 2721 4483 gr.

206 4504 390 4570 illius
429 4503 559 4587 qui
596 4501 798 4566 vovet
827 4498 1082 4566 Ordines
1131 4501 1207 4566 ob
1246 4500 1499 4564 divitias
1532 4503 1808 4582 speratas
1841 4503 1955 4565 aut
1984 4501 2394 4582 frequentiam
2430 4501 2602 4565 chori
2650 4500 2727 4565 ob
