3497 5147
705 341 815 396 236
1076 356 1288 396 111331.
1330 356 1410 397 w.
1452 355 1618 397 emor.
1660 356 1698 395 1.
1737 357 1824 396 1111
1863 355 2055 395 numo
2093 353 2450 394 PnAncnP‘ro
2486 351 2799 394 nnoALom
3024 338 3169 413 [322]

713 454 937 527 oratio,
976 453 1040 516 id
1086 451 1495 535 relinquimus
1541 453 1852 536 theologis
1889 451 2289 534 speculativis
2319 448 2750 514 definiendum.
2785 449 2982 514 Nobis
3011 450 3168 516 satis

706 554 793 618 sit
826 574 1126 619 asserere:
1175 554 1390 618 habita
1420 555 1663 619 ratione
1699 554 2039 637 praesentis
2073 552 2303 617 ordinis
2335 552 2786 630 Providentiae,
2822 552 3168 617 orationem

707 675 839 721 esse
885 657 1293 722 necessariam
1339 677 1411 721 ac
1455 660 1883 739 praeceptam:
1925 657 2105 739 plura
2151 656 2314 719 enim
2346 657 2494 718 sunt
2540 655 2720 730 bona,
2753 654 2934 718 nobis
2964 653 3044 718 ad
3075 673 3169 718 33-

706 759 905 822 131313
960 760 1319 837 3333333113,
1368 779 1526 842 quae
1583 761 1751 824 Deus
1797 778 1918 823 non
1966 761 2268 838 tanquam
2312 756 2552 820 meritis
2599 756 2826 834 debita,
2876 757 2983 820 sed
3029 757 3167 839 piae

704 860 1130 943 impetrationi
1162 862 1461 926 orationis
1485 881 1557 925 ex
1583 861 1965 946 benignitate
2011 860 2215 925 voluit
2243 858 2602 942 rependere:
2652 858 3002 923 cuiusmodi
3018 860 3167 924 sunt

702 965 936 1028 auxilia
982 964 1255 1030 efficacia
1300 966 1364 1028 et
1408 964 1883 1048 perseverantia.
1933 964 2095 1027 Hinc
2141 961 2418 1046 theologi
2464 962 2875 1026 communiter
2920 962 3161 1040 docent,

706 1067 1007 1130 orandum
1067 1086 1217 1143 esse,
1267 1067 1321 1130 si
1366 1068 1576 1151 gravis
1624 1067 1890 1131 tentatio
1937 1067 2178 1149 urgeat,
2237 1065 2291 1128 si
2333 1084 2432 1128 res
2477 1064 2693 1148 magni
2738 1064 3038 1129 momenti
3083 1064 3164 1127 ad

706 1169 824 1234 Dei
846 1171 1114 1253 gloriam
1152 1171 1237 1234 sit
1267 1170 1701 1254 aggredienda,
1735 1171 1791 1233 si
1821 1169 2116 1233 eximium
2155 1187 2191 1231 a
2227 1169 2359 1231 Deo
2392 1166 2755 1231 beneficium
2786 1166 2864 1230 ad
2894 1167 3167 1231 salutem

709 1273 1124 1336 necessarium
1153 1291 1205 1336 e.
1232 1293 1293 1357 g.
1326 1272 1705 1336 illuminatio
1742 1273 1807 1335 in
1839 1270 2273 1337 controversiis
2317 1270 2480 1348 fidei,
2529 1270 2613 1333 sit
2643 1269 3161 1351 consequendum,

710 1374 764 1438 si
810 1365 1225 1439 communitas
1270 1375 1335 1439 in
1382 1393 1609 1459 magno
1657 1377 1936 1439 versetur
1996 1373 2287 1456 periculo,
2343 1373 2409 1435 in
2467 1372 2691 1437 mortis
2737 1373 3022 1455 propriae
3067 1392 3166 1455 pe-

699 1478 896 1542 riculo
928 1480 1044 1543 etc.

780 1578 1183 1662 ‘Consequens
1208 1583 1322 1657 est,
1357 1599 1566 1645 omnes
1592 1580 1840 1643 adultos
1867 1598 2041 1643 orare
2066 1580 2367 1661 oportere,
2400 1578 2592 1641 etiam
2624 1578 3011 1659 peccatores:
3046 1577 3164 1641 etsi

703 1683 869 1747 enim
922 1701 1136 1746 eorum
1185 1683 1385 1747 oratio
1432 1685 1700 1764 nequeat
1747 1701 1878 1746 esse
1924 1683 2100 1746 actus
2144 1682 2502 1745 meritorius
2548 1680 2622 1744 de
2668 1680 2996 1763 condigno,
3046 1680 3163 1744 erit

700 1787 931 1858 tamen,
986 1785 1040 1848 si
1086 1789 1250 1849 recte
1294 1785 1427 1859 fiat,
1475 1785 1832 1849 meritorius
1879 1785 1952 1849 de
1998 1804 2271 1868 congruo
2319 1788 2382 1848 et
2426 1783 2895 1866 impetratorius
2941 1782 3164 1848 iustifi-

701 1887 985 1961 33110313,
1035 1906 1194 1967 quae
1239 1888 1504 1951 maxime
1537 1888 1878 1952 necessaria
1925 1890 2038 1952 est.

789 1983 969 2057 322.
1006 1986 1165 2052 Cum
1211 1989 1373 2052 bona
1406 2009 1441 2052 a
1474 1991 1603 2053 Deo
1642 1991 1912 2071 petimus
1959 1991 2135 2055 nobis
2184 1991 2281 2055 vel
2318 1990 2476 2068 aliie,
2527 2008 2777 2054 oramus
2816 2008 2890 2053 ex
2919 1990 3158 2054 motivo

697 2090 1000 2166 caritatiS,
1035 2109 1159 2171 qua
1192 2109 1301 2154 nos
1349 2092 1447 2155 vel
1476 2093 1828 2174 proximum
1858 2093 2196 2177 diligimus.
2246 2093 2328 2156 Et
2355 2094 2617 2176 urgente
2647 2111 2878 2176 magna
2910 2092 3159 2156 calami-

701 2195 835 2257 tate
859 2193 1073 2275 populi
1107 2192 1203 2257 vel
1228 2194 1510 2275 proximi,
1537 2195 1639 2258 cui
1662 2214 1769 2277 per
1794 2195 2138 2260 orationem
2163 2214 2514 2260 succurrere
2537 2195 2866 2277 possimne,
2894 2193 3164 2279 obligari

699 2298 850 2359 tunc
881 2314 993 2359 nos
1024 2299 1348 2378 praecepto
1384 2296 1617 2375 orandi,
1666 2297 1846 2361 docet
1877 2317 1924 2360 s.
1959 2297 2315 2379 Alphonsus
2347 2297 2499 2361 heic.
2535 2297 2696 2361 Item
2728 2316 2870 2360 cum
2916 2315 3032 2361 nos
3064 2316 3162 2361 ur·

699 2416 920 2482 gemur
948 2417 1179 2482 magna
1210 2399 1575 2476 tentatione,
1616 2419 1776 2480 quae
1810 2399 1964 2463 alias
1996 2400 2158 2463 vinci
2203 2401 2487 2481 nequeat,
2538 2399 2616 2463 ad
2663 2400 3014 2463 orationem
3051 2418 3161 2464 nos

698 2499 984 2585 obligari,
1032 2500 1196 2564 idem
1244 2502 1519 2565 affirmat
1562 2502 1709 2565 ibid.
1760 2501 2222 2566 Advertendum
2268 2521 2412 2566 vero
2458 2503 2573 2580 est,
2625 2502 2789 2585 quod
2836 2521 2983 2566 cum
3021 2502 3160 2585 quis

694 2605 942 2669 tenetur
990 2622 1165 2668 orare
1210 2605 1275 2668 vi
1321 2604 1576 2668 alterius
1623 2605 1935 2687 praecepti
1980 2605 2282 2681 servandi,
2307 2605 2497 2687 ‚quod
2540 2605 2662 2669 nisi
2709 2607 2862 2682 oret,
2913 2625 3159 2670 servare

698 2708 933 2787 nequit,
961 2708 1175 2789 peccat
1198 2706 1466 2786 quidem,
1492 2708 1546 2771 si
1579 2706 1796 2771 orandi
1819 2708 2251 2772 necessitatem
2282 2707 2626 2782 advertens,
2659 2707 2927 2791 negligit
2952 2727 3156 2783 orare:

693 2809 817 2883 sed,
857 2809 1034 2873 iuxta
1064 2828 1454 2875 communem
1487 2809 1851 2887 doctrinam,
1887 2811 2038 2874 haec
2063 2810 2313 2874 omissio
2345 2829 2467 2874 non
2499 2809 2688 2875 habet
2717 2809 3036 2875 malitiam
3066 2811 3157 2875 di-

697 2911 992 2976 stinctam
1025 2912 1103 2976 ab
1141 2931 1212 2977 eo
1244 2915 1515 2994 peccato,
1542 2914 1605 2976 in
1630 2914 1796 2995 quod
1827 2914 2040 2996 lapsus
2072 2914 2182 2977 sit:
2216 2913 2400 2993 idque
2447 2932 2518 2976 ex
2549 2913 2823 2997 generali
2854 2913 3156 2997 principio

695 3014 769 3078 de
813 3017 994 3078 reatu
1042 3015 1255 3079 omissi
1301 3014 1507 3092 medii,
1542 3014 1708 3095 quod
1740 3017 2152 3079 necessarium
2188 3016 2377 3079 fuerit
2424 3015 2500 3079 ad
2547 3017 2868 3097 peccatum
2902 3016 3155 3099 aliquod

695 3117 1057 3181 cavendum.
1097 3114 1189 3180 Cf.
1225 3116 1450 3180 Suarez
1484 3116 1558 3179 de
1588 3115 1799 3197 Reliy.
1835 3121 1913 3180 tr.
1954 3119 2014 3180 4.
2050 3117 2092 3179 l.
2138 3118 2194 3180 1.
2228 3137 2279 3181 3.
2317 3120 2420 3181 29.
2457 3138 2514 3180 11.
2554 3118 2612 3181 7.

779 3220 1013 3284 Verum
1052 3221 1199 3301 quia
1233 3221 1434 3284 oratio
1468 3223 1562 3284 est
1585 3239 1832 3302 quoque
1865 3223 2040 3284 33133
2065 3222 2292 3298 cultus,
2320 3222 2663 3302 quaeritur,
2689 3241 2767 3286 an
2798 3241 2925 3287 non
2949 3224 3154 3288 solum

691 3342 764 3386 ex
793 3322 1030 3386 motivo
1064 3323 1367 3398 331113113,
1405 3322 1511 3387 sed
1543 3322 1734 3386 etiam
1767 3342 1838 3386 ex
1869 3324 2002 3406 ipso
2036 3324 2275 3388 motivo
2306 3324 2625 3408 religionis
2641 3325 2970 3390 iubeamur
2993 3326 3156 3390 iden·

698 3424 887 3488 tidem
937 3443 1131 3489 orare.
1180 3425 1468 3498 Adverte,
1519 3444 1566 3488 3.
1618 3425 1922 3489 Τ11013313
1970 3446 2027 3507 q.
2081 3427 2185 3490 83.
2227 3445 2282 3489 a.
2319 3428 2380 3489 3.
2430 3427 2505 3491 ad
2556 3429 2616 3490 2.
2654 3427 2778 3492 duo
2827 3431 3158 3512 praecepta

699 3527 1113 3610 distinguere:
1150 3527 1241 3590 ait
1272 3527 1468 3590 enim:
1517 3551 1553 3586 «
1590 3527 1932 3592 desiderare
1969 3529 2214 3610 (utique
2246 3529 2478 3593 bonum
2514 3529 2691 3602 illud,
2740 3549 2852 3612 pro
2900 3549 3029 3610 quo
3060 3550 3160 3594 ne-

694 3630 960 3694 cessaria
1006 3631 1101 3692 est
1148 3629 1378 3712 oratio)
1424 3630 1592 3695 cadit
1637 3632 1754 3696 sub
1801 3634 2125 3714 praecepto
2173 3632 2475 3707 caritatis,
2525 3633 2732 3714 petere
2776 3634 2994 3696 autem
3042 3634 3158 3699 sub

689 3736 1015 3815 praecepto
1062 3734 1380 3818 religionis
1417 3760 1477 3797 ›.
1529 3735 1703 3799 Unde
1750 3735 1936 3799 infert
1982 3733 2207 3798 Suarez
2255 3736 2296 3797 l.
2346 3755 2396 3799 o.
2447 3755 2506 3798 n.
2557 3736 2652 3798 8.:
2710 3759 2744 3792 «
2777 3736 2958 3816 ponit
3005 3755 3155 3820 ergo

691 3833 769 3914 (3.
806 3834 1106 3917 Thomas)
1138 3837 1455 3919 proprium
1489 3839 1552 3899 et
1583 3837 1891 3918 peculiare
1915 3838 2330 3919 praeceptum,
2364 3837 2548 3918 quod,
2580 3837 2727 3901 licet
2758 3856 2884 3902 non
2919 3838 3158 3924 obliget

683 3935 805 4000 nisi
837 3940 1191 4001 occurrente
1221 3939 1587 4002 necessitate
1633 3937 1915 4001 caritatis
1963 3938 2059 4002 vel
2108 3939 2364 4004 alterius
2411 3939 2632 4003 similis
2673 3940 2950 4018 virtutis,
3003 3944 3155 4006 tunc

686 4037 1091 4103 nihilominus
1140 4038 1380 4121 obligat
1426 4058 1497 4101 ex
1542 4039 1790 4120 propria
1837 4040 1899 4103 vi
1952 4041 2269 4125 religionis
2316 4067 2378 4106 ».
2427 4041 2544 4106 Sed
2590 4043 2644 4107 si
2689 4043 2780 4106 ita
2826 4063 2961 4108 rem
3002 4046 3154 4111 acci-

686 4141 951 4224 piamus»,
1001 4143 1075 4206 ut
1122 4140 1630 4221 quotiescumque
1677 4159 1747 4204 ex
1793 4142 2034 4206 motivo
2081 4144 2361 4209 caritatis
2407 4145 2506 4209 vel
2554 4145 2810 4210 alterius
2871 4147 3149 4223 virtutis,

689 4245 844 4324 puta
891 4242 969 4304 ad
1016 4243 1336 4324 peccatum
1382 4242 1741 4320 cavendum,
1784 4262 1960 4309 orare
1991 4244 2303 4321 1131133133,
2342 4250 2663 4312 teneamur
2693 4267 2944 4330 quoque
2977 4269 3152 4316 orare

688 4361 761 4406 ex
808 4345 1132 4425 praecepto
1169 4343 1507 4428 religionis,
1541 4347 1689 4409 tunc
1720 4345 2048 4412 dicendum
2080 4350 2198 4414 erit
2228 4349 2392 4430 quod
2439 4351 2690 4415 omissio
2738 4351 2987 4418 debitae
3021 4373 3150 4418 013-

693 4443 881 4509 110313
930 4444 1014 4509 311
1060 4464 1298 4528 semper
1344 4466 1589 4529 quoque
1636 4449 1897 4531 speciale
1934 4455 2257 4534 peccatum
2303 4456 2519 4517 3011113
2564 4454 2951 4538 religionem,
2987 4456 3149 4538 quod

691 4566 869 4612 nemo
904 4547 1203 4614 admittit.
1236 4550 1452 4615 Placet
1475 4571 1621 4636 ergo
1647 4552 1812 4634 quod
1837 4553 2064 4618 Suarez
2091 4554 2236 4618 ibid.
2270 4575 2329 4618 n.
2371 4557 2470 4620 10.
2513 4558 2576 4620 31
2612 4555 2939 4639 Laymann
2973 4563 3051 4622 tr.
3076 4559 3148 4621 de
