3497 5147
365 378 553 454 [1081]
805 395 958 443 Qum
997 396 1093 438 srr
1129 400 1206 438 m
1245 398 1420 446 QUAM
1456 394 1671 436 GRAYB
1708 390 2034 433 Pnccxrmu
2072 391 2418 434 nnn-nmmo
2728 385 2836 440 801

366 492 602 556 ctorem
651 491 926 556 criminis
959 493 1273 570 Ioannem,
1309 495 1362 559 si
1409 492 1569 557 forte
1617 510 1688 554 ex
1725 490 1842 553 hac
1873 489 2376 554 manifestatione
2424 490 2749 558 timeretur
2778 496 2834 560 ei

364 612 562 677 poena
609 594 915 678 capitalis.
967 592 1365 660 Contrarium
1427 595 1637 659 autem
1693 591 2107 656 communiter
2159 592 2447 657 videntur
2492 613 2835 679 supponere

362 695 663 760 Doctores
694 721 756 759 ›.
806 696 1016 775 Ratio,
1066 698 1214 779 quia
1259 717 1385 762 non
1433 696 1659 761 teneris
1708 694 1913 759 subire
1962 694 2243 759 triremes
2290 696 2389 760 vel
2436 697 2709 776 exilium,
2759 701 2834 765 ut

361 797 662 881 impedias
710 799 977 862 mortem
1029 799 1276 864 Ioannis
1316 799 1595 880 alioquin
1642 796 2065 880 promeritam.

455 924 491 958 «
522 900 867 964 Dicendum
899 919 1045 985 ergo
1085 900 1354 986 (subdit)
1395 900 1701 975 existimo,
1737 917 1861 963 non
1900 898 2129 980 requiri
2162 900 2353 964 talem
2385 920 2700 967 excessum
2731 904 2831 967 vel

361 1002 805 1084 aequalitatem
856 1002 1067 1067 damni
1115 1004 1211 1068 tui
1259 1005 1356 1069 vel
1407 1003 1692 1080 aliorum,
1744 1002 1820 1065 ut
1857 1001 2055 1085 possis
2102 1001 2400 1066 delictum
2431 1005 2830 1069 manifestare

360 1123 500 1168 cum
530 1105 754 1169 maiori
786 1105 917 1169 eius
944 1104 1205 1171 damno:
1242 1106 1390 1171 dum
1416 1109 1625 1170 tamen
1652 1104 1968 1181 damnum,
1991 1103 2158 1185 quod
2183 1103 2297 1167 tibi
2323 1105 2421 1168 vel
2455 1106 2594 1170 aliis
2619 1108 2824 1186 times,

356 1224 480 1270 non
525 1206 611 1271 sit
655 1207 807 1284 leve,
843 1207 948 1271 sed
995 1228 1186 1293 grave
1235 1227 1307 1274 ac
1352 1207 1627 1272 notabile
1661 1231 1722 1269 ».
1766 1230 1800 1264 α
1835 1206 2024 1269 Ratio
2074 1206 2335 1289 (inquit)
2383 1210 2496 1284 est,
2532 1209 2680 1289 quia
2727 1210 2827 1275 ius

355 1307 618 1389 proximi
659 1307 736 1372 ad
768 1309 1019 1386 famam,
1047 1330 1238 1393 quam
1272 1310 1349 1375 ob
1383 1309 1804 1394 ignorantiam
1838 1308 1936 1372 sui
1968 1307 2099 1372 veri
2132 1306 2341 1372 delicti
2374 1310 2666 1391 possidet,
2703 1330 2824 1375 non

352 1410 448 1473 est
478 1409 566 1473 ita
602 1410 911 1488 strictum,
945 1411 1051 1476 sed
1082 1431 1224 1476 cum
1256 1412 1655 1484 limitatione,
1697 1410 1973 1492 quandiu
2008 1409 2085 1474 ad
2123 1410 2355 1474 bonum
2393 1411 2668 1477 alienum
2699 1433 2822 1478 non

351 1512 587 1594 spectet
617 1531 795 1596 posse
826 1514 1156 1578 veritatem
1194 1514 1384 1578 etiam
1420 1514 1559 1578 aliis
1606 1512 2028 1577 manifestare.
2070 1512 2234 1576 Nam
2267 1512 2431 1578 sicut
2467 1517 2710 1597 spectat
2742 1516 2819 1581 ad

351 1632 562 1696 pacem
610 1615 673 1679 et
719 1614 991 1697 quietem
1025 1635 1438 1694 communem,
1474 1615 1637 1698 quod
1677 1616 1908 1696 absque
1941 1634 2128 1678 causa
2165 1634 2289 1679 non
2329 1616 2689 1698 aperiantur
2726 1638 2821 1684 oo-

349 1714 517 1778 culta
551 1715 802 1793 delicta3
839 1718 927 1781 sic
960 1717 1036 1781 ad
1061 1718 1317 1782 eandem
1350 1718 1622 1800 quietem
1655 1720 1717 1781 01
1748 1734 2075 1781 commune
2099 1716 2330 1781 bonum
2364 1720 2623 1800 spectat,
2651 1722 2816 1800 quod

349 1816 711 1882 adveniente
735 1838 922 1883 causa
948 1819 1148 1902 possit
1174 1820 1600 1902 unusquisque
1634 1819 1942 1903 cognosci,
1971 1818 2173 1900 qualis
2205 1838 2417 1883 revera
2449 1823 2565 1897 est,
2600 1841 2674 1885 ne
2707 1823 2814 1886 alii

346 1936 417 1982 ex
449 1937 562 1983 sua
607 1920 964 2005 ignorantia
994 1922 1274 2006 graviter
1320 1924 1525 1986 errent
1572 1923 1636 1986 et
1682 1921 2018 2005 perniciose
2066 1921 2453 2004 decipiantur
2498 1942 2641 1987 cum
2678 1943 2816 2006 pro-

343 2020 477 2103 prio
516 2021 887 2087 detrimento
923 2048 982 2087 ».
1334 2076 1338 2081 .

431 2124 729 2189 Doctrina
763 2128 973 2189 autem
1010 2126 1188 2211 Lugo
1220 2129 1467 2209 recepta
1493 2126 1632 2190 dein
1657 2126 1756 2190 est
1787 2125 1865 2189 ab
1891 2125 2050 2202 aliia,
2078 2143 2233 2206 quos
2265 2125 2404 2191 vide
2438 2128 2599 2209 apud
2633 2148 2680 2193 s.
2709 2130 2812 2193 Al-

342 2224 649 2307 phonsum
681 2226 787 2291 lib.
823 2228 883 2291 3.
913 2248 972 2291 n.
1004 2228 1152 2291 968.
1188 2230 1253 2292 et
1300 2229 1559 2292 accessit
1595 2228 1725 2310 ipse
1774 2246 1823 2291 s.
1859 2227 2215 2309 Alphonsus
2253 2228 2523 2291 scribens
2570 2230 2806 2313 (ibid.):

345 2352 380 2386 «
412 2327 851 2413 Unusquisque
884 2331 962 2394 ad
1000 2330 1361 2395 evitandum
1392 2350 1582 2415 grave
1615 2331 1914 2395 damnum
1953 2330 2052 2393 sui
2082 2330 2181 2394 vel
2221 2331 2486 2395 aliorum
2520 2334 2709 2396 etiam
2745 2335 2807 2398 in

337 2429 513 2496 bonis
551 2431 838 2497 fortunae
875 2434 1045 2497 licite
1077 2433 1286 2516 potest
1323 2433 1607 2517 detegere
1639 2452 1831 2517 grave
1863 2432 2092 2496 crimen
2133 2432 2409 2510 alterius,
2449 2433 2634 2500 modo
2681 2454 2806 2501 non

334 2534 617 2600 intendat
670 2535 851 2601 illum
906 2536 1208 2601 infamare
1257 2536 1402 2619 (hoc
1466 2555 1596 2601 0000
1654 2536 1864 2619 posset
1927 2534 2247 2619 peccatum
2311 2534 2651 2621 internum)
2699 2538 2804 2604 sed

335 2637 635 2702 damnum
677 2640 997 2722 proprium
1034 2639 1132 2703 vel
1168 2639 1439 2703 alienum
1477 2639 1695 2703 vitare.
1733 2638 1979 2703 Sufficit
2013 2640 2242 2713 autem,
2279 2639 2352 2701 ut
2389 2638 2684 2704 damnum
2717 2643 2806 2705 vi-

335 2740 595 2806 tandum
629 2743 713 2808 sit
744 2763 953 2828 grave,
992 2745 1276 2826 quamvis
1309 2745 1512 2808 maius
1545 2744 1842 2808 damnum
1881 2744 2207 2807 immineat
2237 2742 2579 2810 diffamato.
2615 2744 2801 2812 Secus

330 2861 476 2907 vero
511 2844 565 2908 si
603 2843 899 2910 damnum
937 2846 1021 2910 sit
1062 2846 1195 2910 leve
1228 2846 1326 2910 vel
1362 2847 1547 2930 longe
1579 2846 1786 2910 minus
1818 2871 1878 2909 ».

420 2946 511 3010 Ac
536 2946 673 3012 dein
699 2968 840 3013 cum
866 2949 1067 3034 Lugo,
1094 2952 1166 3013 ut
1198 2949 1419 3032 inquit,
1445 2948 1648 3013 reddit
1671 2949 2007 3024 rationem3
2042 2975 2078 3007 «
2103 2950 2250 3031 quia
2277 2970 2493 3034 nempe
2518 2951 2580 3015 id
2605 2972 2803 3034 neque

329 3050 591 3113 caritati
613 3050 978 3115 adversatur
1008 3071 1204 3134 neque
1244 3053 1542 3115 iustitiae.
1567 3050 1710 3115 Non
1739 3051 2049 3126 iustitiam
2082 3052 2228 3132 quia
2263 3052 2421 3116 alter
2458 3071 2578 3117 non
2609 3055 2800 3119 habet

328 3150 404 3214 ad
453 3151 685 3218 famam
719 3173 897 3218 suam
945 3154 1043 3219 1110
1091 3155 1183 3218 110
1230 3155 1539 3232 strictum,
1583 3155 1655 3218 ut
1686 3154 1796 3218 alii
1829 3154 2185 3239 obligentur
2223 3154 2300 3218 ad
2338 3155 2668 3240 tegendam
2702 3178 2799 3222 ve-

323 3254 599 3332 ritatem,
642 3256 887 3339 quando
939 3258 1188 3338 oportet
1233 3275 1370 3320 eam
1420 3257 1766 3340 patefacere
1815 3255 1890 3318 ad
1939 3254 2258 3338 proprium
2304 3254 2600 3321 damnum
2650 3261 2796 3325 effu·

326 3355 640 3438 giendum.
691 3359 843 3422 Non
890 3358 1183 3420 caritati:
1232 3359 1379 3439 quia
1427 3358 1655 3421 caritas
1704 3376 1826 3421 non
1878 3357 2119 3440 obligat
2180 3375 2320 3420 cum
2375 3359 2556 3421 tanto
2613 3361 2795 3427 ‹letri-

322 3460 569 3522 mento:
612 3460 776 3523 sicut
824 3459 985 3522 enim
1025 3477 1146 3522 non
1180 3460 1407 3523 teneris
1440 3458 1736 3542 impedire
1772 3458 2068 3521 damnum
2101 3457 2384 3540 proximi,
2419 3459 2538 3522 etsi
2567 3463 2790 3542 maius,

322 3575 466 3619 cum
498 3560 675 3641 gravi
708 3560 933 3624 damno
961 3561 1103 3625 tuo:
1140 3560 1230 3623 ita
1256 3579 1365 3623 nec
1397 3561 1625 3624 teneris
1652 3579 1721 3624 eo
1750 3579 1897 3623 0000
1924 3558 2238 3623 0000110111
2268 3560 2496 3624 crimen
2531 3564 2794 3643 proximi

318 3658 536 3722 celare.
572 3660 671 3724 Ita
705 3661 882 3746 Lugo
916 3687 976 3725 ».

406 3761 634 3845 Reipsa
682 3763 858 3848 Lugo
906 3765 1060 3849 disp.
1117 3766 1217 3830 14.
1272 3786 1328 3829 n.
1386 3765 1531 3829 113.
1584 3765 1848 3848 quaerit,
1901 3784 2090 3846 quam
2137 3784 2326 3850 grave
2391 3784 2522 3830 0000
2569 3767 2789 3831 (1011001

315 3862 633 3941 damnum,
673 3865 838 3946 quod
886 3867 1000 3931 tibi
1049 3869 1147 3932 vel
1186 3869 1325 3933 aliis
1365 3870 1566 3946 times,
1605 3870 1676 3931 ut
1723 3868 1893 3933 licite
1942 3870 2141 3952 possis
2179 3870 2471 3952 graviora
2517 3873 2780 3955 proximi
2827 3921 2839 3932 .

317 3966 689 4032 detrimenta
720 3972 1125 4050 contemnere,
1161 3992 1318 4055 quae
1352 3992 1421 4037 ex
1462 3972 1965 4037 manifestatione
2002 3975 2360 4054 sequantur.

402 4071 759 4155 Respondet
807 4076 1045 4140 autem:
1080 4077 1323 4162 Regula
1372 4077 1679 4161 generalis
1725 4077 1836 4141 illa
1885 4096 2015 4142 0000
2048 4080 2275 4160 posset,
2317 4082 2391 4144 ut
2431 4080 2678 4162 quando
2711 4099 2782 4144 ex

310 4174 574 4239 caritate
624 4176 916 4240 tenereris
964 4178 1091 4242 tale
1138 4180 1403 4262 proximi
1451 4180 1747 4244 damnum
1796 4179 2091 4263 impedire
2139 4181 2329 4246 etiam
2378 4201 2519 4246 cum
2569 4183 2778 4264 aliquo

308 4278 419 4342 tuo
447 4277 785 4361 dispendio,
821 4279 972 4344 10110
1004 4299 1145 4344 00111
1184 4282 1486 4347 eiusmodi
1521 4285 1630 4348 tuo
1666 4282 1983 4366 dispendio
2018 4282 2239 4348 debeas
2271 4304 2342 4348 ex
2375 4284 2620 4349 iustitia
2645 4285 2777 4349 eius

306 4381 541 4446 crimen
595 4382 908 4447 occultum
958 4386 1196 4448 tacere:
1233 4386 1479 4467 quando
1527 4405 1671 4451 vero
1720 4406 1864 4451 cum
1911 4388 2091 4450 tanto
2131 4389 2243 4451 tuo
2292 4386 2608 4470 dispendio
2655 4408 2776 4453 non

305 4483 598 4549 tenereris
647 4505 717 4549 ex
765 4485 1027 4551 caritate
1076 4487 1274 4552 vitare
1323 4488 1616 4552 damnum
1674 4489 1959 4572 proximi,
2008 4508 2130 4553 non
2178 4490 2404 4554 teneris
2466 4490 2656 4554 etiam
2705 4511 2775 4555 ex

302 4583 546 4651 iustitia
593 4607 734 4652 cum
767 4589 944 4654 tanto
984 4589 1210 4655 damno
1245 4593 1356 4655 tuo
1392 4591 1522 4655 eius
1562 4591 1861 4656 delictum
1913 4591 2227 4658 occultum
2257 4595 2481 4658 tacere.
2518 4594 2772 4659 Iustitia

466 4691 753 4738 anuauu.
779 4716 834 4726 -·
863 4693 1032 4738 Horat.
1061 4693 1212 4737 Temo
1240 4694 1309 4739 11.
2560 4700 2612 4742 51
