3497 5147
685 371 761 425 34
1070 381 1283 422 macr.
1326 383 1379 424 v.
1419 380 1582 423 sacr.
1622 382 1661 423 1.
1700 381 1786 421 ma
1826 352 2199 423 Pnsnonp‘rrs
2237 383 2425 422 rrum.
2464 381 2664 427 CAPUT
2699 385 2791 426 111.
3043 370 3153 446 [53]

680 480 845 544 Nam
883 479 1203 544 silentium
1234 479 1345 543 vel·
1367 478 1622 544 omissio
1656 478 1826 542 illius
1859 479 2049 543 vestis
2083 480 2195 543 aut
2224 479 2388 564 signi
2418 498 2541 544 non
2576 481 2670 543 est
2702 482 2852 544 tunc
2897 481 3150 565 negatio

677 582 838 659 fidei,
874 580 979 646 sed
1011 599 1182 644 mera
1216 580 1470 645 omissio
1504 580 2049 655 manifestationis,
2085 600 2272 661 quam
2319 599 2441 645 non
2490 582 2698 665 potest
2728 582 2885 645 mihi
2924 584 3152 665 praeci—

676 704 819 768 pere
852 685 1218 767 tyrannus..
1262 681 1477 765 Neque
1517 682 1765 747 aliunde
1790 683 1981 747 etiam
1998 682 2249 767 obligat
2272 684 2472 747 virtus
2504 683 2648 748 fidei
2680 684 2752 748 ad
2794 683 2979 748 fidem
3012 703 3151 750 con-

677 785 975 849 fitendam
1007 786 1070 848 et
1108 803 1178 849 eo
1218 784 1399 870 signo
1450 785 2004 857 manifestandamz
2040 785 2187 867 quia
2225 785 2635 871 interrogatio
2684 786 2796 850 illa
2842 787 3148 871 generalis

677 890 801 952 n'on
836 888 968 951 tam
1000 889 1094 951 est
1125 888 1557 971 interrogatiO,
1596 908 1786 969 quam
1833 891 2250 971 praeceptum,
2301 890 2373 952 ut
2419 889 2741 953 christiani
2782 889 3047 971 positive
3085 909 3148 954 se

678 990 963 1073 prodant,
998 990 1074 1051 ut
1103 992 1560 1072 cognoscantur
1591 992 1654 1054 et
1685 990 2059 1073 puniantur:
2094 1009 2217 1071 quo
2250 1009 2397 1055 casu
2439 990 2588 1054 fides
2621 1008 2742 1055 non
2779 991 3039 1075 obligat,
3073 995 3148 1057 ut

679 1093 819 1176 quis
852 1110 916 1155 se
954 1090 1205 1174 prodat3
1240 1094 1402 1155 esset
1452 1092 1616 1156 enim
1662 1093 1725 1155 in
1773 1092 2214 1157 detrimentum
2246 1092 2406 1168 fidei,
2442 1094 2493 1157 si
2533 1093 2795 1174 quilibet
2844 1094 3146 1177 tyrannus

678 1195 956 1278 obligare
1003 1193 1212 1276 posset
1270 1193 1479 1258 fideles
1527 1196 1599 1258 ut
1646 1213 1711 1258 se
1758 1193 2087 1277 proderent
2147 1197 2209 1258 et
2262 1195 2355 1258 ita
2412 1214 2621 1260 omnes
2669 1196 3058 1280 extingueret
3104 1223 3137 1253 »

679 1316 739 1360 n.
793 1295 899 1358 96.
934 1296 968 1333 *

786 1433 951 1485 XXV.
979 1436 1029 1486 6.
1056 1432 1177 1486 Cum
1208 1450 1304 1487 non
1343 1432 1530 1497 rogaris
1568 1436 1628 1486 de
1668 1435 1781 1499 lide,
1814 1448 1907 1486 non
1948 1436 2105 1485 solum
2147 1432 2274 1494 lieet,
2309 1435 2394 1486 sed
2436 1447 2581 1499 saepe
2623 1431 2796 1485 melius
2836 1440 2911 1485 est
2948 1435 3008 1484 ad
3052 1431 3143 1485 Dei

674 1519 913 1570 honorem
952 1524 1000 1570 et
1042 1517 1297 1570 utilitatem
1326 1517 1536 1584 proximi
1563 1525 1730 1581 tegere
1770 1519 1933 1583 fidem,
1959 1532 2102 1583 quam
2143 1516 2310 1570 lateri:
2341 1522 2394 1569 ut
2420 1515 2460 1570 si
2501 1519 2658 1569 latens
2696 1516 2825 1570 inter
2863 1515 3141 1571 haereticos

675 1601 785 1667 plus
826 1599 941 1653 boni
982 1600 1098 1654 lacis
1126 1603 1202 1656 vel
1241 1600 1283 1654 si
1322 1616 1381 1655 ex
1421 1602 1727 1655 cotilessione
1755 1605 1865 1669 plus
1903 1601 2017 1656 mali
2055 1609 2357 1667 sequeretur,
2390 1615 2437 1653 v.
2463 1616 2537 1667 gr.
2568 1601 2799 1663 turbatio,
2824 1615 2985 1659 neces.
3021 1615 3135 1655 exa-

671 1685 891 1739 cerbatio
918 1685 1152 1750 Tyranni,
1185 1685 1453 1752 perieulum
1481 1685 1782 1749 delectionis,
1814 1686 1854 1740 si
1895 1686 2214 1753 torquereris.
2242 1687 2381 1741 Unde
2408 1685 2717 1741 temerarium
2744 1688 3036 1753 plerumque
3062 1694 3133 1739 est

669 1772 851 1822 offerre
886 1784 939 1822 se
981 1773 1124 1822 ultro.
1152 1772 1202 1822 S.
1222 1771 1397 1823 Thotn.
1429 1774 1604 1825 Sancti.
1631 1773 1801 1835 Laym.
1828 1786 1871 1822 c.
1910 1773 1985 1822 tt.
2017 1785 2062 1823 n.
2091 1775 2138 1825 2.

763 1909 885 1982 53.
934 1911 1200 1976 Attende
1246 1912 1554 1996 duplicem
1603 1932 1877 1989 causam,
1927 1933 2036 1976 cur
2092 1913 2400 1995 prohiberi
2447 1914 2656 1996 potest
2699 1913 2970 1996 proditio
3018 1914 3136 1987 sui,

673 2015 806 2078 scil.
857 2014 1174 2097 proprium
1224 2015 1567 2098 periculum
1614 2016 1678 2079 et
1726 2016 1992 2080 aliorum
2040 2014 2355 2078 damnum.

782 2157 970 2209 XXVl.
991 2157 1043 2209 7.
1072 2157 1329 2211 Redimere
1358 2157 1577 2224 pecunia,
1600 2172 1659 2210 ne
1679 2159 1739 2210 de
1769 2164 1848 2210 tua
1877 2158 1972 2209 tide
1999 2158 2081 2208 flat
2108 2155 2375 2222 inquisitio,
2405 2156 2590 2211 licitum
2612 2166 2686 2211 est
2715 2168 2762 2211 et
2789 2174 2935 2225 saepe
2962 2176 3132 2224 magna

674 2239 835 2294 virtus
873 2241 1182 2295 discretionis
1208 2250 1281 2295 est
1310 2242 1458 2295 vitam
1488 2245 1546 2295 acl
1576 2241 1666 2295 Dei
1692 2241 1892 2305 gloriam
1921 2255 2119 2294 servare
2146 2256 2203 2294 ae
2229 2243 2372 2295 fldem
2402 2249 2567 2306 tegere
2593 2243 2753 2297 modis
2781 2244 2941 2298 licitis.

758 2363 881 2439 54.
931 2370 1198 2434 Attende
1232 2371 1557 2435 discrimen
1591 2389 1626 2433 a
1658 2388 1846 2433 causa
1893 2369 2393 2433 libellaticorum.
2429 2370 2590 2433 Nam
2628 2389 2751 2435 non
2784 2372 2858 2435 ut
2889 2390 3011 2436 non
3043 2374 3131 2438 in-

668 2471 1081 2553 quirerentur,
1116 2472 1222 2536 sed
1254 2474 1328 2536 ut
1366 2473 1734 2554 apparerent
1768 2472 1854 2534 rei
1891 2470 2304 2545 idololatriae,
2339 2472 2454 2536 hoc
2486 2471 2812 2536 faciebant.

775 2635 986 2689 XXVll.
1016 2638 1063 2687 8.
1092 2634 1227 2688 Talis
1255 2635 1431 2686 modus
1464 2647 1556 2686 non
1584 2639 1659 2686 est
1687 2631 1758 2685 uti
1786 2630 2021 2699 vestibus,
2050 2639 2135 2685 ant
2160 2630 2313 2696 signis
2350 2630 2635 2696 infidelium,
2663 2647 2789 2698 quae
2815 2633 2962 2688 alium
2992 2648 3132 2687 usum

666 2734 762 2773 non
805 2722 1052 2784 haberent,
1078 2733 1222 2784 quam
1255 2720 1385 2785 quod
1415 2723 1580 2770 essent
1615 2716 1750 2780 signa
1778 2715 2050 2782 protessiva
2096 2720 2242 2770 falsae
2280 2715 2530 2782 religionis
2553 2732 2642 2772 seu
2666 2721 2845 2782 cultuS,
2876 2719 2946 2773 uti
2971 2727 3135 2774 essent

668 2811 847 2867 vesteS,
875 2817 1079 2869 quarum
1107 2817 1227 2856 usus
1266 2809 1340 2855 est
1380 2802 1427 2855 in
1468 2801 1717 2854 sacrifieiis
1756 2802 1871 2854 item
1912 2801 2130 2854 incensio
2170 2801 2329 2854 thuris
2369 2807 2452 2855 aut
2492 2802 2768 2865 genuflexio
2789 2818 2952 2856 coram
2991 2804 3125 2858 idolo

666 2887 782 2941 item
822 2888 1036 2954 sumptio
1074 2901 1254 2941 coenae
1294 2885 1570 2940 haereticae
1609 2893 1701 2939 etc.
1733 2888 1909 2938 Sancti.
1940 2889 1968 2937 l.
1999 2889 2046 2938 9..
2074 2900 2115 2938 e.
2141 2886 2188 2938 4.
2217 2886 2323 2938 Fill.
2353 2889 2382 2938 l.
2406 2901 2448 2939 c.
2473 2901 2517 2938 n.
2536 2887 2622 2938 78.
2645 2901 2778 2952 seqq.
2801 2893 2892 2941 etc.
2915 2902 3088 2940 comm.

753 3007 875 3080 55.
910 3010 1241 3074 Videretur
1277 3008 1787 3093 distinguendum
1825 3009 1986 3072 inter
2019 3008 2177 3083 acta,
2218 3026 2376 3088 quae
2408 3009 2556 3072 sunt
2590 3009 2951 3073 exercitium
2988 3009 3131 3074 falsi

660 3113 890 3184 cultus,
928 3114 1000 3175 ut
1032 3111 1416 3176 thurificatio
1451 3110 1599 3176 idoli
1648 3112 1710 3174 et
1760 3110 1902 3187 alia,
1937 3127 2095 3191 quae
2131 3127 2296 3171 mere
2332 3107 2686 3173 referuntur
2718 3109 2796 3174 ad
2828 3111 3136 3195 significa·

662 3215 898 3278 tionem
931 3215 1136 3277 status
1162 3232 1479 3296 personae.
1507 3212 1718 3276 Prima
1743 3212 1854 3275 illa
1886 3213 2067 3275 erunt
2092 3228 2329 3292 semper
2360 3210 2617 3274 illicita:
2646 3213 2788 3288 alia,
2826 3213 2934 3276 ubi
2958 3213 3134 3279 deest

658 3315 1043 3391 scandalum,
1071 3334 1193 3379 non
1225 3316 1399 3379 item.
1434 3315 1652 3379 Aberit
1676 3316 1890 3379 autem
1927 3312 2305 3390 scandalum,
2347 3314 2400 3376 si
2432 3333 2692 3396 persona
2723 3316 3046 3400 ignoretur
3069 3319 3130 3381 et

659 3418 749 3482 sic
782 3418 1033 3481 habitus
1068 3437 1124 3482 ν.
1165 3437 1260 3502 gr.
1286 3437 1410 3482 non
1443 3417 1561 3481 erit
1594 3417 1843 3502 signum
1875 3415 2252 3480 defectionis
2283 3414 2402 3480 Ubi
2437 3416 2601 3480 enim
2633 3417 2695 3481 te
2717 3436 2897 3482 nemo
2931 3420 3126 3497 novit,

659 3519 907 3604 perinde
933 3520 1051 3585 erit
1088 3521 1143 3584 si
1176 3540 1474 3603 appareas
1506 3539 1648 3584 cum
1680 3521 1843 3582 veste
1878 3517 2112 3580 turcica
2136 3516 2237 3598 (de
2274 3535 2397 3599 quo
2429 3518 2492 3581 in
2519 3537 2633 3581 res,
2663 3521 2819 3602 seq.)
2852 3523 2965 3585 aut
2988 3541 3130 3587 eum

658 3624 828 3687 veste
868 3622 1237 3687 sacerdotali
1270 3622 1534 3696 turcica3
1569 3640 1714 3685 nam
1745 3621 1822 3684 ut
1853 3638 1975 3683 non
2007 3619 2510 3683 scandalizantur
2547 3621 2807 3685 scientes
2840 3624 3131 3689 exsistere

656 3725 1206 3802 mahumedanum,
1242 3725 1335 3789 ita
1368 3743 1479 3788 nec
1510 3723 1771 3787 seientes
1809 3721 2019 3786 adesse
2050 3720 2432 3785 sacerdotem
2463 3722 3011 3790 mahumedanum.

766 3884 1265 3938 xxvltt.9.1.icitus
1285 3892 1447 3937 autem
1472 3884 1645 3935 modus
1665 3883 1964 3946 est‚quando
1986 3881 2155 3932 subest
2175 3894 2319 3932 causa
2336 3881 2410 3946 (ut
2430 3894 2476 3932 v.
2492 3895 2563 3945 gr.
2583 3884 2641 3935 ad
2664 3882 2945 3939 evitandum
2970 3901 3125 3951 grave

655 3967 943 4034 periculum,
971 3970 1031 4021 ad
1060 3968 1373 4021 obtinendam
1402 3965 1679 4027 victoriam,
1708 3962 1981 4018 eludendos
2010 3965 2201 4030 hostes)
2234 3963 2303 4017 uti
2330 3965 2552 4019 vestibus
2576 3975 2626 4021 et
2663 3967 2813 4034 signis
2839 3969 3125 4036 infidelium,

651 4066 778 4118 quae
816 4052 1026 4118 aliquem
1066 4051 1213 4107 alium
1253 4066 1393 4104 usum
1435 4052 1628 4113 liabent,
1658 4062 1803 4114 quani
1831 4050 2135 4114 profitendae
2174 4048 2443 4113 religionis,
2475 4055 2643 4116 quales
2680 4060 2793 4107 sunt
2821 4063 2985 4110 vestes
3014 4057 3129 4111 talis

652 4136 865 4191 nationis
899 4139 1018 4200 (non
1045 4135 1315 4199 religionis)
1343 4135 1519 4200 quibus
1560 4141 1828 4196 uterentur,
1863 4132 1954 4186 etsi
1993 4139 2418 4198 converterentur,
2451 4141 2503 4188 ut
2541 4143 2655 4190 sunt
2695 4145 2861 4194 vestes
2898 4148 2950 4194 et
2987 4141 3124 4208 sigua

653 4220 866 4275 nationis
891 4219 1146 4273 Turcicae.
1174 4221 1318 4286 Quod
1347 4233 1518 4273 verum
1545 4226 1635 4280 est,
1663 4217 1757 4271 etsi
1784 4217 1880 4270 sint
1908 4226 2071 4271 vestes
2096 4217 2316 4285 ipsorum
2344 4219 2706 4286 religiosorum,
2736 4226 3002 4280 dummodo
3028 4242 3123 4281 non

654 4309 866 4360 habeant
893 4305 1138 4373 peculiare
1164 4305 1352 4366 signum
1383 4303 1642 4370 profitendi
1672 4302 1876 4365 erroris,
1910 4306 1994 4355 sed
2035 4302 2130 4356 sint
2169 4310 2353 4357 tantum
2392 4303 2626 4359 indicium
2665 4306 2911 4363 nitidioris
2944 4313 3124 4374 cultus,

650 4397 707 4442 ut
756 4404 868 4453 saga
910 4387 1297 4442 praedicantium
1337 4387 1385 4440 in
1428 4386 1684 4441 Germania
1724 4390 1802 4440 vel
1842 4387 2178 4440 eminentioris
2218 4387 2347 4442 vitae
2392 4387 2521 4443 inter
2560 4405 2692 4456 suoS‚
2726 4400 2779 4445 ut
2818 4399 2959 4458 togae
3000 4397 3123 4450 Bon·

652 4472 838 4524 ziorum
866 4471 914 4523 in
943 4470 1154 4536 laponia.
1185 4474 1300 4524 ltem
1330 4470 1586 4524 dicendum
1612 4477 1687 4525 est
1714 4473 1775 4524 de
1796 4471 1959 4536 signis,
1983 4470 2161 4538 quibus
2185 4472 2347 4526 ludaei
2377 4480 2595 4536 utuntur,
2619 4490 2667 4527 v.
2691 4490 2765 4540 gr.
2788 4479 2917 4531 navo
2942 4482 3123 4535 annulo

651 4557 698 4607 in
729 4555 890 4619 pallio,
914 4554 1216 4609 Franeolurti
1243 4563 1365 4623 etc.;
1393 4555 1506 4623 quia
1536 4560 1655 4610 haec
1680 4563 1796 4610 sunt
1820 4556 1957 4622 signa
1985 4570 2119 4612 mere
2147 4556 2344 4624 politica
2372 4565 2421 4612 et
2448 4557 2731 4613 distinctiva
2755 4559 2900 4617 unias
2926 4565 3123 4629 generis
