3497 5147
321 391 433 467 [75]
826 405 913 445 na
951 405 1393 447 rur-mamam
1429 404 1505 443 m·
1543 404 1729 446 vrrns
1767 404 1940 445 mom
1975 405 2280 447 opposrns
2709 391 2778 444 51

413 506 551 588 Ipse
590 520 774 586 porro
812 502 991 586 Lugo
1021 501 1170 565 ibid.
1204 520 1264 563 n.
1299 502 1359 565 5.
1410 500 1639 565 statuit
1682 501 1842 565 hanc
1887 501 2307 566 definitionem
2352 501 2779 567 infidelitatis:

329 633 365 666 α
396 608 732 671 Peccatum
777 604 1162 669 infidelitatis
1208 622 1316 668 seu
1348 604 1661 686 propriam
1691 603 2127 668 iufidelitatem
2173 622 2502 687 possumus
2533 603 2783 668 definire

322 730 431 795 per
479 709 952 793 oppositionem,
1000 726 1191 789 quam
1221 726 1443 771 nomen
1474 706 1683 788 ipsum
1725 706 2116 771 infidelitatis
2147 706 2494 791 significare
2516 705 2782 785 videtur,

319 833 467 879 cum
514 811 635 876 fide
680 812 743 875 et
788 809 987 874 dicere
1032 808 1191 873 illud
1236 808 1439 873 solum
1494 808 1739 892 proprie
1801 827 1932 873 esse
1987 811 2309 893 peccatum
2377 807 2782 886 infidelitatis

321 914 490 998 quod
535 933 615 976 ex
661 911 890 975 obiecto
937 931 1048 974 suo
1093 911 1187 975 ita
1234 910 1569 993 opponitur
1614 929 1757 975 cum
1787 910 1906 974 fide
1945 910 2196 989 actuali,
2236 912 2310 975 ut
2347 909 2631 992 quandiu
2660 929 2787 973 non

318 1018 725 1087 retractatur,
758 1033 886 1078 non
918 1014 1126 1093 possit
1159 1011 1335 1076 homo
1368 1011 1595 1076 habere
1625 1011 2006 1076 voluntatem
2039 1011 2332 1076 ‘credendi
2360 1033 2502 1076 vero
2548 1015 2612 1076 et
2640 1030 2788 1092 pro-

311 1120 463 1202 prio
505 1121 651 1182 aeia
695 1115 849 1196 fidei
876 1141 938 1180 ».
2083 1110 2092 1131 f
2135 1112 2138 1115 ¹
2471 1132 2490 1147 ⁸

412 1220 575 1286 Hinc
620 1218 1002 1284 consectaria
1049 1237 1120 1282 ex
1165 1217 1379 1281 eodem
1423 1218 1624 1302 Lugo,
1663 1218 1727 1280 1ο
1765 1243 1801 1275 «
1832 1216 2003 1297 Quae
2028 1217 2303 1283 definitio
2335 1236 2456 1282 non
2489 1216 2787 1300 competit

322 1329 388 1394 in
420 1325 637 1411 primis
669 1325 863 1389 errori
893 1324 1277 1408 inculpabili,
1311 1343 1454 1389 cum
1485 1324 1641 1389 illud
1673 1345 1796 1390 non
1828 1326 1913 1389 sit
1944 1328 2284 1408 peccatum.

504 1430 575 1494 20
613 1453 648 1486 «
680 1427 809 1492 Neo
841 1427 1031 1492 etiam
1079 1428 1271 1493 errori
1306 1426 1623 1510 culpabili,
1657 1428 2042 1511 provenienti
2073 1447 2143 1492 ex
2189 1428 2544 1513 ignorantia
2574 1426 2787 1509 culpa-

324 1532 463 1608 bili3
498 1551 641 1597 cum
665 1530 783 1595 hoc
805 1531 971 1594 enim
994 1530 1159 1594 stare
1191 1531 1399 1613 potest
1430 1529 1632 1596 adhuc
1664 1531 1958 1596 voluntas
1990 1530 2272 1595 credendi
2309 1531 2465 1594 alios
2491 1529 2787 1593 articulos

323 1635 702 1701 sufficienter
750 1632 1122 1716 propositoS,
1171 1651 1437 1715 quorum
1482 1652 1605 1698 non
1654 1633 1738 1697 sit
1783 1632 2139 1717 ignorantia
2187 1634 2250 1696 et
2299 1632 2461 1695 ratio
2493 1631 2605 1709 est,
2641 1630 2787 1711 quia

326 1738 619 1803 voluntas
664 1736 774 1800 illa
819 1736 967 1799 licet
1013 1735 1098 1799 sit
1155 1735 1598 1819 peccaminosa,
1648 1754 1772 1800 non
1820 1738 1915 1799 est
1961 1737 2170 1799 tamen
2239 1733 2461 1797 nolitio
2510 1731 2789 1795 credendi

326 1842 549 1905 contra
571 1836 753 1902 fidem
782 1836 1160 1902 sufficienter
1204 1833 1543 1920 proposita,
1578 1836 1685 1901 sed
1722 1837 1926 1902 solum
1973 1836 2263 1901 voluntas
2300 1852 2422 1899 non
2462 1831 2790 1897 adhibendi

330 1941 722 2026 diligentiam
766 1939 1056 2018 debitam,
1092 1941 1165 2004 ut
1202 1931 1578 2017 sufficienter
1623 1939 1774 2004 fides
1819 1940 2222 2023 proponatur.
2271 1936 2475 2017 Quare
2505 1954 2647 1999 cum
2678 1934 2790 1998 illa

331 2041 661 2107 voluntate
684 2043 894 2124 potest
940 2042 1107 2106 stare
1154 2041 1306 2106 fides
1341 2040 1590 2119 articuli
1622 2042 2001 2106 sufficienter
2032 2041 2352 2125 propositi,
2388 2040 2536 2122 quia
2567 2039 2790 2122 duplex

327 2143 438 2209 illa
466 2143 758 2208 voluntas
807 2163 929 2209 non
964 2143 1297 2227 opponitur
1334 2136 1404 2207 dx
1436 2146 1611 2227 parte
1645 2144 1870 2209 obiecti
1907 2144 2088 2210 voliti
2111 2168 2172 2207 ».
2207 2142 2532 2209 Consentit
2563 2142 2788 2207 Suarez

327 2246 503 2329 Disp.
543 2246 646 2310 15.
686 2247 834 2310 sect.
876 2247 937 2309 2.
971 2266 1031 2309 n.
1068 2247 1129 2310 8.
1358 2243 1445 2333 371

508 2348 580 2410 3⁰
618 2372 653 2407 «
677 2346 980 2412 Similiter
1025 2367 1147 2413 non
1192 2350 1371 2461 essetff
1393 2344 1735 2414 infidelitas
1775 2349 2019 2433 proprie
2060 2328 2314 2434 negatio
2352 2352 2602 2414 externa
2648 2346 2790 2411 fidei

328 2453 460 2516 sine
493 2450 826 2534 negatione
858 2450 1102 2515 interna
1135 2453 1247 2515 aut
1278 2446 1586 2535 permmio
1621 2452 1815 2516 etiam
1848 2452 2114 2516 aliorum
2151 2453 2215 2517 et
2251 2452 2528 2516 inductio
2567 2450 2644 2514 ad
2680 2448 2793 2514 fal-

326 2573 463 2619 sam
488 2555 744 2630 sectam,
785 2554 918 2619 sine
949 2552 1229 2619 dissensu
1264 2555 1508 2621 interno
1532 2556 1750 2620 contra
1781 2554 1997 2633 fidem;
2049 2555 2195 2638 quia
2225 2554 2376 2620 haec
2409 2552 2615 2619 omnia
2645 2552 2791 2618 licet

332 2657 459 2721 sint
493 2658 747 2740 peccata
779 2657 1151 2741 gravissima
1186 2659 1399 2722 contra
1432 2657 1634 2736 fidem,
1674 2677 1797 2723 non
1837 2663 2234 2742 opponuntur
2265 2678 2335 2723 ex
2367 2659 2542 2741 parte
2568 2655 2791 2723 obiecti

332 2778 478 2823 cum
509 2762 653 2825 actu
684 2758 828 2824 fidei
858 2759 1105 2824 interno
1139 2785 1200 2823 ».
1234 2759 1412 2844 Lugo
1444 2760 1592 2825 ibid.
1627 2783 1687 2825 n.
1722 2765 1783 2825 5.

510 2862 582 2922 4⁰
620 2885 657 2920 «
688 2859 954 2940 Quando
1003 2861 1214 2927 autem
1259 2862 1446 2926 datur
1492 2862 1805 2928 dissensus
1845 2864 2123 2929 internus
2170 2866 2386 2928 contra
2432 2861 2617 2926 fidem
2661 2879 2794 2945 pec—

330 2964 708 3036 caminosus,
742 2965 892 3029 tunc
928 2963 1116 3029 datur
1150 2982 1299 3029 vera
1346 2967 1409 3028 et
1454 2966 1705 3048 propria
1750 2965 2104 3044 infidelitaS,
2155 2966 2284 3030 sive
2329 2965 2641 3030 dissensus
2687 2963 2793 3028 ille

331 3067 415 3132 sit
451 3068 673 3133 contra
702 3066 819 3131 Dei
848 3066 1253 3132 veracitatem
1283 3068 1415 3132 sive
1461 3070 1677 3133 contra
1722 3069 2165 3134 revelationem
2210 3069 2339 3134 sive
2386 3068 2601 3133 contra
2650 3065 2795 3129 arti—

329 3169 547 3234 culum
584 3168 966 3246 revelatum3
1002 3189 1145 3233 cum
1190 3169 1306 3234 hac
1336 3171 1501 3236 enim
1548 3172 1875 3237 voluntate
1919 3171 2184 3256 negandi
2233 3174 2344 3236 aut
2390 3171 2462 3235 de
2508 3170 2585 3234 iis
2622 3167 2795 3232 dubi-

330 3272 530 3346 tandi,
580 3272 700 3337 nisi
744 3274 1137 3349 retractetur,
1186 3293 1311 3337 non
1356 3276 1565 3358 potest
1609 3277 1777 3340 stare
1821 3276 2114 3340 voluntas
2161 3275 2442 3340 credendi
2490 3274 2633 3338 actu
2666 3290 2797 3355 per-

329 3373 496 3440 fecto
530 3373 673 3439 fidei
703 3398 765 3436 ».
798 3374 976 3458 Lugo
1008 3374 1157 3439 ibid.

541 3477 611 3539 5⁰
665 3501 699 3532 «
732 3475 1012 3557 Denique
1055 3495 1252 3559 neque
1301 3479 1592 3543 voluntas
1662 3479 1939 3563 graviter
2005 3481 2451 3563 peccaminosa,
2510 3498 2634 3561 qua
2691 3476 2800 3541 ali-

334 3578 478 3660 quis
525 3577 723 3643 nollet
767 3578 833 3642 in
876 3579 1237 3644 universum
1272 3579 1458 3645 fidem
1505 3581 1718 3646 audire
1763 3582 2168 3647 christianam
2213 3601 2411 3665 neque
2459 3581 2648 3645 etiam
2696 3578 2798 3642 do—

339 3681 694 3757 ctrinam...‚
740 3680 889 3745 licet
932 3681 1020 3746 sit
1064 3684 1387 3765 peccatum
1433 3671 1625 3768 grate
1672 3685 1889 3748 contra
1968 3683 2170 3762 fidem,
2221 3702 2379 3765 quae
2427 3701 2548 3747 non
2595 3680 2801 3746 solum

345 3783 582 3868 obligat
630 3782 707 3849 ad
754 3801 1077 3849 assensum
1124 3785 1230 3851 sed
1260 3786 1454 3852 etiam
1488 3787 1565 3850 ad
1600 3785 1886 3850 auditum
1931 3785 2392 3871 praestandum,
2433 3803 2556 3849 non
2587 3786 2796 3848 tamen

338 3885 585 3953 videtur
632 3885 961 3951 dicendum
991 3903 1122 3953 esse
1158 3890 1478 3973 proprium
1502 3890 1826 3973 peccatum
1862 3889 2284 3966 infidelitatis;
2325 3889 2472 3972 quia
2502 3885 2796 3953 nimirum

338 3994 632 4060 voluntas
662 3993 773 4057 illa
807 4012 931 4058 non
973 3998 1285 4080 repugnat
1317 4016 1389 4061 ex
1420 4000 1597 4081 parte
1636 3998 1861 4063 obiecti
1899 4017 2041 4062 cum
2074 3998 2396 4062 voluntate
2429 3996 2795 4062 credendi».

339 4096 496 4162 [bid.
536 4116 597 4161 n.
633 4095 694 4158 6.

425 4199 613 4265 Proh.
668 4200 736 4262 1⁰
790 4223 824 4257 «
862 4201 1009 4282 quia
1056 4220 1197 4265 cum
1245 4202 1571 4268 voluntate
1616 4204 1727 4268 illa
1775 4225 1895 4270 non
1951 4205 2300 4288 inquirendi
2359 4223 2570 4268 veram
2615 4202 2800 4268 fidem

341 4321 449 4367 nec
494 4300 786 4366 audiendi
831 4302 1010 4367 illam
1057 4305 1264 4386 potest
1332 4307 1499 4369 stare
1546 4306 1736 4371 simul
1783 4308 2074 4373 voluntas
2144 4305 2357 4372 efficax
2403 4305 2685 4370 credendi
2729 4297 2802 4369 il·

340 4403 467 4468 lam
512 4403 889 4479 firmissime,
935 4404 1180 4487 quoties
1226 4406 1578 4471 sufficenter
1622 4410 1942 4492 proposita
1988 4409 2112 4488 sit3
2163 4427 2320 4491 quae
2367 4408 2659 4472 voluntas
2706 4406 2802 4471 est

344 4508 519 4572 actus
566 4506 813 4574 elicitus
858 4508 996 4591 piae
1042 4507 1383 4574 affectionis
1429 4512 1495 4574 et
1538 4510 1728 4576 habet
1774 4532 1885 4596 pro
1933 4513 2168 4577 motivo
2216 4511 2464 4577 formali
2511 4511 2801 4575 honesta-

349 4612 473 4675 tem
518 4610 696 4676 fidei:
746 4629 936 4693 quare
984 4611 1277 4676 voluntas
1315 4631 1387 4677 ex
1419 4614 1595 4697 parte
1634 4634 1747 4679 sua
1781 4616 2180 4698 amplectitur
2216 4614 2606 4680 honestatem
2637 4609 2800 4680 fidei,
