3497 5147
687 350 756 401 74
935 360 1148 400 maor.
1189 361 1245 400 v.
1286 359 1450 401 sacr.
1486 359 1528 399 1.
1565 360 1652 399 nn
1688 358 2064 401 Pnancmrs
2101 360 2293 403 mum.
2329 360 2466 401 ost.
2503 361 2586 402 1v.
2626 359 2769 402 nnn.
2808 360 2898 400 111.
3009 345 3155 422 [ΠΒ]

686 458 980 523 naturam
1024 456 1312 521 deificant
1359 457 1547 538 atque
1591 456 1764 521 athei
1807 476 1916 522 seu
1951 456 2351 538 panthcistae
2394 459 2544 524 sunt
2578 460 2642 522 et
2674 476 2890 523 eorum
2922 459 3153 525 crimen

686 560 1218 625 evidentissimum
1264 561 1391 623 est:
1443 561 1529 622 2¹¹¹
1577 563 1672 624 est
1718 579 1955 637 eorum,
2003 561 2111 642 qui
2154 562 2356 645 legem
2395 561 2509 625 Dei
2555 560 2909 626 naturalem
2955 563 3146 643 atque

683 665 999 727 aeternam
1020 662 1329 745 recipiunt
1344 663 1598 744 Deoque
1621 663 1877 744 eiusque
1895 663 2209 727 voluntati
2233 683 2297 728 se
2322 663 2687 729 submittere
2711 681 2836 728 non
2859 664 3152 737 renuunt,

678 765 1013 829 dummodo
1061 765 1212 829 haec
1259 764 1552 829 voluntas
1584 764 1860 829 naturali
1893 765 2098 843 modo,
2135 784 2249 848 ope
2286 784 2505 849 nempe
2534 764 2819 842 rationis,
2854 784 2919 829 se
2949 767 3153 830 mani-

680 867 890 943 festet3
926 866 1109 931 aliter
1131 868 1296 931 enim
1332 886 1396 931 se
1428 867 1857 931 manifestanti
1888 868 2121 951 negant
2152 887 2215 932 se
2247 886 2428 951 posse
2453 868 2752 933 subiicere
2778 868 2908 933 sive
2939 868 3154 933 huius-

679 971 851 1035 modi
880 968 1404 1034 manifestationis
1430 971 1662 1053 negant
1686 970 2168 1052 possibilitatem
2192 972 2291 1035 vel
2314 970 2843 1035 convenientiam:
2876 969 2944 1034 hi
2967 989 3153 1052 porro

682 1072 1123 1138 rationalistae
1154 1073 1437 1151 audiunt,
1470 1074 1940 1157 impugnatores
1972 1073 2220 1155 superbi
2252 1072 2483 1138 ordinis
2520 1073 3038 1155 supernaturalia,
3063 1093 3156 1137 re-

684 1176 1015 1241 velationis
1060 1176 1437 1239 christianae
1483 1177 1546 1239 et
1592 1173 1902 1239 Ecclesiae
1933 1176 2068 1251 Dei,
2110 1195 2377 1257 quorum
2423 1175 2675 1253 crimen,
2723 1174 2781 1239 si
2827 1174 3152 1240 christiani

688 1281 855 1355 sunt,
903 1280 997 1342 est
1044 1276 1362 1361 plenitudo
1408 1277 1678 1341 haeresis
1725 1279 1791 1341 et
1836 1279 2221 1360 apostasiae:
2261 1279 2347 1341 3¹¹²
2380 1296 2576 1362 genus
2623 1278 2718 1342 est
2757 1295 2994 1354 eorum,
3043 1277 3152 1358 qui

690 1381 967 1446 ordinem
1002 1379 1538 1462 supernaturalem
1584 1381 1647 1443 et
1690 1379 2032 1445 Ecclesiam
2078 1379 2310 1445 Christi
2335 1400 2420 1445 se
2467 1380 2710 1444 credere
2755 1379 3036 1445 fatentur
3081 1398 3155 1444 ac

689 1485 857 1568 leges
901 1483 1204 1566 positivas
1250 1483 1385 1558 Dei,
1433 1500 1590 1562 quas
1635 1481 1910 1547 Ecclesia
1955 1484 2266 1565 proponit,
2315 1483 2512 1566 ipsius
2559 1501 2806 1565 quoque
2844 1482 3154 1546 Ecclesiae

688 1587 858 1670 leges
887 1604 1172 1650 normam
1203 1604 1333 1649 esse
1364 1583 1706 1648 concedunt
1728 1585 2011 1667 privatae
2026 1585 2195 1650 vitae
2226 1584 2637 1668 singulorum,
2667 1586 2736 1649 at
2769 1583 3154 1648 contendunt

687 1690 922 1771 pariter
950 1688 1029 1752 iis
1059 1707 1181 1752 non
1213 1687 1410 1751 teneri
1442 1687 1885 1751 auctoritatem
1917 1687 2163 1752 civilem
2195 1706 2306 1750 seu
2338 1685 2606 1760 Statum,
2621 1688 2842 1769 utpote
2863 1686 3156 1770 indepen-

687 1792 934 1856 dentem
970 1810 1223 1874 prorsus
1255 1791 1334 1853 ab
1370 1789 1678 1854 Ecclesiae
1715 1789 2133 1855 moderamine
2165 1791 2228 1853 et
2274 1789 2625 1854 directione.
2657 1789 2744 1852 Hi
2791 1788 3156 1871 simpliciter

690 1892 983 1957 liberales
1014 1893 1406 1975 appellantur
1438 1892 1626 1973 atque
1659 1893 1866 1956 aetate
1911 1894 2126 1956 nostra
2157 1892 2272 1956 sub
2302 1892 2420 1956 hoc
2455 1891 2703 1956 nomine
2733 1890 3154 1955 innotescunt.

688 1994 954 2060 Constat
997 1995 1309 2071 historice,
1358 1994 1524 2075 quod
1570 1994 1679 2074 qui
1734 1995 1894 2058 hanc
1938 1994 2310 2076 profitentur
2368 1993 2733 2071 doctrinam,
2784 2012 2926 2059 raro
2971 1993 3035 2057 in
3082 2010 3157 2056 ea

687 2097 941 2174 sistunt,
990 2096 1096 2159 sed
1144 2096 1221 2158 ad
1283 2094 1787 2158 rationalismum
1844 2097 1908 2159 et
1964 2095 2340 2159 atheismum
2388 2114 2498 2160 seu
2552 2096 3036 2179 pantheismum,
3081 2096 3157 2158 ut

688 2218 953 2283 pronum
991 2199 1104 2273 est,
1138 2197 1470 2260 labuntur:
1512 2215 1634 2277 quo
1665 2195 1904 2261 factum
1938 2199 2052 2273 est,
2086 2198 2160 2262 ut
2191 2199 2306 2262 sub
2344 2196 2720 2263 liberali-emi
2749 2198 2998 2263 nomine
3027 2216 3158 2261 om·

688 2302 865 2365 nium
896 2299 1254 2363 huiusmodi
1285 2317 1563 2363 errorum
1595 2298 1894 2380 professio
1927 2300 2544 2382 comprehenderetur
2566 2299 2654 2381 (v.
2682 2300 3052 2383 opusculum
3087 2296 3158 2362 Il

691 2401 1075 2466 liberalis-mo
1106 2408 1137 2465 ὲ
1155 2403 1465 2484 peccato):
1500 2420 1717 2466 verum
1747 2402 1906 2465 nihil
1937 2402 2214 2485 impedit,
2241 2404 2595 2486 quominus,
2621 2403 3002 2487 speculative
3023 2422 3155 2467 rem

689 2507 1053 2582 tractanteS,
1080 2525 1307 2588 purum
1340 2507 1406 2571 et
1436 2504 1779 2586 simplicem
1801 2504 2253 2570 liberalismum
2284 2505 2737 2571 consideremus
2768 2506 2833 2570 et
2865 2505 2997 2571 61113
3030 2522 3157 2571 ma·-

690 2611 894 2674 litiam
934 2610 1403 2692 investigemus.

782 2713 1001 2793 Itaque
1049 2711 1573 2776 consentientibus
1618 2713 1715 2789 iis,
1767 2712 1875 2793 qui
1922 2711 1995 2776 de
2042 2712 2157 2777 hoc
2204 2712 2573 2796 argumento
2627 2711 3026 2794 scripserunt,
3074 2709 3149 2773 cf.

692 2819 759 2881 P.
801 2818 1053 2882 Villada
1109 2816 1311 2881 Casus
1355 2820 1767 2882 conscientiae
1800 2840 1858 2901 p.
1897 2820 1955 2882 1.
1996 2838 2047 2882 0.
2087 2819 2141 2882 1.
2184 2838 2369 2904 pagg.
2414 2819 2517 2883 10.
2562 2820 2686 2894 11.,
2736 2817 3154 2882 liberalismus

689 2922 786 2985 est
830 2922 1103 3006 systema
1142 2921 1805 3006 politico-religiosum,
1846 2922 2012 3004 quod
2058 2922 2306 3004 plenam
2351 2920 2888 3004 independentiam
2934 2919 3155 2986 Statim

690 3026 768 3088 ab
814 3025 1087 3089 Ecclesia
1132 3028 1231 3088 vel
1278 3024 1599 3108 Religione
1636 3025 1985 3107 profitetur.
2022 3024 2309 3107 System
2344 3024 2605 3103 dicitur;
2641 3026 2736 3090 cst
2782 3025 2949 3089 enim
2991 3042 3156 3089 com·

687 3128 888 3210 plexio
923 3127 1196 3209 plurium
1227 3127 1670 3202 doctrinarum,
1706 3147 1865 3209 quae
1898 3129 2105 3191 tamen
2138 3128 2236 3191 vel
2268 3146 2341 3192 eo
2373 3129 2658 3209 spectant
2704 3128 2779 3191 ut
2805 3126 2959 3192 11ωο
2989 3124 3154 3191 inde·

688 3228 1018 3311 pendentia
1048 3228 1231 3293 modo
1265 3230 1597 3313 angustius
1645 3249 1716 3293 ex
1765 3231 1961 3312 parte,
1997 3229 2182 3293 modo
2222 3230 2463 3312 plenius
2511 3248 2597 3295 ex*
2630 3230 2770 3295 toto
2818 3230 3150 3303 asseratur,

689 3332 788 3394 vel
834 3331 912 3394 ab
960 3332 1271 3396 affirmata
1317 3332 1785 3415 independentia
1818 3333 1935 3395 hac
1965 3335 2183 3415 sponte
2230 3332 2572 3397 dimanant.
2605 3330 3155 3412 Politice-reliyio-

691 3453 869 3510 sum‚·
916 3436 1201 3498 versatur
1247 3435 1408 3498 enim
1471 3436 1632 3498 circa
1687 3435 2042 3510 relationeS,
2091 3454 2267 3517 quas,
2317 3454 2439 3500 non
2494 3435 2759 3516 quilibet
2817 3431 3155 3518 singularis

690 3539 898 3615 homo,
939 3539 1042 3602 sed
1072 3539 1352 3603 homines
1384 3540 1630 3604 civilem
1662 3538 2024 3603 societatem
2058 3540 2507 3605 constituentes
2538 3539 2801 3622 ideoque
2823 3538 3028 3604 civilis
3051 3556 3154 3602 so-

691 3642 883 3706 cietas
914 3661 1043 3716 seu,
1078 3644 1152 3706 ut
1197 3642 1442 3720 dicitur,
1480 3641 1697 3705 Status
1743 3642 1975 3706 habent
2021 3644 2118 3706 vel
2164 3643 2387 3729 habere
2424 3642 2646 3707 debent
2691 3662 2835 3707 cum
2879 3640 3154 3706 Ecclesia

691 3764 797 3808 seu
848 3745 1188 3830 Religione.
1241 3744 1514 3808 Plenam
1564 3743 2168 3824 independentiam...
2204 3744 2586 3824 profitetur:
2632 3747 2801 3809 certa
2846 3742 3149 3828 quaedam

690 3847 1160 3930 independentia
1193 3848 1409 3928 utique
1443 3848 1741 3930 competit
1779 3846 1990 3910 Statui
2023 3848 2101 3910 ab
2136 3847 2443 3923 Ecclesia;
2479 3848 2547 3910 at
2577 3847 2823 3930 plenam
2862 3846 3154 3929 indepen-

690 3949 964 4014 dentiam
1012 3948 1223 4013 Statui
1272 3967 1539 4012 asserere
1583 3949 1905 4031 proprium
1951 3951 2046 4012 est
2089 3948 2473 4024 liberalismi,
2508 3968 2666 4030 quae
2711 3950 2836 4014 huc
2862 3948 3042 4025 redit,
3076 3948 3152 4010 ut

690 4054 896 4116 status
929 4071 993 4114 se
1023 4051 1204 4133 regat
1232 4051 1405 4114 nullo
1443 4050 1659 4113 habito
1694 4050 1771 4113 ad
1810 4050 2147 4116 Ecclesiam
2187 4051 2284 4116 vel
2316 4051 2706 4136 Religionem
2748 4053 3034 4135 respectu
3080 4068 3152 4116 ac

689 4155 744 4218 si
789 4175 860 4217 ea
907 4172 1027 4216 non
1076 4151 1396 4214 exsisteret
1441 4151 1715 4235 (Encycl.
1777 4152 2029 4232 Quanta
2073 4154 2275 4236 cura),
2322 4154 2499 4219 nulla
2545 4154 2796 4237 proinde
2842 4153 3156 4218 Ecclesiae

691 4254 1066 4318 admittatur
1095 4253 1439 4317 auctoritas
1471 4254 1534 4316 in
1566 4253 1795 4318 iudicio
1827 4254 2075 4320 ferendo
2107 4254 2181 4319 de
2213 4256 2310 4332 iis,
2344 4276 2504 4339 quae
2552 4278 2588 4321 a
2628 4255 2816 4323 Statu
2846 4256 3011 4322 fiunt
3055 4255 3152 4319 vel

689 4356 1140 4440 permittuntur
1187 4354 1318 4418 fieri
1365 4357 1429 4419 et
1473 4357 1538 4418 in
1586 4355 1969 4440 obligatione
2014 4358 2144 4422 ulla
2199 4359 2569 4442 imponenda
2616 4360 2814 4425 statui
2860 4358 3024 4425 eirca
3059 4375 3151 4435 ea,

690 4476 847 4539 quae
878 4456 1061 4520 finem
1093 4456 1291 4539 ipsius
1323 4457 1629 4522 Ecclesiae
1666 4459 1921 4541 eiusque
1944 4461 2362 4526 ministerium
2393 4462 2738 4546 attingunt,
2770 4461 2965 4526 etiam
2994 4460 3156 4526 circa

692 4576 783 4635 ea,
818 4577 977 4640 quae
1025 4560 1102 4622 ab
1141 4558 1414 4624 Ecclesia
1462 4562 1536 4626 ut
1578 4561 1873 4647 religiosa
1904 4562 2212 4628 habentur
2243 4565 2488 4647 sibique
2534 4564 2783 4646 proprio
2815 4563 2949 4628 iure
2995 4581 3156 4627 com-
