3497 5147
697 363 803 415 296
912 375 1122 415 mser.
1152 376 1229 415 vr.
1258 374 1417 415 secr.
1448 376 1484 414 1.
1517 375 1601 413 mn
1625 374 1817 415 ramo
1842 374 2060 416 resno.
2092 374 2419 416 omanoor.
2447 372 2579 415 GAP.
2609 375 2674 414 11.
2702 375 2843 415 Due,
2872 374 2935 414 11.
3017 361 3160 437 [400]

699 472 905 536 causis
937 472 1117 536 debet
1162 471 1297 535 fieri
1332 472 1560 535 iterata
1608 472 2007 537 consecratio.
2035 470 2099 535 Si
2132 491 2277 537 vero
2325 472 2514 536 fuerit
2561 471 2958 548 adulterium,
2986 471 3165 536 debet

695 574 831 638 fieri
878 575 1363 640 reconciliatiO...
1400 600 1461 638 ».

788 677 978 740 Porro
1018 676 1418 741 manifestum
1465 680 1578 753 est,
1621 676 1950 741 secundam
1998 678 2157 740 hanc
2194 676 2649 741 conclusionem
2689 696 2809 739 non
2859 676 3161 740 contradi-

693 798 825 842 cere
858 779 1067 861 priori,
1104 779 1209 841 sed
1258 779 1513 842 eandem
1547 798 1676 843 esse
1723 780 2208 843 controversiam
2258 798 2330 844 ac
2375 798 2565 861 supra
2612 778 2881 843 vidimus
2931 779 3158 862 agitari

692 882 770 944 ab
818 882 1157 957 Hostiensi,
1210 882 1298 944 10.
1348 881 1614 954 Andrea,
1662 881 2031 946 Ancharano
2080 884 2194 945 etc.
2244 881 2317 945 de
2376 882 2742 945 necessitate
2802 881 3160 945 reconcilia-

690 985 881 1048 tionis
927 987 991 1049 et
1019 984 1224 1048 solum
1270 985 1384 1049 hoc
1432 984 1758 1048 intercedit
1787 983 2133 1059 discrimen,
2168 983 2332 1065 quod
2380 983 2473 1047 illi
2520 986 2817 1046 excusent
2843 1003 2886 1045 a
2905 987 3157 1062 peccato

688 1087 763 1149 ob
812 1088 1252 1161 necessitatem,
1294 1087 1583 1151 Halensis
1632 1106 1776 1151 vero
1825 1106 1899 1149 ne
1933 1086 2046 1149 hoc
2094 1086 2341 1167 quidem
2392 1086 2708 1150 admittat.

783 1188 1299 1253 Salmanticenses
1366 1190 1603 1253 addunt
1668 1188 2136 1251 Emmanuelem
2198 1186 2277 1250 Sa
2326 1188 2402 1251 V.
2453 1186 2741 1251 Ecclesia
2803 1208 2860 1250 n.
2917 1188 3021 1249 14.
3070 1189 3159 1252 sic

691 1291 1001 1355 aientem:
1058 1318 1091 1349 «
1130 1292 1474 1372 (Polluitur
1520 1292 1802 1372 ecclesia)
1850 1291 2114 1354 secundo
2163 1290 2455 1355 effusione
2503 1290 2860 1353 voluntaria
2907 1290 3159 1353 seminis

690 1394 805 1456 viri
858 1394 954 1457 vel
999 1393 1282 1471 feminae,
1332 1394 1386 1458 si
1432 1394 1545 1457 fiat
1592 1413 1735 1457 cum
1783 1395 2031 1473 peccato
2082 1392 2334 1456 mortali
2374 1416 2433 1455 >›.
2485 1392 2613 1473 Ipsi
2662 1393 2872 1455 autem
2921 1391 3159 1455 addunt

687 1495 1020 1559 minorem:
1050 1497 1225 1577 atqui
1258 1497 1479 1577 copula
1512 1495 1820 1560 maritalis
1852 1495 1914 1557 in
1948 1494 2199 1557 ecclesia
2234 1513 2353 1558 non
2380 1496 2474 1557 est
2505 1494 2828 1575 peccatum
2867 1495 3153 1558 mortale.

687 1596 873 1681 Ergo.
924 1596 1039 1662 Sed
1086 1598 1195 1661 illa
1246 1599 1453 1661 minor
1498 1617 1619 1662 non
1669 1599 1764 1661 est
1811 1594 1912 1672 Sa,
1963 1596 2067 1660 sed
2116 1594 2721 1673 Salmanticensium‚
2772 1596 2882 1676 qui
2929 1595 3154 1660 idcirco

685 1704 1045 1782 supponunt
1093 1701 1258 1781 quod
1306 1703 1402 1764 est
1449 1701 1511 1763 in
1558 1699 1940 1781 quaestione.

776 1801 1007 1868 Contra
1056 1804 1424 1867 Emmanuel
1472 1803 1550 1866 Sa
1600 1803 1676 1865 ad
1710 1802 1786 1864 V.
1821 1800 2120 1863 Debitum
2165 1800 2490 1881 coniuqale
2537 1821 2596 1864 n.
2643 1802 2743 1864 12.
2796 1802 3152 1883 oppositum

682 1905 860 1969 dicit:
897 1932 929 1961 «
956 1904 1259 1987 Copulam
1294 1906 1355 1968 in
1386 1906 1521 1969 loco
1560 1923 1733 1967 sacro
1767 1903 2030 1966 mortale
2062 1921 2191 1966 esse
2223 1903 2562 1984 peecatum,
2598 1903 2788 1967 etiam
2820 1903 3150 1981 reddentia,

683 2007 937 2087 quidam
980 2007 1155 2070 aiunt
1187 2007 1379 2087 (sicut
1425 2007 1774 2087 Halensis):
1817 2025 1929 2088 ego
1980 2005 2170 2068 etiam
2219 2005 2579 2086 petitionem
2627 2004 2778 2086 puto
2814 2004 3148 2086 aliquando

680 2126 857 2189 posse
892 2127 927 2170 a
960 2108 1211 2172 mortali
1247 2109 1541 2181 excusari,
1579 2112 1650 2171 ut
1682 2108 1733 2171 si
1768 2107 1886 2187 siat
1914 2108 2002 2171 ad
2030 2105 2356 2169 vitandum
2384 2107 2627 2184 peccati
2647 2106 3006 2184 periculum
3035 2111 3144 2171 aut

681 2210 803 2273 alia
843 2211 1011 2274 iusta
1036 2230 1222 2274 causa
1262 2240 1321 2273 ».
1358 2212 1521 2294 Ergo
1556 2211 1924 2275 Emmanuel
1957 2212 2037 2276 Sa
2071 2209 2330 2291 requirit
2370 2210 2818 2273 necessitatem.

769 2308 953 2381 400.
988 2313 1189 2375 Diana
1223 2316 1373 2377 tom.
1412 2314 1459 2376 1.
1494 2316 1646 2375 trac.
1680 2314 1735 2375 7.
1773 2313 1952 2376 resol.
1990 2314 2093 2375 85.
2123 2333 2180 2374 n.
2209 2312 2269 2375 4.
2298 2312 2369 2374 de
2403 2311 2517 2374 hac
2551 2312 2832 2375 doctrina
2865 2312 3146 2394 loquen3‚

679 2414 828 2477 dicit
860 2415 1141 2479 Lessium
1176 2416 1281 2479 lib.
1324 2418 1383 2478 4.
1419 2435 1551 2498 cap.
1588 2416 1647 2477 3.
1686 2436 1741 2476 11.
1781 2416 1885 2477 86.
1922 2434 2057 2477 eam
2092 2414 2312 2477 referre
2346 2416 2408 2477 et
2448 2434 2575 2476 non
2621 2414 2993 2493 infflrobare.
3031 2415 3148 2480 Sed

620 2605 625 2610 ἡ
681 2518 911 2584 falsum
944 2524 1055 2598 est,
1093 2541 1227 2586 eam
1263 2523 1543 2586 Lessium
1578 2540 1699 2586 non
1736 2521 2146 2602 improbasse;
2189 2539 2332 2584 nam
2374 2539 2515 2586 mox
2549 2521 2898 2603 oppositam
2934 2524 3149 2588 tuetur

680 2629 741 2689 et
782 2628 971 2691 aliam
1004 2631 1306 2694 confutat.

768 2732 877 2794 Est
911 2735 1137 2806 tamen,
1177 2733 1343 2814 quod
1377 2734 1438 2795 et
1471 2733 1532 2795 in
1566 2731 1776 2795 Lessio
1805 2750 1924 2794 non
1975 2730 2234 2812 placeat.
2269 2730 2434 2794 Nam
2469 2730 2510 2793 l.
2548 2751 2598 2794 0.
2635 2732 2803 2808 dicit,
2831 2733 3008 2798 illam
3044 2734 3146 2799 do·

673 2832 937 2894 ctrinam
970 2834 1273 2897 insinuari
1308 2854 1342 2896 a
1380 2833 1701 2898 Dominico
1727 2833 1876 2896 Soto
1913 2833 1972 2895 in
2007 2835 2067 2894 4.
2105 2833 2247 2896 dist.
2278 2835 2384 2895 32.
2426 2835 2542 2896 art.
2571 2834 2632 2895 3.
2659 2834 2775 2898 col.
2805 2837 3044 2917 penult.
3081 2841 3144 2901 et

672 2933 748 2996 ab
798 2934 1026 3016 Angles
1084 2934 1307 2998 Flores
1354 2935 1427 2998 de
1480 2936 1849 2998 Matrimon.
1885 2955 2026 3018 pag.
2063 2937 2235 3012 313„
2277 2936 2408 3000 scil.
2457 2936 2520 2998 in
2567 2936 2630 2998 4.
2679 2937 2846 3001 Sent.
2892 2941 3053 3020 part.
3089 2941 3138 3004 1.

672 3055 815 3118 pag.
852 3039 1001 3100 313.
1040 3038 1187 3100 314.

763 3139 843 3200 Et
882 3141 1031 3203 Soto
1057 3140 1301 3220 quidem
1334 3139 1716 3222 apertissime
1748 3139 2128 3203 contrarium
2162 3141 2391 3203 statuit
2440 3141 2748 3221 inquiens:
2793 3167 2827 3199 ‹<
2860 3143 2958 3206 Ad
2991 3144 3139 3208 haec

673 3259 816 3305 vero
844 3243 905 3304 et
936 3243 1343 3306 consideratio
1378 3243 1496 3306 loci
1530 3243 1688 3305 sacri
1713 3241 1965 3313 accedit,
2002 3242 2062 3303 in
2097 3261 2218 3321 qua
2249 3244 2445 3307 maior
2467 3243 2803 3308 difficultas
2828 3247 3134 3311 consistit.

670 3343 762 3405 Ob
790 3343 969 3424 idque
991 3345 1376 3407 subnectitur
1400 3344 1585 3407 tertia
1611 3343 1942 3408 conclusio.
1965 3345 2034 3406 ln
2060 3344 2194 3408 loco
2222 3364 2397 3410 sacro
2423 3346 2550 3409 sive
2568 3347 2812 3427 exiyere
2828 3347 3136 3428 (debitum

671 3446 799 3509 sive
835 3447 1323 3526 matrimoniale)
1362 3446 1637 3520 reddere,
1670 3451 1999 3525 ‘tetrumque
2032 3467 2108 3509 ear
2137 3468 2360 3526 glenere
2390 3468 2502 3511 suo
2523 3454 2846 3528 peccatum.
2878 3451 3138 3516 „cortule

669 3550 781 3610 est.
823 3549 1273 3630 Probaturque‚
1308 3548 1454 3629 quia
1501 3567 1607 3630 per
1654 3551 1900 3629 turpem
1933 3548 2290 3612 effusionem
2324 3551 2850 3632 spontaneamque
2883 3553 3134 3617 seminis

670 3656 945 3719 violat-ur
980 3657 1152 3720 locus
1178 3656 1370 3736 fitque
1404 3656 1779 3719 celebrandis
1804 3657 1994 3720 sacris
2031 3657 2292 3738 ineptus,
2328 3675 2649 3738 quousque
2682 3659 3132 3725 reconcilietur.

665 3757 1052 3839 Quapropter
1108 3759 1409 3823 eiusmodi
1471 3761 1685 3823 effusio
1744 3760 2138 3843 sacrilegium
2195 3761 2307 3835 est,
2365 3761 2530 3841 quod
2586 3779 2805 3842 genere
2859 3782 2976 3826 suo
3041 3769 3133 3828 est

667 3860 951 3922 mortale.

757 3985 791 4017 «
823 3961 1001 4024 Hanc
1050 3963 1259 4024 autem
1309 3961 1762 4024 conclusionem
1811 3963 2220 4038 Richardus..,
2268 3963 2356 4027 sic
2403 3964 2780 4040 moderatur,
2831 3968 2998 4046 quod
3046 3968 3129 4032 sit

660 4062 1080 4144 intelligenda,
1108 4063 1355 4141 qnando
1379 4061 1668 4140 con-ingles
1685 4062 2052 4127 diuturnam
2075 4086 2452 4129 mora-innon
2472 4067 2731 4130 trahunt
2753 4068 2814 4131 'm
2840 4069 3122 4145 ecclesia;

663 4185 806 4228 nam
845 4166 903 4227 si
933 4165 1043 4227 diu
1066 4162 1293 4225 ibidem
1322 4169 1774 4226 commorentur
1809 4166 2110 4229 violenter
2139 4168 2388 4243 reclusi,
2423 4171 2685 4245 m'detur,
2722 4171 2946 4252 inquit,
2986 4178 3125 4236 tnnc

663 4265 903 4328 licitu-m
936 4286 1064 4328 csse
1096 4267 1185 4328 eis
1209 4267 1278 4327 in
1310 4265 1423 4326 mo
1457 4265 1583 4328 loco
1610 4268 1855 4346 eat-iqere
1888 4274 1946 4331 et
1978 4269 2232 4333 reddere
2253 4292 2273 4346 ;
2306 4272 2458 4351 quia
2487 4293 2614 4335 mm
2643 4277 2737 4336 est
2772 4275 3123 4351 mnemia-3,

658 4369 772 4443 ait,
814 4368 1072 4449 laqueus
1108 4369 1438 4432 cannabus
1470 4375 1726 4449 propter
1773 4372 2232 4435 int-mumlz'cv’em
2265 4373 2399 4437 Ioci.
2434 4375 2730 4439 Attamen
2764 4377 3039 4458 profecto
3069 4378 3118 4441 si

662 4473 912 4554 propter
948 4473 1223 4537 debitum
1257 4473 1579 4556 coniugale
1628 4474 1902 4537 violatur
1949 4475 2241 4552 Ecclesia,
2291 4481 2365 4541 ut
2411 4479 2726 4542 fatendum
2769 4483 2884 4556 est,
2921 4483 3118 4548 nescio

660 4575 970 4655 quomodo
1019 4576 1257 4639 ratione
1290 4575 1617 4638 diuturnae
1660 4576 2064 4640 habitationis
2112 4581 2436 4643 excusetur
2483 4580 2627 4644 talis
2673 4583 3038 4649 concubitus
3082 4604 3117 4647 a
