3497 5147
384 346 532 421 [818]
872 362 956 404 AD
994 361 1146 409 Qun>
1183 362 1553 404 ‘tanum-run
1591 363 1803 403 mnam
1840 364 2009 406 naen
2048 365 2364 408 passuras
2746 351 2853 407 601

389 457 747 524 hominibus
771 458 1072 524 debentur
1103 479 1177 524 ex
1208 459 1439 525 virtute
1472 461 1570 525 vel
1600 462 1884 526 caritatis
1917 462 2016 527 vel
2048 462 2475 528 observantiae
2508 467 2646 540 etc„
2670 467 2857 545 prout

385 560 749 645 parentibus
805 561 1186 641 exhibentur,
1237 563 1546 647 pertinent
1595 564 1673 628 ad
1720 564 2020 629 virtutem
2067 564 2339 648 pietatiS,
2380 564 2490 646 qui
2533 564 2683 630 haec
2729 566 2854 632 illis

386 661 687 727 debentur
709 664 1077 745 specialiter,
1104 667 1427 748 tamquam
1476 666 1642 731 vitae
1688 668 1753 732 et
1790 667 2171 732 educationis
2206 668 2453 732 nostrae
2486 668 2628 751 post
2652 668 2854 734 Deum

387 765 770 844 auctoribus,
804 766 1079 849 adeoque
1127 767 1498 849 adaequatio
1545 768 1731 833 huius
1757 769 1950 838 debiti
1981 770 2248 852 pertinet
2272 769 2350 835 ad
2386 770 2685 836 virtutem
2716 789 2854 853 spe-

387 867 628 946 cialem,
654 886 813 949 quae
847 869 1074 934 dicitur
1090 869 1305 949 pietas
1326 890 1348 931 .·
1394 889 1552 951 quae
1589 874 1800 936 tamen
1848 871 2048 954 pietas
2080 871 2363 954 specialis
2389 890 2537 957 erga
2569 875 2852 954 parentes

386 969 592 1034 differt
616 989 653 1034 a
678 971 912 1055 pietate
936 990 1084 1056 erga
1109 972 1330 1048 Deum,
1349 991 1508 1054 quae
1530 974 1820 1046 consistit
1842 974 1906 1039 in
1931 974 2137 1040 studio
2169 974 2480 1040 interioris
2505 975 2852 1041 devotionis

388 1074 453 1137 et
482 1073 752 1155 pertinet
783 1073 861 1138 ad
894 1073 1194 1139 virtutem
1224 1075 1561 1159 religionis,

476 1171 634 1248 817.
668 1177 704 1216 *
730 1177 967 1243 Probat
996 1195 1179 1260 porro
1212 1196 1262 1243 s.
1296 1177 1569 1243 Thomas
1602 1198 1657 1244 a.
1700 1180 1761 1244 3.
1797 1179 2094 1262 pietatem
2126 1197 2256 1244 esse
2294 1178 2594 1244 virtutem
2625 1180 2851 1262 specis*

383 1279 550 1355 lem;
592 1279 740 1361 quia
792 1303 828 1339 ‹
861 1279 1071 1362 aliqua
1103 1280 1305 1345 virtus
1337 1281 1620 1364 specialis
1666 1284 1763 1348 est
1808 1301 1881 1346 ex
1927 1282 2062 1358 hoc,
2103 1281 2270 1363 quod
2314 1281 2566 1365 respicit
2597 1281 2852 1364 aliquod

383 1379 693 1446 obiectum
722 1382 1059 1448 secundum
1095 1382 1372 1465 aliquam
1403 1383 1730 1468 specialem
1760 1385 2089 1460 rationem,
2121 1403 2265 1448 cum
2296 1383 2376 1448 ad
2406 1385 2618 1450 autem
2656 1385 2851 1452 ratio-

385 1502 525 1548 nem
570 1484 854 1549 iustitiae
899 1485 1226 1568 pertineat,
1252 1485 1419 1567 quod
1464 1486 1742 1551 debitum
1791 1487 1902 1551 alii
1931 1486 2177 1551 reddat:
2211 1486 2319 1551 ubi
2363 1485 2676 1550 invenitur
2722 1505 2852 1569 spe-

384 1586 560 1652 cialis
590 1587 755 1652 ratio
787 1587 979 1652 debiti
1017 1587 1205 1653 alicui
1236 1606 1550 1672 personae,
1577 1588 1664 1652 ibi
1711 1590 1806 1653 est
1852 1588 2134 1671 specialis
2165 1589 2387 1656 virtus.
2424 1588 2699 1653 Debetur
2746 1606 2852 1654 au-

384 1691 515 1754 tem
553 1690 787 1773 aliquid
821 1689 1008 1754 alicui
1039 1690 1413 1773 specialiter;
1450 1692 1596 1773 quia
1634 1692 1729 1756 est
1777 1690 2178 1755 connaturale
2225 1690 2595 1772 principium
2632 1690 2854 1772 produ-

385 1811 525 1857 cens
556 1793 623 1856 in
654 1812 785 1858 esse
831 1794 895 1858 et
939 1794 1312 1878 gubernans.
1361 1793 1497 1859 Hoc
1544 1800 1758 1857 autem
1796 1793 2167 1877 principium
2213 1793 2464 1877 respicit
2510 1793 2730 1876 pietas,
2786 1794 2849 1857 in

386 1898 693 1977 quantum
716 1897 1076 1980 parentibus
1114 1899 1177 1962 et
1208 1895 1446 1980 patriae
1478 1898 1543 1977 et
1571 1897 1689 1976 his,
1716 1896 1827 1980 qui
1858 1895 1936 1960 ad
1966 1897 2118 1961 haec
2155 1896 2538 1974 ordinantur,
2575 1896 2850 1962 officium

389 1998 456 2061 et
486 1997 729 2063 cultum
759 1999 1144 2082 impendit».
1193 2000 1279 2063 Et
1322 2000 1505 2064 notat
1549 1999 1715 2064 idem
1744 1999 1893 2063 ibid.
1929 1997 2005 2062 ad
2053 1999 2140 2061 31¹²
2173 1998 2497 2064 discrimen
2536 1998 2698 2062 inter
2728 1999 2850 2081 pie-

387 2101 607 2175 tatem,
635 2118 793 2181 quae
823 2102 919 2165 est
948 2119 1098 2185 erga
1129 2102 1400 2185 patriam
1425 2104 1490 2166 et
1511 2102 1825 2166 iustitiam
1854 2101 2136 2184 legalem.
2164 2099 2328 2164 Nam
2351 2100 2552 2182 pietas
2577 2100 2849 2183 patriam

387 2202 657 2286 respicit,
692 2203 1026 2268 secundum
1059 2203 1225 2286 quod
1273 2207 1367 2269 est
1412 2204 1589 2269 nobis
1636 2202 1948 2286 quoddam
1995 2201 2233 2266 essendi
2279 2202 2691 2286 principium:
2742 2202 2847 2266 sed

384 2304 630 2378 iustitia
676 2305 897 2391 legalis
944 2308 1195 2393 respicit
1239 2310 1472 2375 bonum
1531 2310 1790 2394 patriae,
1840 2309 2176 2374 secundum
2222 2307 2387 2392 quod
2458 2308 2552 2372 est
2615 2308 2844 2374 bonum

384 2426 727 2474 commune.

472 2511 668 2578 Actus
728 2531 873 2578 vero
928 2513 1183 2580 virtutis
1231 2514 1503 2598 pietatiS,
1553 2515 1717 2580 sicut
1763 2516 1828 2580 et
1881 2512 2216 2579 cuiuslibet
2262 2511 2519 2577 alterius
2566 2511 2842 2589 virtutiS,

385 2613 609 2678 debitis
633 2615 1119 2681 circumstantiis
1142 2617 1475 2691 limitatur,
1503 2636 1659 2699 quas
1677 2618 1733 2681 si
1756 2618 2120 2701 praetereat,
2148 2616 2276 2679 iam
2301 2634 2425 2679 non
2448 2615 2567 2678 erit
2591 2616 2846 2679 virtutis

384 2717 561 2780 actus
599 2715 704 2780 sed
740 2716 900 2782 vitii.
931 2717 1100 2803 Ergo
1134 2719 1210 2783 ad
1258 2719 1512 2802 pietatis
1558 2720 1862 2784 virtutem
1907 2720 2175 2801 pertinet
2212 2718 2486 2788 officium
2511 2719 2574 2782 et
2605 2719 2845 2783 cultum

382 2818 741 2900 parentibus
788 2820 1069 2886 exhibere
1116 2822 1454 2887 secundum
1498 2821 1779 2886 debitum
1838 2822 2112 2886 modum.
2160 2820 2303 2886 Non
2336 2820 2445 2886 'est
2491 2822 2705 2885 autem
2749 2821 2847 2886 de—

381 2921 551 2987 bitus
584 2923 824 3003 moduS,
857 2926 932 2989 ut
968 2926 1107 3008 plus
1145 2926 1331 2992 homo
1365 2925 1581 2990 tendat
1612 2925 1690 2989 ad
1721 2924 2045 2990 colendum
2093 2925 2352 3007 patrem,
2392 2943 2582 3005 quam
2621 2924 2842 2993 Deum.

382 3021 681 3103 Quocirca
727 3026 782 3090 si
827 3027 1035 3092 cultus
1096 3031 1424 3112 parentum
1494 3028 1822 3093 abstrahat
1867 3045 1978 3091 nos
2027 3046 2064 3090 a
2109 3026 2288 3090 cultu
2342 3025 2477 3103 Dei,
2540 3026 2668 3090 iam
2722 3046 2845 3093 non

381 3130 544 3294 egsgt
612 3129 883 3211 pietatiS,
954 3132 1314 3214 parentibus
1383 3132 1640 3214 obsequi
1705 3132 1922 3196 contra
1992 3129 2213 3195 Deum.
2286 3130 2385 3193 Ita
2456 3148 2504 3192 s.
2571 3124 2843 3193 Thomas

382 3228 405 3293 i
446 3229 469 3293 i
513 3277 528 3293 .
580 3249 617 3294 a
647 3232 764 3295 4.*

1375 3375 1553 3443 Unde
1584 3375 1869 3440 resolve&

485 3517 539 3568 11.
574 3518 617 3568 1.
643 3514 821 3569 Contra
848 3532 1063 3571 amorem
1101 3514 1319 3581 graviter
1359 3521 1525 3581 peccat
1562 3513 1706 3575 filius,
1744 3516 1784 3565 1.
1826 3513 1867 3565 31
1906 3512 2038 3577 signa
2082 3511 2182 3565 odii
2222 3510 2499 3577 parentibus
2537 3514 2763 3566 ostendat
2796 3518 2844 3566 et

380 3613 554 3664 aspere
582 3607 780 3655 tractet:
809 3605 858 3655 2.
888 3601 929 3655 si
958 3610 1098 3655 torvo
1124 3604 1268 3654 oculo
1295 3602 1394 3652 fere
1422 3612 1615 3663 semper
1640 3597 1891 3649 intueatur
1916 3611 1970 3647 ac
1999 3595 2064 3648 ita
2092 3609 2264 3661 aspere
2293 3598 2535 3659 loquatur,
2569 3609 2622 3647 ac
2651 3594 2691 3646 si
2729 3594 2843 3648 odio

380 3686 610 3739 haberet:
638 3689 687 3740 3.
714 3686 755 3740 si
794 3701 889 3739 non
929 3685 1187 3741 subveniat
1209 3686 1257 3739 in
1284 3683 1421 3749 gravi
1460 3680 1752 3736 necessitate
1790 3679 2049 3747 spirituali,
2077 3683 2155 3733 vel
2194 3677 2455 3744 corporali.
2485 3679 2531 3732 4.
2560 3678 2601 3731 si
2630 3693 2726 3731 non
2756 3678 2841 3732 im-

381 3771 509 3834 pleat
535 3784 705 3825 eorum
744 3779 1033 3826 testamenta
1062 3779 1112 3825 et
1140 3775 1313 3835 legata,
1341 3770 1488 3823 modo
1513 3771 1659 3821 heres
1684 3765 1775 3820 sit:
1808 3767 1855 3818 5.
1885 3764 1927 3819 si
1951 3777 2103 3828 grave
2134 3764 2332 3825 malum,
2359 3776 2405 3813 v.
2423 3776 2498 3827 gr.
2523 3770 2724 3817 mortem
2744 3762 2844 3817 11113

378 3859 531 3919 optet.
557 3855 680 3908 Nav.
708 3858 828 3921 aeg.
853 3857 887 3910 1.
916 3859 1001 3911 20.
1024 3871 1072 3910 n.
1100 3859 1148 3910 8.
1180 3855 1288 3911 Fiu.
1314 3861 1350 3908 t.
1378 3856 1463 3907 28.
1491 3869 1533 3907 c.
1564 3856 1611 3905 1.
1636 3867 1682 3918 q.
1709 3853 1760 3905 3.
1788 3856 1836 3903 et
1860 3851 1911 3903 7.

467 3978 623 4052 818.
659 3982 837 4063 Quod
868 3985 1109 4066 spectat
1157 3982 1233 4046 ad
1281 3980 1818 4055 sustentationem,
1868 3976 2046 4042 docet
2092 3996 2141 4041 s.
2192 3977 2463 4041 Thomas
2502 3997 2560 4059 q.
2595 3998 2644 4042 c.
2689 3996 2743 4041 a.
2781 3979 2841 4041 2.

380 4084 543 4167 quod
577 4105 685 4170 per
715 4104 779 4150 se
811 4085 1068 4150 debetur
1091 4086 1276 4167 patri,
1310 4085 1374 4148 in
1400 4084 1703 4167 quantum
1734 4084 1913 4165 pater
1949 4082 2064 4158 est,
2106 4081 2512 4145 reverentiam
2561 4082 2622 4143 et
2671 4080 2844 4144 obse-

379 4187 617 4269 quium,
644 4189 952 4270 quatenus
983 4188 1113 4270 ipse
1146 4189 1241 4251 est
1272 4187 1642 4270 principium
1686 4184 1820 4248 filii.
1863 4209 1898 4241 «
1930 4184 2048 4247 Per
2087 4182 2362 4246 accidens
2394 4200 2538 4245 vero
2585 4180 2844 4245 debetur

378 4291 543 4373 patri
580 4291 747 4373 quod
777 4290 951 4354 decet
997 4308 1139 4352 eum
1187 4286 1828 4371 accipere-secundum
1863 4284 2097 4369 aliquid
2130 4285 2294 4367 quod
2326 4285 2381 4349 ei
2415 4284 2654 4361 accidit,
2690 4287 2842 4367 puta

377 4394 431 4457 si
478 4395 562 4458 sit
607 4394 909 4471 infirmus,
953 4390 1120 4474 quod
1168 4391 1456 4455 visitetur
1502 4392 1564 4454 et
1610 4391 1743 4454 eius
1791 4388 2099 4453 curationi
2144 4386 2523 4461 intendatur,
2559 4389 2621 4450 et
2659 4387 2712 4449 si
2760 4388 2844 4451 sit

380 4516 632 4580 pauper,
681 4496 849 4579 quod
894 4494 1280 4559 sustentetur
1311 4494 1374 4555 et
1418 4492 1507 4555 sic
1554 4491 1627 4555 de
1675 4492 1818 4554 aliis
1865 4487 2241 4563 huiusmodi,
2291 4507 2450 4569 quae
2485 4489 2692 4552 omnia
2726 4489 2842 4553 sub

378 4598 584 4664 debito
611 4599 906 4681 obsequio
939 4596 1334 4663 continentur
1365 4618 1425 4657 ».
1461 4589 1553 4656 Cf.
1587 4592 1755 4657 dicta
1793 4595 1871 4655 tr.
1914 4592 1989 4655 V.
2025 4592 2098 4654 (Ie
2140 4590 2420 4656 Caritate
2453 4610 2510 4654 n.
2549 4592 2652 4654 53.
2673 4609 2841 4673 seqq.
