<?xml version="1.0" encoding="UTF-8"?>
<!DOCTYPE html PUBLIC "-//W3C//DTD XHTML 1.0 Transitional//EN"
    "http://www.w3.org/TR/xhtml1/DTD/xhtml1-transitional.dtd">
<html xmlns="http://www.w3.org/1999/xhtml" xml:lang="en" lang="en">
 <head>
  <title>
</title>
<meta http-equiv="Content-Type" content="text/html;charset=utf-8" />
  <meta name='ocr-system' content='tesseract 3.04.00' />
  <meta name='ocr-capabilities' content='ocr_page ocr_carea ocr_par ocr_line ocrx_word'/>
</head>
<body>
  <div class='ocr_page' id='page_1' title='image "./opustheologicum00ballgoog/opustheologicum00ballgoog_0425.png"; bbox 0 0 3497 5147; ppageno 0'>
   <div class='ocr_carea' id='block_1_1' title="bbox 796 302 3194 375">
    <p class='ocr_par' dir='ltr' id='par_1_1' title="bbox 796 302 3194 375">
     <span class='ocr_line' id='line_1_1' title="bbox 796 302 3194 375; baseline -0.003 -13"><span class='ocrx_word' id='word_1_1' title='bbox 796 311 906 362; x_wconf 87' lang='grc'>418</span> <span class='ocrx_word' id='word_1_2' title='bbox 951 319 1163 361; x_wconf 73' lang='lat' dir='ltr'><strong>TRAOT.</strong></span> <span class='ocrx_word' id='word_1_3' title='bbox 1191 318 1271 358; x_wconf 85' lang='lat' dir='ltr'>vr.</span> <span class='ocrx_word' id='word_1_4' title='bbox 1300 316 1462 358; x_wconf 71' lang='lat' dir='ltr'>smc‘r.</span> <span class='ocrx_word' id='word_1_5' title='bbox 1490 316 1553 355; x_wconf 91' lang='lat'>11.</span> <span class='ocrx_word' id='word_1_6' title='bbox 1581 314 1665 354; x_wconf 76' lang='lat' dir='ltr'>Da:</span> <span class='ocrx_word' id='word_1_7' title='bbox 1690 313 1969 356; x_wconf 68' lang='lat' dir='ltr'>sacmmo</span> <span class='ocrx_word' id='word_1_8' title='bbox 1995 314 2213 356; x_wconf 67' lang='lat' dir='ltr'>PRARC.</span> <span class='ocrx_word' id='word_1_9' title='bbox 2239 312 2566 354; x_wconf 61' lang='lat' dir='ltr'>omanem.</span> <span class='ocrx_word' id='word_1_10' title='bbox 2593 312 2721 354; x_wconf 62' lang='lat' dir='ltr'>cae.</span> <span class='ocrx_word' id='word_1_11' title='bbox 2749 315 2810 354; x_wconf 93' lang='lat'>11.</span> <span class='ocrx_word' id='word_1_12' title='bbox 2830 316 2962 356; x_wconf 79' lang='lat' dir='ltr'>nna.</span> <span class='ocrx_word' id='word_1_13' title='bbox 2984 317 3043 356; x_wconf 83' lang='lat'>11.</span> <span class='ocrx_word' id='word_1_14' title='bbox 3076 302 3194 375; x_wconf 76' lang='lat'>[545]</span> 
     </span>
    </p>
   </div>
   <div class='ocr_carea' id='block_1_2' title="bbox 788 411 3240 4388">
    <p class='ocr_par' dir='ltr' id='par_1_2' title="bbox 796 411 3201 993">
     <span class='ocr_line' id='line_1_2' title="bbox 798 411 3198 497; baseline -0.003 -14"><span class='ocrx_word' id='word_1_15' title='bbox 798 421 1003 483; x_wconf 90' lang='lat' dir='ltr'>Deum</span> <span class='ocrx_word' id='word_1_16' title='bbox 1048 417 1176 479; x_wconf 84' lang='lat' dir='ltr'>sive</span> <span class='ocrx_word' id='word_1_17' title='bbox 1225 433 1333 497; x_wconf 91' lang='lat' dir='ltr'>per</span> <span class='ocrx_word' id='word_1_18' title='bbox 1379 411 1639 478; x_wconf 86' lang='lat' dir='ltr'>Sanctos</span> <span class='ocrx_word' id='word_1_19' title='bbox 1688 413 1801 475; x_wconf 88' lang='lat' dir='ltr'>aut</span> <span class='ocrx_word' id='word_1_20' title='bbox 1832 411 2288 476; x_wconf 77' lang='lat' dir='ltr'>excellentiores</span> <span class='ocrx_word' id='word_1_21' title='bbox 2335 413 2653 476; x_wconf 88' lang='lat' dir='ltr'>creaturas</span> <span class='ocrx_word' id='word_1_22' title='bbox 2695 412 2874 488; x_wconf 82' lang='lat' dir='ltr'>iures,</span> <span class='ocrx_word' id='word_1_23' title='bbox 2919 413 2985 476; x_wconf 91' lang='lat' dir='ltr'>ut</span> <span class='ocrx_word' id='word_1_24' title='bbox 3023 415 3198 476; x_wconf 88' lang='lat' dir='ltr'>monet</span> 
     </span>
     <span class='ocr_line' id='line_1_3' title="bbox 796 513 3196 595; baseline -0.003 -10"><span class='ocrx_word' id='word_1_25' title='bbox 796 523 873 586; x_wconf 88' lang='lat' dir='ltr'>A.</span> <span class='ocrx_word' id='word_1_26' title='bbox 915 520 1048 582; x_wconf 90' lang='lat' dir='ltr'>heic</span> <span class='ocrx_word' id='word_1_27' title='bbox 1093 518 1158 580; x_wconf 91' lang='lat' dir='ltr'>in</span> <span class='ocrx_word' id='word_1_28' title='bbox 1205 516 1359 592; x_wconf 80' lang='lat' dir='ltr'>fine3</span> <span class='ocrx_word' id='word_1_29' title='bbox 1409 534 1555 579; x_wconf 85' lang='lat' dir='ltr'>nam</span> <span class='ocrx_word' id='word_1_30' title='bbox 1602 533 1672 578; x_wconf 91' lang='lat' dir='ltr'>eo</span> <span class='ocrx_word' id='word_1_31' title='bbox 1721 532 1960 595; x_wconf 88' lang='lat' dir='ltr'>semper</span> <span class='ocrx_word' id='word_1_32' title='bbox 2005 513 2219 577; x_wconf 88' lang='lat' dir='ltr'>iurans</span> <span class='ocrx_word' id='word_1_33' title='bbox 2265 516 2505 595; x_wconf 85' lang='lat' dir='ltr'>spectat</span> <span class='ocrx_word' id='word_1_34' title='bbox 2553 517 2625 578; x_wconf 89' lang='lat' dir='ltr'>ut</span> <span class='ocrx_word' id='word_1_35' title='bbox 2672 514 2784 579; x_wconf 88' lang='lat' dir='ltr'>Dei</span> <span class='ocrx_word' id='word_1_36' title='bbox 2825 514 3196 578; x_wconf 85' lang='lat' dir='ltr'>testimonium</span> 
     </span>
     <span class='ocr_line' id='line_1_4' title="bbox 796 615 3200 700; baseline -0.003 -13"><span class='ocrx_word' id='word_1_37' title='bbox 796 623 1043 687; x_wconf 77' lang='lat' dir='ltr'>invocet</span> <span class='ocrx_word' id='word_1_38' title='bbox 1090 619 1282 683; x_wconf 90' lang='lat' dir='ltr'>etiam</span> <span class='ocrx_word' id='word_1_39' title='bbox 1330 637 1471 681; x_wconf 87' lang='lat' dir='ltr'>cum</span> <span class='ocrx_word' id='word_1_40' title='bbox 1502 636 1609 700; x_wconf 91' lang='lat' dir='ltr'>per</span> <span class='ocrx_word' id='word_1_41' title='bbox 1642 615 1901 680; x_wconf 86' lang='lat' dir='ltr'>Sanctos</span> <span class='ocrx_word' id='word_1_42' title='bbox 1947 616 2226 678; x_wconf 85' lang='lat' dir='ltr'>iuratur:</span> <span class='ocrx_word' id='word_1_43' title='bbox 2276 634 2470 692; x_wconf 78' lang='lat' dir='ltr'>secuS,</span> <span class='ocrx_word' id='word_1_44' title='bbox 2512 616 2565 679; x_wconf 91' lang='lat' dir='ltr'>si</span> <span class='ocrx_word' id='word_1_45' title='bbox 2609 616 2675 680; x_wconf 92' lang='lat' dir='ltr'>in</span> <span class='ocrx_word' id='word_1_46' title='bbox 2703 617 2799 681; x_wconf 90' lang='lat' dir='ltr'>his</span> <span class='ocrx_word' id='word_1_47' title='bbox 2834 617 3022 692; x_wconf 74' lang='lat' dir='ltr'>sistaS,</span> <span class='ocrx_word' id='word_1_48' title='bbox 3061 616 3200 679; x_wconf 89' lang='lat' dir='ltr'>iura-</span> 
     </span>
     <span class='ocr_line' id='line_1_5' title="bbox 796 718 3201 806; baseline -0.003 -16"><span class='ocrx_word' id='word_1_49' title='bbox 796 726 1079 790; x_wconf 80' lang='lat' dir='ltr'>mentum</span> <span class='ocrx_word' id='word_1_50' title='bbox 1119 722 1364 806; x_wconf 87' lang='lat' dir='ltr'>proprie</span> <span class='ocrx_word' id='word_1_51' title='bbox 1402 740 1525 785; x_wconf 93' lang='lat' dir='ltr'>non</span> <span class='ocrx_word' id='word_1_52' title='bbox 1558 720 1842 796; x_wconf 87' lang='lat' dir='ltr'>habetur,</span> <span class='ocrx_word' id='word_1_53' title='bbox 1892 718 2057 801; x_wconf 89' lang='lat' dir='ltr'>quod</span> <span class='ocrx_word' id='word_1_54' title='bbox 2089 721 2183 782; x_wconf 91' lang='lat' dir='ltr'>est</span> <span class='ocrx_word' id='word_1_55' title='bbox 2213 720 2525 783; x_wconf 74' lang='lat' dir='ltr'>invocatio</span> <span class='ocrx_word' id='word_1_56' title='bbox 2559 720 2751 785; x_wconf 76' lang='lat' dir='ltr'>divini</span> <span class='ocrx_word' id='word_1_57' title='bbox 2782 720 3091 784; x_wconf 89' lang='lat' dir='ltr'>testimonii</span> <span class='ocrx_word' id='word_1_58' title='bbox 3117 739 3201 802; x_wconf 88' lang='lat' dir='ltr'>per</span> 
     </span>
     <span class='ocr_line' id='line_1_6' title="bbox 798 819 3200 906; baseline -0.003 -15"><span class='ocrx_word' id='word_1_59' title='bbox 798 847 863 891; x_wconf 90' lang='lat' dir='ltr'>se</span> <span class='ocrx_word' id='word_1_60' title='bbox 894 823 1241 890; x_wconf 88' lang='lat' dir='ltr'>infallibilis</span> <span class='ocrx_word' id='word_1_61' title='bbox 1275 825 1338 887; x_wconf 93' lang='lat' dir='ltr'>et</span> <span class='ocrx_word' id='word_1_62' title='bbox 1370 823 1703 906; x_wconf 81' lang='lat' dir='ltr'>perfectam</span> <span class='ocrx_word' id='word_1_63' title='bbox 1726 822 1980 885; x_wconf 84' lang='lat' dir='ltr'>latriam</span> <span class='ocrx_word' id='word_1_64' title='bbox 2013 821 2306 886; x_wconf 91' lang='lat' dir='ltr'>continet.</span> <span class='ocrx_word' id='word_1_65' title='bbox 2343 819 2404 886; x_wconf 88' lang='lat' dir='ltr'>S.</span> <span class='ocrx_word' id='word_1_66' title='bbox 2440 822 2660 886; x_wconf 86' lang='lat' dir='ltr'>Thom.</span> <span class='ocrx_word' id='word_1_67' title='bbox 2695 823 2758 886; x_wconf 92' lang='lat' dir='ltr'>in</span> <span class='ocrx_word' id='word_1_68' title='bbox 2792 825 2850 887; x_wconf 84' lang='lat'>9.</span> <span class='ocrx_word' id='word_1_69' title='bbox 2882 822 2937 885; x_wconf 89' lang='lat' dir='ltr'>d.</span> <span class='ocrx_word' id='word_1_70' title='bbox 2962 823 3054 886; x_wconf 81' lang='lat'>39.</span> <span class='ocrx_word' id='word_1_71' title='bbox 3083 842 3130 903; x_wconf 88' lang='lat' dir='ltr'>q.</span> <span class='ocrx_word' id='word_1_72' title='bbox 3156 824 3200 884; x_wconf 92' lang='lat'>1.</span> 
     </span>
     <span class='ocr_line' id='line_1_7' title="bbox 801 926 1281 993; baseline -0.008 -1"><span class='ocrx_word' id='word_1_73' title='bbox 801 949 859 993; x_wconf 87' lang='lat' dir='ltr'>a.</span> <span class='ocrx_word' id='word_1_74' title='bbox 898 930 954 991; x_wconf 91' lang='lat'>1.</span> <span class='ocrx_word' id='word_1_75' title='bbox 992 926 1069 990; x_wconf 89' lang='lat' dir='ltr'>ad</span> <span class='ocrx_word' id='word_1_76' title='bbox 1100 928 1205 989; x_wconf 73' lang='lat'>4¹².</span> <span class='ocrx_word' id='word_1_77' title='bbox 1248 927 1281 963; x_wconf 86' lang='grc'>*</span> 
     </span>
    </p>

    <p class='ocr_par' dir='ltr' id='par_1_3' title="bbox 800 1024 3208 1403">
     <span class='ocr_line' id='line_1_8' title="bbox 894 1024 3205 1104; baseline -0.003 -11"><span class='ocrx_word' id='word_1_78' title='bbox 894 1026 1070 1101; x_wconf 79' lang='grc'><strong>545.</strong></span> <span class='ocrx_word' id='word_1_79' title='bbox 1104 1027 1317 1092; x_wconf 86' lang='lat' dir='ltr'>Prima</span> <span class='ocrx_word' id='word_1_80' title='bbox 1356 1028 1578 1093; x_wconf 86' lang='lat' dir='ltr'>divisio</span> <span class='ocrx_word' id='word_1_81' title='bbox 1610 1028 1674 1091; x_wconf 92' lang='lat' dir='ltr'>in</span> <span class='ocrx_word' id='word_1_82' title='bbox 1705 1024 1969 1103; x_wconf 85' lang='lat' dir='ltr'>verbale,</span> <span class='ocrx_word' id='word_1_83' title='bbox 1990 1026 2178 1103; x_wconf 85' lang='lat' dir='ltr'>reale,</span> <span class='ocrx_word' id='word_1_84' title='bbox 2219 1027 2502 1104; x_wconf 73' lang='lat' dir='ltr'>mixtum,</span> <span class='ocrx_word' id='word_1_85' title='bbox 2530 1028 2624 1090; x_wconf 91' lang='lat' dir='ltr'>est</span> <span class='ocrx_word' id='word_1_86' title='bbox 2642 1026 2968 1090; x_wconf 88' lang='lat' dir='ltr'>secundum</span> <span class='ocrx_word' id='word_1_87' title='bbox 2989 1025 3205 1088; x_wconf 87' lang='lat' dir='ltr'>formam</span> 
     </span>
     <span class='ocr_line' id='line_1_9' title="bbox 800 1126 3207 1212; baseline -0.004 -14"><span class='ocrx_word' id='word_1_88' title='bbox 800 1134 1212 1200; x_wconf 76' lang='lat' dir='ltr'>extrinsecam</span> <span class='ocrx_word' id='word_1_89' title='bbox 1259 1134 1323 1197; x_wconf 91' lang='lat' dir='ltr'>et</span> <span class='ocrx_word' id='word_1_90' title='bbox 1366 1131 1522 1196; x_wconf 89' lang='lat' dir='ltr'>levis</span> <span class='ocrx_word' id='word_1_91' title='bbox 1570 1131 1685 1207; x_wconf 90' lang='lat' dir='ltr'>est,</span> <span class='ocrx_word' id='word_1_92' title='bbox 1741 1129 1980 1194; x_wconf 86' lang='lat' dir='ltr'>nullam</span> <span class='ocrx_word' id='word_1_93' title='bbox 2014 1129 2361 1212; x_wconf 88' lang='lat' dir='ltr'>praeferens</span> <span class='ocrx_word' id='word_1_94' title='bbox 2395 1129 2851 1193; x_wconf 87' lang='lat' dir='ltr'>difficultatem.</span> <span class='ocrx_word' id='word_1_95' title='bbox 2898 1126 3207 1210; x_wconf 81' lang='lat' dir='ltr'>Exemplum</span> 
     </span>
     <span class='ocr_line' id='line_1_10' title="bbox 800 1230 3208 1314; baseline -0.004 -14"><span class='ocrx_word' id='word_1_96' title='bbox 800 1236 983 1300; x_wconf 84' lang='lat' dir='ltr'>mixti</span> <span class='ocrx_word' id='word_1_97' title='bbox 1016 1237 1204 1300; x_wconf 89' lang='lat' dir='ltr'>habes</span> <span class='ocrx_word' id='word_1_98' title='bbox 1228 1236 1292 1299; x_wconf 90' lang='lat' dir='ltr'>in</span> <span class='ocrx_word' id='word_1_99' title='bbox 1324 1235 1695 1308; x_wconf 88' lang='lat' dir='ltr'>iuramento,</span> <span class='ocrx_word' id='word_1_100' title='bbox 1732 1232 1897 1313; x_wconf 90' lang='lat' dir='ltr'>quod</span> <span class='ocrx_word' id='word_1_101' title='bbox 1929 1231 2217 1297; x_wconf 82' lang='lat' dir='ltr'>subditur</span> <span class='ocrx_word' id='word_1_102' title='bbox 2261 1231 2628 1314; x_wconf 82' lang='lat' dir='ltr'>professioni</span> <span class='ocrx_word' id='word_1_103' title='bbox 2667 1231 2812 1296; x_wconf 90' lang='lat' dir='ltr'>fidei</span> <span class='ocrx_word' id='word_1_104' title='bbox 2856 1230 3208 1314; x_wconf 71' lang='lat' dir='ltr'>praescriptae</span> 
     </span>
     <span class='ocr_line' id='line_1_11' title="bbox 802 1338 1134 1403; baseline 0.003 -2"><span class='ocrx_word' id='word_1_105' title='bbox 802 1357 839 1401; x_wconf 87' lang='lat' dir='ltr'>a</span> <span class='ocrx_word' id='word_1_106' title='bbox 877 1338 990 1403; x_wconf 86' lang='lat' dir='ltr'>Pio</span> <span class='ocrx_word' id='word_1_107' title='bbox 1025 1338 1134 1402; x_wconf 89' lang='lat' dir='ltr'>IV.</span> 
     </span>
    </p>

    <p class='ocr_par' dir='ltr' id='par_1_4' title="bbox 798 1432 3222 2647">
     <span class='ocr_line' id='line_1_12' title="bbox 894 1432 3209 1522; baseline -0.005 -18"><span class='ocrx_word' id='word_1_108' title='bbox 894 1439 1071 1518; x_wconf 80' lang='lat' dir='ltr'>Quod</span> <span class='ocrx_word' id='word_1_109' title='bbox 1119 1440 1361 1522; x_wconf 87' lang='lat' dir='ltr'>spectat</span> <span class='ocrx_word' id='word_1_110' title='bbox 1410 1438 1487 1501; x_wconf 89' lang='lat' dir='ltr'>ad</span> <span class='ocrx_word' id='word_1_111' title='bbox 1527 1437 1791 1501; x_wconf 87' lang='lat' dir='ltr'>alteram</span> <span class='ocrx_word' id='word_1_112' title='bbox 1852 1436 2238 1513; x_wconf 84' lang='lat' dir='ltr'>divisionem,</span> <span class='ocrx_word' id='word_1_113' title='bbox 2295 1436 2446 1500; x_wconf 90' lang='lat' dir='ltr'>bene</span> <span class='ocrx_word' id='word_1_114' title='bbox 2493 1454 2540 1499; x_wconf 90' lang='lat' dir='ltr'>s.</span> <span class='ocrx_word' id='word_1_115' title='bbox 2594 1435 2818 1500; x_wconf 86' lang='lat' dir='ltr'>Thom.</span> <span class='ocrx_word' id='word_1_116' title='bbox 2870 1437 2926 1497; x_wconf 83' lang='lat'>2.</span> <span class='ocrx_word' id='word_1_117' title='bbox 2967 1436 3021 1497; x_wconf 81' lang='lat'>2.</span> <span class='ocrx_word' id='word_1_118' title='bbox 3051 1453 3100 1514; x_wconf 90' lang='lat' dir='ltr'>q.</span> <span class='ocrx_word' id='word_1_119' title='bbox 3129 1432 3209 1494; x_wconf 84' lang='lat'>89.</span> 
     </span>
     <span class='ocr_line' id='line_1_13' title="bbox 800 1533 3209 1619; baseline -0.005 -12"><span class='ocrx_word' id='word_1_120' title='bbox 800 1543 919 1607; x_wconf 89' lang='lat' dir='ltr'>art.</span> <span class='ocrx_word' id='word_1_121' title='bbox 959 1544 1015 1605; x_wconf 92' lang='lat'>1.</span> <span class='ocrx_word' id='word_1_122' title='bbox 1052 1541 1129 1605; x_wconf 89' lang='lat' dir='ltr'>ad</span> <span class='ocrx_word' id='word_1_123' title='bbox 1162 1542 1255 1604; x_wconf 85' lang='lat'>3.:</span> <span class='ocrx_word' id='word_1_124' title='bbox 1311 1565 1347 1599; x_wconf 80' lang='grc'><strong>«</strong></span> <span class='ocrx_word' id='word_1_125' title='bbox 1379 1539 1662 1603; x_wconf 80' lang='lat' dir='ltr'>Alicuius</span> <span class='ocrx_word' id='word_1_126' title='bbox 1710 1538 2142 1602; x_wconf 90' lang='lat' dir='ltr'>testimonium</span> <span class='ocrx_word' id='word_1_127' title='bbox 2187 1539 2514 1602; x_wconf 83' lang='lat' dir='ltr'>invocatur</span> <span class='ocrx_word' id='word_1_128' title='bbox 2561 1537 2639 1601; x_wconf 91' lang='lat' dir='ltr'>ad</span> <span class='ocrx_word' id='word_1_129' title='bbox 2686 1538 2825 1613; x_wconf 90' lang='lat' dir='ltr'>hoc,</span> <span class='ocrx_word' id='word_1_130' title='bbox 2878 1535 3032 1619; x_wconf 88' lang='lat' dir='ltr'>quod</span> <span class='ocrx_word' id='word_1_131' title='bbox 3071 1533 3209 1600; x_wconf 86' lang='lat' dir='ltr'>testis</span> 
     </span>
     <span class='ocr_line' id='line_1_14' title="bbox 800 1639 3211 1722; baseline -0.005 -13"><span class='ocrx_word' id='word_1_132' title='bbox 800 1646 1130 1709; x_wconf 83' lang='lat' dir='ltr'>invocatus</span> <span class='ocrx_word' id='word_1_133' title='bbox 1179 1642 1509 1706; x_wconf 85' lang='lat' dir='ltr'>veritatem</span> <span class='ocrx_word' id='word_1_134' title='bbox 1553 1640 1912 1705; x_wconf 81' lang='lat' dir='ltr'>manifestet</span> <span class='ocrx_word' id='word_1_135' title='bbox 1958 1640 2117 1703; x_wconf 86' lang='lat' dir='ltr'>circa</span> <span class='ocrx_word' id='word_1_136' title='bbox 2167 1659 2256 1718; x_wconf 89' lang='lat' dir='ltr'>ea,</span> <span class='ocrx_word' id='word_1_137' title='bbox 2294 1660 2452 1722; x_wconf 88' lang='lat' dir='ltr'>quae</span> <span class='ocrx_word' id='word_1_138' title='bbox 2490 1639 2803 1704; x_wconf 89' lang='lat' dir='ltr'>dicuntur.</span> <span class='ocrx_word' id='word_1_139' title='bbox 2852 1641 3012 1704; x_wconf 87' lang='lat' dir='ltr'>Deus</span> <span class='ocrx_word' id='word_1_140' title='bbox 3048 1641 3211 1701; x_wconf 82' lang='lat' dir='ltr'>autem</span> 
     </span>
     <span class='ocr_line' id='line_1_15' title="bbox 798 1739 3213 1826; baseline -0.004 -15"><span class='ocrx_word' id='word_1_141' title='bbox 798 1745 1181 1821; x_wconf 88' lang='lat' dir='ltr'>manifestat,</span> <span class='ocrx_word' id='word_1_142' title='bbox 1231 1764 1310 1808; x_wconf 89' lang='lat' dir='ltr'>an</span> <span class='ocrx_word' id='word_1_143' title='bbox 1358 1763 1574 1809; x_wconf 87' lang='lat' dir='ltr'>verum</span> <span class='ocrx_word' id='word_1_144' title='bbox 1620 1743 1705 1807; x_wconf 91' lang='lat' dir='ltr'>sit</span> <span class='ocrx_word' id='word_1_145' title='bbox 1752 1742 1916 1824; x_wconf 91' lang='lat' dir='ltr'>quod</span> <span class='ocrx_word' id='word_1_146' title='bbox 1949 1742 2195 1817; x_wconf 90' lang='lat' dir='ltr'>dicitur,</span> <span class='ocrx_word' id='word_1_147' title='bbox 2230 1742 2577 1826; x_wconf 86' lang='lat' dir='ltr'>dupliciter.</span> <span class='ocrx_word' id='word_1_148' title='bbox 2615 1743 2757 1807; x_wconf 90' lang='lat' dir='ltr'>Uno</span> <span class='ocrx_word' id='word_1_149' title='bbox 2805 1742 2984 1807; x_wconf 92' lang='lat' dir='ltr'>modo</span> <span class='ocrx_word' id='word_1_150' title='bbox 3028 1739 3213 1822; x_wconf 85' lang='lat' dir='ltr'>simpli·</span> 
     </span>
     <span class='ocr_line' id='line_1_16' title="bbox 800 1844 3212 1929; baseline -0.004 -15"><span class='ocrx_word' id='word_1_151' title='bbox 800 1851 957 1914; x_wconf 90' lang='lat' dir='ltr'>citer</span> <span class='ocrx_word' id='word_1_152' title='bbox 1002 1847 1331 1912; x_wconf 85' lang='lat' dir='ltr'>revelando</span> <span class='ocrx_word' id='word_1_153' title='bbox 1380 1846 1709 1911; x_wconf 88' lang='lat' dir='ltr'>veritatem</span> <span class='ocrx_word' id='word_1_154' title='bbox 1756 1844 1856 1909; x_wconf 88' lang='lat' dir='ltr'>vel</span> <span class='ocrx_word' id='word_1_155' title='bbox 1901 1864 2009 1927; x_wconf 91' lang='lat' dir='ltr'>per</span> <span class='ocrx_word' id='word_1_156' title='bbox 2053 1844 2365 1910; x_wconf 88' lang='lat' dir='ltr'>internam</span> <span class='ocrx_word' id='word_1_157' title='bbox 2412 1846 2891 1929; x_wconf 82' lang='lat' dir='ltr'>inspirationem</span> <span class='ocrx_word' id='word_1_158' title='bbox 2937 1846 3027 1910; x_wconf 86' lang='lat' dir='ltr'>vel</span> <span class='ocrx_word' id='word_1_159' title='bbox 3067 1844 3212 1908; x_wconf 86' lang='lat' dir='ltr'>etiam</span> 
     </span>
     <span class='ocr_line' id='line_1_17' title="bbox 799 1947 3216 2035; baseline -0.004 -20"><span class='ocrx_word' id='word_1_160' title='bbox 799 1971 909 2035; x_wconf 89' lang='lat' dir='ltr'>per</span> <span class='ocrx_word' id='word_1_161' title='bbox 944 1950 1096 2014; x_wconf 89' lang='lat' dir='ltr'>facti</span> <span class='ocrx_word' id='word_1_162' title='bbox 1120 1949 1621 2025; x_wconf 88' lang='lat' dir='ltr'>denudationem,</span> <span class='ocrx_word' id='word_1_163' title='bbox 1657 1947 1806 2011; x_wconf 91' lang='lat' dir='ltr'>dum</span> <span class='ocrx_word' id='word_1_164' title='bbox 1840 1947 1970 2010; x_wconf 83' lang='lat' dir='ltr'>scil.</span> <span class='ocrx_word' id='word_1_165' title='bbox 2006 1947 2294 2030; x_wconf 86' lang='lat' dir='ltr'>producit</span> <span class='ocrx_word' id='word_1_166' title='bbox 2326 1948 2389 2011; x_wconf 92' lang='lat' dir='ltr'>in</span> <span class='ocrx_word' id='word_1_167' title='bbox 2425 1948 2745 2031; x_wconf 89' lang='lat' dir='ltr'>publicum</span> <span class='ocrx_word' id='word_1_168' title='bbox 2785 1969 2877 2026; x_wconf 87' lang='lat' dir='ltr'>ea,</span> <span class='ocrx_word' id='word_1_169' title='bbox 2911 1967 3058 2031; x_wconf 88' lang='lat' dir='ltr'>quae</span> <span class='ocrx_word' id='word_1_170' title='bbox 3083 1947 3216 2011; x_wconf 82' lang='lat' dir='ltr'>erant</span> 
     </span>
     <span class='ocr_line' id='line_1_18' title="bbox 806 2049 3216 2133; baseline -0.005 -15"><span class='ocrx_word' id='word_1_171' title='bbox 806 2054 1069 2119; x_wconf 87' lang='lat' dir='ltr'>occulta.</span> <span class='ocrx_word' id='word_1_172' title='bbox 1104 2051 1246 2115; x_wconf 85' lang='lat' dir='ltr'>Alio</span> <span class='ocrx_word' id='word_1_173' title='bbox 1294 2051 1478 2115; x_wconf 92' lang='lat' dir='ltr'>modo</span> <span class='ocrx_word' id='word_1_174' title='bbox 1512 2070 1618 2133; x_wconf 90' lang='lat' dir='ltr'>per</span> <span class='ocrx_word' id='word_1_175' title='bbox 1650 2068 1912 2132; x_wconf 88' lang='lat' dir='ltr'>poenam</span> <span class='ocrx_word' id='word_1_176' title='bbox 1944 2050 2329 2126; x_wconf 77' lang='lat' dir='ltr'>mentienti83</span> <span class='ocrx_word' id='word_1_177' title='bbox 2359 2052 2421 2114; x_wconf 91' lang='lat' dir='ltr'>et</span> <span class='ocrx_word' id='word_1_178' title='bbox 2451 2053 2601 2114; x_wconf 86' lang='lat' dir='ltr'>tunc</span> <span class='ocrx_word' id='word_1_179' title='bbox 2648 2051 2842 2115; x_wconf 87' lang='lat' dir='ltr'>simul</span> <span class='ocrx_word' id='word_1_180' title='bbox 2873 2054 2965 2116; x_wconf 86' lang='lat' dir='ltr'>est</span> <span class='ocrx_word' id='word_1_181' title='bbox 2992 2049 3144 2114; x_wconf 85' lang='lat' dir='ltr'>iudex</span> <span class='ocrx_word' id='word_1_182' title='bbox 3172 2051 3216 2109; x_wconf 83' lang='lat' dir='ltr'>et</span> 
     </span>
     <span class='ocr_line' id='line_1_19' title="bbox 802 2150 3218 2235; baseline -0.004 -16"><span class='ocrx_word' id='word_1_183' title='bbox 802 2154 1004 2232; x_wconf 87' lang='lat' dir='ltr'>testis,</span> <span class='ocrx_word' id='word_1_184' title='bbox 1025 2152 1175 2217; x_wconf 90' lang='lat' dir='ltr'>dum</span> <span class='ocrx_word' id='word_1_185' title='bbox 1205 2151 1513 2235; x_wconf 90' lang='lat' dir='ltr'>puniendo</span> <span class='ocrx_word' id='word_1_186' title='bbox 1545 2151 1921 2227; x_wconf 86' lang='lat' dir='ltr'>mendacem,</span> <span class='ocrx_word' id='word_1_187' title='bbox 1948 2151 2312 2216; x_wconf 85' lang='lat' dir='ltr'>manifestat</span> <span class='ocrx_word' id='word_1_188' title='bbox 2342 2152 2755 2217; x_wconf 83' lang='lat' dir='ltr'>mendacium.</span> <span class='ocrx_word' id='word_1_189' title='bbox 2783 2154 2865 2217; x_wconf 90' lang='lat' dir='ltr'>Et</span> <span class='ocrx_word' id='word_1_190' title='bbox 2889 2153 3018 2218; x_wconf 90' lang='lat' dir='ltr'>ideo</span> <span class='ocrx_word' id='word_1_191' title='bbox 3047 2150 3218 2233; x_wconf 85' lang='lat' dir='ltr'>duplex</span> 
     </span>
     <span class='ocr_line' id='line_1_20' title="bbox 802 2254 3217 2338; baseline -0.002 -17"><span class='ocrx_word' id='word_1_192' title='bbox 802 2259 900 2322; x_wconf 89' lang='lat' dir='ltr'>est</span> <span class='ocrx_word' id='word_1_193' title='bbox 930 2256 1151 2322; x_wconf 91' lang='lat' dir='ltr'>modus</span> <span class='ocrx_word' id='word_1_194' title='bbox 1202 2255 1468 2320; x_wconf 87' lang='lat' dir='ltr'>iurandi.</span> <span class='ocrx_word' id='word_1_195' title='bbox 1526 2254 1703 2319; x_wconf 90' lang='lat' dir='ltr'>Unus</span> <span class='ocrx_word' id='word_1_196' title='bbox 1743 2254 1992 2336; x_wconf 90' lang='lat' dir='ltr'>quidem</span> <span class='ocrx_word' id='word_1_197' title='bbox 2041 2274 2147 2337; x_wconf 87' lang='lat' dir='ltr'>per</span> <span class='ocrx_word' id='word_1_198' title='bbox 2195 2255 2539 2338; x_wconf 89' lang='lat' dir='ltr'>simplicem</span> <span class='ocrx_word' id='word_1_199' title='bbox 2588 2255 2705 2319; x_wconf 91' lang='lat' dir='ltr'>Dei</span> <span class='ocrx_word' id='word_1_200' title='bbox 2753 2256 3217 2326; x_wconf 77' lang='lat' dir='ltr'>contestationem,</span> 
     </span>
     <span class='ocr_line' id='line_1_21' title="bbox 803 2354 3220 2440; baseline -0.003 -17"><span class='ocrx_word' id='word_1_201' title='bbox 803 2360 966 2423; x_wconf 89' lang='lat' dir='ltr'>sicut</span> <span class='ocrx_word' id='word_1_202' title='bbox 999 2377 1142 2422; x_wconf 91' lang='lat' dir='ltr'>cum</span> <span class='ocrx_word' id='word_1_203' title='bbox 1173 2357 1402 2440; x_wconf 87' lang='lat' dir='ltr'>aliquis</span> <span class='ocrx_word' id='word_1_204' title='bbox 1428 2356 1606 2421; x_wconf 88' lang='lat' dir='ltr'>dicit:</span> <span class='ocrx_word' id='word_1_205' title='bbox 1635 2356 1761 2420; x_wconf 76' lang='lat' dir='ltr'>Est</span> <span class='ocrx_word' id='word_1_206' title='bbox 1789 2354 1944 2418; x_wconf 70' lang='lat' dir='ltr'>mihi</span> <span class='ocrx_word' id='word_1_207' title='bbox 1981 2355 2159 2420; x_wconf 65' lang='lat' dir='ltr'>Deus</span> <span class='ocrx_word' id='word_1_208' title='bbox 2195 2358 2366 2420; x_wconf 76' lang='lat' dir='ltr'>testis</span> <span class='ocrx_word' id='word_1_209' title='bbox 2391 2359 2551 2421; x_wconf 90' lang='lat' dir='ltr'>etc...</span> <span class='ocrx_word' id='word_1_210' title='bbox 2580 2357 2763 2422; x_wconf 88' lang='lat' dir='ltr'>Alius</span> <span class='ocrx_word' id='word_1_211' title='bbox 2790 2359 3008 2424; x_wconf 90' lang='lat' dir='ltr'>modus</span> <span class='ocrx_word' id='word_1_212' title='bbox 3029 2354 3220 2423; x_wconf 86' lang='lat' dir='ltr'>iurandi</span> 
     </span>
     <span class='ocr_line' id='line_1_22' title="bbox 799 2458 3222 2545; baseline -0.002 -20"><span class='ocrx_word' id='word_1_213' title='bbox 799 2463 895 2526; x_wconf 90' lang='lat' dir='ltr'>est</span> <span class='ocrx_word' id='word_1_214' title='bbox 927 2480 1034 2544; x_wconf 92' lang='lat' dir='ltr'>per</span> <span class='ocrx_word' id='word_1_215' title='bbox 1071 2460 1578 2536; x_wconf 80' lang='lat' dir='ltr'>exsecrationem,</span> <span class='ocrx_word' id='word_1_216' title='bbox 1614 2458 1766 2522; x_wconf 90' lang='lat' dir='ltr'>dum</span> <span class='ocrx_word' id='word_1_217' title='bbox 1797 2459 1927 2523; x_wconf 90' lang='lat' dir='ltr'>scil.</span> <span class='ocrx_word' id='word_1_218' title='bbox 1969 2459 2196 2540; x_wconf 87' lang='lat' dir='ltr'>aliquis</span> <span class='ocrx_word' id='word_1_219' title='bbox 2228 2479 2293 2524; x_wconf 90' lang='lat' dir='ltr'>se</span> <span class='ocrx_word' id='word_1_220' title='bbox 2326 2459 2425 2524; x_wconf 83' lang='lat' dir='ltr'>vel</span> <span class='ocrx_word' id='word_1_221' title='bbox 2476 2459 2712 2542; x_wconf 87' lang='lat' dir='ltr'>aliquid</span> <span class='ocrx_word' id='word_1_222' title='bbox 2746 2462 2831 2526; x_wconf 84' lang='lat' dir='ltr'>ad</span> <span class='ocrx_word' id='word_1_223' title='bbox 2870 2481 2934 2527; x_wconf 92' lang='lat' dir='ltr'>se</span> <span class='ocrx_word' id='word_1_224' title='bbox 2969 2460 3222 2545; x_wconf 82' lang='lat' dir='ltr'>pertinens</span> 
     </span>
     <span class='ocr_line' id='line_1_23' title="bbox 798 2560 2457 2647; baseline -0.001 -18"><span class='ocrx_word' id='word_1_225' title='bbox 798 2563 879 2629; x_wconf 88' lang='lat' dir='ltr'>ad</span> <span class='ocrx_word' id='word_1_226' title='bbox 925 2582 1186 2647; x_wconf 89' lang='lat' dir='ltr'>poenam</span> <span class='ocrx_word' id='word_1_227' title='bbox 1228 2561 1490 2647; x_wconf 86' lang='lat' dir='ltr'>obligat,</span> <span class='ocrx_word' id='word_1_228' title='bbox 1535 2563 1608 2626; x_wconf 93' lang='lat' dir='ltr'>ut</span> <span class='ocrx_word' id='word_1_229' title='bbox 1640 2560 1724 2625; x_wconf 79' lang='lat' dir='ltr'>sit</span> <span class='ocrx_word' id='word_1_230' title='bbox 1774 2566 1988 2625; x_wconf 82' lang='lat' dir='ltr'>veru&#39;m</span> <span class='ocrx_word' id='word_1_231' title='bbox 2022 2560 2187 2643; x_wconf 91' lang='lat' dir='ltr'>quod</span> <span class='ocrx_word' id='word_1_232' title='bbox 2221 2562 2457 2627; x_wconf 79' lang='lat' dir='ltr'>dicit».</span> 
     </span>
    </p>

    <p class='ocr_par' dir='ltr' id='par_1_5' title="bbox 788 2664 3226 2957">
     <span class='ocr_line' id='line_1_24' title="bbox 891 2664 3226 2752; baseline -0.001 -22"><span class='ocrx_word' id='word_1_233' title='bbox 891 2665 1185 2746; x_wconf 84' lang='lat' dir='ltr'>Quaestio</span> <span class='ocrx_word' id='word_1_234' title='bbox 1224 2666 1289 2729; x_wconf 89' lang='lat' dir='ltr'>in</span> <span class='ocrx_word' id='word_1_235' title='bbox 1319 2665 1441 2728; x_wconf 90' lang='lat' dir='ltr'>fine</span> <span class='ocrx_word' id='word_1_236' title='bbox 1473 2664 1659 2728; x_wconf 90' lang='lat' dir='ltr'>huius</span> <span class='ocrx_word' id='word_1_237' title='bbox 1690 2665 2069 2749; x_wconf 83' lang='lat' dir='ltr'>paragraphi</span> <span class='ocrx_word' id='word_1_238' title='bbox 2100 2664 2374 2730; x_wconf 86' lang='lat' dir='ltr'>indicata</span> <span class='ocrx_word' id='word_1_239' title='bbox 2415 2666 2492 2729; x_wconf 87' lang='lat' dir='ltr'>ab</span> <span class='ocrx_word' id='word_1_240' title='bbox 2526 2667 2600 2730; x_wconf 88' lang='lat' dir='ltr'>A.</span> <span class='ocrx_word' id='word_1_241' title='bbox 2637 2684 2717 2730; x_wconf 86' lang='lat' dir='ltr'>an</span> <span class='ocrx_word' id='word_1_242' title='bbox 2747 2669 2819 2732; x_wconf 84' lang='lat' dir='ltr'>in</span> <span class='ocrx_word' id='word_1_243' title='bbox 2852 2669 3077 2752; x_wconf 87' lang='lat' dir='ltr'>peiurio</span> <span class='ocrx_word' id='word_1_244' title='bbox 3104 2681 3226 2731; x_wconf 82' lang='lat' dir='ltr'>exse-</span> 
     </span>
     <span class='ocr_line' id='line_1_25' title="bbox 796 2765 3224 2855; baseline -0.003 -19"><span class='ocrx_word' id='word_1_245' title='bbox 796 2772 1067 2837; x_wconf 86' lang='lat' dir='ltr'>cratorio</span> <span class='ocrx_word' id='word_1_246' title='bbox 1100 2771 1185 2835; x_wconf 87' lang='lat' dir='ltr'>sit</span> <span class='ocrx_word' id='word_1_247' title='bbox 1216 2770 1442 2853; x_wconf 82' lang='lat' dir='ltr'>duplex</span> <span class='ocrx_word' id='word_1_248' title='bbox 1473 2769 1701 2853; x_wconf 90' lang='lat' dir='ltr'>species</span> <span class='ocrx_word' id='word_1_249' title='bbox 1734 2770 1989 2853; x_wconf 88' lang='lat' dir='ltr'>peccati,</span> <span class='ocrx_word' id='word_1_250' title='bbox 2041 2770 2416 2835; x_wconf 89' lang='lat' dir='ltr'>considerari</span> <span class='ocrx_word' id='word_1_251' title='bbox 2447 2775 2658 2855; x_wconf 91' lang='lat' dir='ltr'>potest</span> <span class='ocrx_word' id='word_1_252' title='bbox 2688 2774 2796 2837; x_wconf 83' lang='lat' dir='ltr'>vel</span> <span class='ocrx_word' id='word_1_253' title='bbox 2831 2772 3130 2836; x_wconf 72' lang='lat' dir='ltr'>theoretice</span> <span class='ocrx_word' id='word_1_254' title='bbox 3152 2765 3224 2830; x_wconf 80' lang='lat' dir='ltr'>vel</span> 
     </span>
     <span class='ocr_line' id='line_1_26' title="bbox 788 2875 1089 2957; baseline -0.003 -19"><span class='ocrx_word' id='word_1_255' title='bbox 788 2875 1089 2957; x_wconf 78' lang='lat' dir='ltr'>practice.</span> 
     </span>
    </p>

    <p class='ocr_par' dir='ltr' id='par_1_6' title="bbox 799 2972 3228 3364">
     <span class='ocr_line' id='line_1_27' title="bbox 891 2972 3224 3059; baseline -0.003 -18"><span class='ocrx_word' id='word_1_256' title='bbox 891 2976 957 3041; x_wconf 87' lang='lat' dir='ltr'>Si</span> <span class='ocrx_word' id='word_1_257' title='bbox 1002 2975 1352 3042; x_wconf 86' lang='lat' dir='ltr'>consideras</span> <span class='ocrx_word' id='word_1_258' title='bbox 1404 2973 1744 3051; x_wconf 71' lang='lat' dir='ltr'>theoretice,</span> <span class='ocrx_word' id='word_1_259' title='bbox 1781 2974 1998 3056; x_wconf 90' lang='lat' dir='ltr'>utique</span> <span class='ocrx_word' id='word_1_260' title='bbox 2044 2974 2268 3058; x_wconf 90' lang='lat' dir='ltr'>duplex</span> <span class='ocrx_word' id='word_1_261' title='bbox 2307 2977 2517 3041; x_wconf 87' lang='lat' dir='ltr'>adesse</span> <span class='ocrx_word' id='word_1_262' title='bbox 2565 2977 2826 3043; x_wconf 89' lang='lat' dir='ltr'>dicenda</span> <span class='ocrx_word' id='word_1_263' title='bbox 2875 2979 3032 3043; x_wconf 87' lang='lat' dir='ltr'>esset</span> <span class='ocrx_word' id='word_1_264' title='bbox 3072 2972 3224 3059; x_wconf 78' lang='lat' dir='ltr'>specie</span> 
     </span>
     <span class='ocr_line' id='line_1_28' title="bbox 799 3076 3228 3164; baseline -0.003 -20"><span class='ocrx_word' id='word_1_265' title='bbox 799 3079 1057 3164; x_wconf 87' lang='lat' dir='ltr'>peccati,</span> <span class='ocrx_word' id='word_1_266' title='bbox 1093 3078 1226 3144; x_wconf 89' lang='lat' dir='ltr'>scil.</span> <span class='ocrx_word' id='word_1_267' title='bbox 1259 3077 1516 3160; x_wconf 87' lang='lat' dir='ltr'>periurii</span> <span class='ocrx_word' id='word_1_268' title='bbox 1551 3078 1769 3141; x_wconf 88' lang='lat' dir='ltr'>contra</span> <span class='ocrx_word' id='word_1_269' title='bbox 1799 3076 2163 3161; x_wconf 87' lang='lat' dir='ltr'>religionem</span> <span class='ocrx_word' id='word_1_270' title='bbox 2211 3080 2273 3142; x_wconf 91' lang='lat' dir='ltr'>et</span> <span class='ocrx_word' id='word_1_271' title='bbox 2311 3079 2763 3144; x_wconf 85' lang='lat' dir='ltr'>maledictionis</span> <span class='ocrx_word' id='word_1_272' title='bbox 2799 3084 3015 3146; x_wconf 88' lang='lat' dir='ltr'>contra</span> <span class='ocrx_word' id='word_1_273' title='bbox 3057 3076 3228 3143; x_wconf 66' lang='lat' dir='ltr'>semet</span> 
     </span>
     <span class='ocr_line' id='line_1_29' title="bbox 799 3180 3227 3265; baseline -0.002 -20"><span class='ocrx_word' id='word_1_274' title='bbox 799 3183 1040 3265; x_wconf 77' lang='lat' dir='ltr'>ipsum3</span> <span class='ocrx_word' id='word_1_275' title='bbox 1077 3180 1411 3245; x_wconf 92' lang='lat' dir='ltr'>dummodo</span> <span class='ocrx_word' id='word_1_276' title='bbox 1431 3181 1640 3243; x_wconf 90' lang='lat' dir='ltr'>tamen</span> <span class='ocrx_word' id='word_1_277' title='bbox 1675 3181 2083 3261; x_wconf 85' lang='lat' dir='ltr'>supponatur,</span> <span class='ocrx_word' id='word_1_278' title='bbox 2112 3182 2466 3263; x_wconf 89' lang='lat' dir='ltr'>quempiam</span> <span class='ocrx_word' id='word_1_279' title='bbox 2499 3201 2569 3245; x_wconf 84' lang='lat' dir='ltr'>ex</span> <span class='ocrx_word' id='word_1_280' title='bbox 2604 3182 2815 3248; x_wconf 88' lang='lat' dir='ltr'>animo</span> <span class='ocrx_word' id='word_1_281' title='bbox 2842 3184 2998 3248; x_wconf 86' lang='lat' dir='ltr'>velle</span> <span class='ocrx_word' id='word_1_282' title='bbox 3027 3181 3227 3247; x_wconf 82' lang='lat' dir='ltr'>sibimet</span> 
     </span>
     <span class='ocr_line' id='line_1_30' title="bbox 802 3281 2730 3364; baseline -0.002 -19"><span class='ocrx_word' id='word_1_283' title='bbox 802 3281 922 3346; x_wconf 92' lang='lat' dir='ltr'>hoc</span> <span class='ocrx_word' id='word_1_284' title='bbox 951 3281 1193 3345; x_wconf 88' lang='lat' dir='ltr'>malum</span> <span class='ocrx_word' id='word_1_285' title='bbox 1218 3281 1282 3345; x_wconf 91' lang='lat' dir='ltr'>in</span> <span class='ocrx_word' id='word_1_286' title='bbox 1315 3282 1504 3364; x_wconf 89' lang='lat' dir='ltr'>caput</span> <span class='ocrx_word' id='word_1_287' title='bbox 1539 3299 1861 3345; x_wconf 87' lang='lat' dir='ltr'>arcessere.</span> <span class='ocrx_word' id='word_1_288' title='bbox 2723 3310 2730 3314; x_wconf 87' lang='lat'><strong>·</strong></span> 
     </span>
    </p>

    <p class='ocr_par' dir='ltr' id='par_1_7' title="bbox 802 3381 3230 3774">
     <span class='ocr_line' id='line_1_31' title="bbox 890 3381 3230 3472; baseline 0 -24"><span class='ocrx_word' id='word_1_289' title='bbox 890 3385 979 3448; x_wconf 89' lang='lat' dir='ltr'>At</span> <span class='ocrx_word' id='word_1_290' title='bbox 996 3384 1275 3463; x_wconf 82' lang='lat' dir='ltr'>practice</span> <span class='ocrx_word' id='word_1_291' title='bbox 1322 3401 1503 3448; x_wconf 91' lang='lat' dir='ltr'>nemo</span> <span class='ocrx_word' id='word_1_292' title='bbox 1552 3383 1710 3447; x_wconf 91' lang='lat' dir='ltr'>solet</span> <span class='ocrx_word' id='word_1_293' title='bbox 1759 3381 1876 3447; x_wconf 88' lang='lat' dir='ltr'>sibi</span> <span class='ocrx_word' id='word_1_294' title='bbox 1926 3385 2083 3449; x_wconf 89' lang='lat' dir='ltr'>serio</span> <span class='ocrx_word' id='word_1_295' title='bbox 2134 3385 2371 3449; x_wconf 88' lang='lat' dir='ltr'>malum</span> <span class='ocrx_word' id='word_1_296' title='bbox 2421 3388 2634 3468; x_wconf 89' lang='lat' dir='ltr'>optare</span> <span class='ocrx_word' id='word_1_297' title='bbox 2686 3390 2801 3453; x_wconf 87' lang='lat' dir='ltr'>aut</span> <span class='ocrx_word' id='word_1_298' title='bbox 2840 3388 3088 3472; x_wconf 87' lang='lat' dir='ltr'>precari,</span> <span class='ocrx_word' id='word_1_299' title='bbox 3121 3399 3230 3449; x_wconf 86' lang='lat' dir='ltr'>cum</span> 
     </span>
     <span class='ocr_line' id='line_1_32' title="bbox 803 3485 3229 3572; baseline 0 -21"><span class='ocrx_word' id='word_1_300' title='bbox 803 3487 920 3551; x_wconf 89' lang='lat' dir='ltr'>hoc</span> <span class='ocrx_word' id='word_1_301' title='bbox 951 3488 1133 3570; x_wconf 88' lang='lat' dir='ltr'>pacto</span> <span class='ocrx_word' id='word_1_302' title='bbox 1158 3486 1356 3551; x_wconf 86' lang='lat' dir='ltr'>iurat:</span> <span class='ocrx_word' id='word_1_303' title='bbox 1394 3485 1583 3549; x_wconf 81' lang='lat' dir='ltr'>verba</span> <span class='ocrx_word' id='word_1_304' title='bbox 1609 3485 1859 3567; x_wconf 90' lang='lat' dir='ltr'>quidem</span> <span class='ocrx_word' id='word_1_305' title='bbox 1883 3486 2135 3569; x_wconf 86' lang='lat' dir='ltr'>profert,</span> <span class='ocrx_word' id='word_1_306' title='bbox 2174 3486 2277 3551; x_wconf 91' lang='lat' dir='ltr'>sed</span> <span class='ocrx_word' id='word_1_307' title='bbox 2305 3488 2511 3552; x_wconf 88' lang='lat' dir='ltr'>animo</span> <span class='ocrx_word' id='word_1_308' title='bbox 2537 3489 2747 3572; x_wconf 91' lang='lat' dir='ltr'>potius</span> <span class='ocrx_word' id='word_1_309' title='bbox 2773 3491 3046 3567; x_wconf 85' lang='lat' dir='ltr'>confidit,</span> <span class='ocrx_word' id='word_1_310' title='bbox 3072 3489 3229 3552; x_wconf 86' lang='lat' dir='ltr'>Deum</span> 
     </span>
     <span class='ocr_line' id='line_1_33' title="bbox 802 3586 3228 3674; baseline 0.001 -20"><span class='ocrx_word' id='word_1_311' title='bbox 802 3590 961 3654; x_wconf 91' lang='lat' dir='ltr'>illud</span> <span class='ocrx_word' id='word_1_312' title='bbox 1007 3609 1131 3655; x_wconf 92' lang='lat' dir='ltr'>non</span> <span class='ocrx_word' id='word_1_313' title='bbox 1179 3589 1514 3654; x_wconf 88' lang='lat' dir='ltr'>facturum.</span> <span class='ocrx_word' id='word_1_314' title='bbox 1549 3586 1690 3651; x_wconf 93' lang='lat' dir='ltr'>Non</span> <span class='ocrx_word' id='word_1_315' title='bbox 1728 3590 2013 3652; x_wconf 90' lang='lat' dir='ltr'>censetur</span> <span class='ocrx_word' id='word_1_316' title='bbox 2045 3607 2190 3674; x_wconf 86' lang='lat' dir='ltr'>ergo</span> <span class='ocrx_word' id='word_1_317' title='bbox 2223 3609 2471 3672; x_wconf 87' lang='lat' dir='ltr'>peccare</span> <span class='ocrx_word' id='word_1_318' title='bbox 2521 3593 2738 3656; x_wconf 89' lang='lat' dir='ltr'>contra</span> <span class='ocrx_word' id='word_1_319' title='bbox 2770 3593 3094 3657; x_wconf 87' lang='lat' dir='ltr'>caritatem</span> <span class='ocrx_word' id='word_1_320' title='bbox 3132 3586 3228 3657; x_wconf 73' lang='lat' dir='ltr'>sni:</span> 
     </span>
     <span class='ocr_line' id='line_1_34' title="bbox 802 3690 3014 3774; baseline 0.001 -18"><span class='ocrx_word' id='word_1_321' title='bbox 802 3693 952 3774; x_wconf 86' lang='lat' dir='ltr'>quia</span> <span class='ocrx_word' id='word_1_322' title='bbox 988 3710 1111 3757; x_wconf 93' lang='lat' dir='ltr'>non</span> <span class='ocrx_word' id='word_1_323' title='bbox 1144 3711 1216 3756; x_wconf 90' lang='lat' dir='ltr'>ex</span> <span class='ocrx_word' id='word_1_324' title='bbox 1250 3691 1456 3756; x_wconf 90' lang='lat' dir='ltr'>animo</span> <span class='ocrx_word' id='word_1_325' title='bbox 1489 3691 1871 3774; x_wconf 86' lang='lat' dir='ltr'>imprecatur</span> <span class='ocrx_word' id='word_1_326' title='bbox 1894 3690 2031 3755; x_wconf 89' lang='lat' dir='ltr'>sibi.</span> <span class='ocrx_word' id='word_1_327' title='bbox 2067 3692 2167 3755; x_wconf 87' lang='lat' dir='ltr'>Ita</span> <span class='ocrx_word' id='word_1_328' title='bbox 2207 3693 2269 3756; x_wconf 92' lang='lat' dir='ltr'>et</span> <span class='ocrx_word' id='word_1_329' title='bbox 2299 3692 2571 3758; x_wconf 87' lang='lat' dir='ltr'>Escobar</span> <span class='ocrx_word' id='word_1_330' title='bbox 2601 3697 2682 3760; x_wconf 91' lang='lat' dir='ltr'>tr.</span> <span class='ocrx_word' id='word_1_331' title='bbox 2724 3697 2830 3759; x_wconf 83' lang='lat'>29.</span> <span class='ocrx_word' id='word_1_332' title='bbox 2859 3716 2921 3759; x_wconf 92' lang='lat' dir='ltr'>n.</span> <span class='ocrx_word' id='word_1_333' title='bbox 2957 3697 3014 3759; x_wconf 88' lang='lat'>8.</span> 
     </span>
    </p>

    <p class='ocr_par' dir='ltr' id='par_1_8' title="bbox 802 3793 3240 4388">
     <span class='ocr_line' id='line_1_35' title="bbox 893 3793 3232 3877; baseline -0.001 -19"><span class='ocrx_word' id='word_1_334' title='bbox 893 3794 1094 3858; x_wconf 88' lang='lat' dir='ltr'>Notat</span> <span class='ocrx_word' id='word_1_335' title='bbox 1141 3793 1366 3859; x_wconf 87' lang='lat' dir='ltr'>Suarez</span> <span class='ocrx_word' id='word_1_336' title='bbox 1401 3813 1451 3857; x_wconf 90' lang='lat' dir='ltr'>c.</span> <span class='ocrx_word' id='word_1_337' title='bbox 1492 3795 1594 3857; x_wconf 86' lang='lat'>13.</span> <span class='ocrx_word' id='word_1_338' title='bbox 1642 3814 1701 3857; x_wconf 91' lang='lat' dir='ltr'>n.</span> <span class='ocrx_word' id='word_1_339' title='bbox 1736 3794 1794 3857; x_wconf 91' lang='lat'>1.</span> <span class='ocrx_word' id='word_1_340' title='bbox 1835 3793 2066 3877; x_wconf 88' lang='lat' dir='ltr'>duplici</span> <span class='ocrx_word' id='word_1_341' title='bbox 2112 3795 2296 3859; x_wconf 92' lang='lat' dir='ltr'>modo</span> <span class='ocrx_word' id='word_1_342' title='bbox 2337 3796 2531 3860; x_wconf 92' lang='lat' dir='ltr'>solere</span> <span class='ocrx_word' id='word_1_343' title='bbox 2563 3796 2696 3862; x_wconf 91' lang='lat' dir='ltr'>fieri</span> <span class='ocrx_word' id='word_1_344' title='bbox 2726 3798 3138 3863; x_wconf 88' lang='lat' dir='ltr'>iuramentum</span> <span class='ocrx_word' id='word_1_345' title='bbox 3163 3810 3232 3857; x_wconf 80' lang='lat' dir='ltr'>er·</span> 
     </span>
     <span class='ocr_line' id='line_1_36' title="bbox 802 3897 3231 3980; baseline -0.001 -19"><span class='ocrx_word' id='word_1_346' title='bbox 802 3897 1230 3972; x_wconf 88' lang='lat' dir='ltr'>secratorium‚</span> <span class='ocrx_word' id='word_1_347' title='bbox 1263 3898 1331 3960; x_wconf 82' lang='lat'>1⁰</span> <span class='ocrx_word' id='word_1_348' title='bbox 1365 3916 1472 3980; x_wconf 90' lang='lat' dir='ltr'>per</span> <span class='ocrx_word' id='word_1_349' title='bbox 1503 3897 1801 3961; x_wconf 90' lang='lat' dir='ltr'>directam</span> <span class='ocrx_word' id='word_1_350' title='bbox 1831 3898 2338 3980; x_wconf 88' lang='lat' dir='ltr'>imprecationem</span> <span class='ocrx_word' id='word_1_351' title='bbox 2371 3902 2486 3963; x_wconf 90' lang='lat' dir='ltr'>etc.</span> <span class='ocrx_word' id='word_1_352' title='bbox 2517 3898 2747 3963; x_wconf 84' lang='lat' dir='ltr'>Statim</span> <span class='ocrx_word' id='word_1_353' title='bbox 2776 3904 3035 3975; x_wconf 79' lang='lat' dir='ltr'>moriar,</span> <span class='ocrx_word' id='word_1_354' title='bbox 3058 3900 3113 3963; x_wconf 81' lang='lat' dir='ltr'>si</span> <span class='ocrx_word' id='word_1_355' title='bbox 3137 3914 3231 3959; x_wconf 76' lang='lat' dir='ltr'>non</span> 
     </span>
     <span class='ocr_line' id='line_1_37' title="bbox 804 3994 3233 4089; baseline -0 -27"><span class='ocrx_word' id='word_1_356' title='bbox 804 4000 898 4063; x_wconf 80' lang='lat' dir='ltr'>ita</span> <span class='ocrx_word' id='word_1_357' title='bbox 942 4004 1072 4063; x_wconf 80' lang='lat' dir='ltr'>est:</span> <span class='ocrx_word' id='word_1_358' title='bbox 1121 4000 1190 4061; x_wconf 82' lang='lat'>2⁰</span> <span class='ocrx_word' id='word_1_359' title='bbox 1220 4018 1329 4081; x_wconf 90' lang='lat' dir='ltr'>per</span> <span class='ocrx_word' id='word_1_360' title='bbox 1366 3999 1902 4082; x_wconf 89' lang='lat' dir='ltr'>interpositionem</span> <span class='ocrx_word' id='word_1_361' title='bbox 1942 4000 2087 4063; x_wconf 91' lang='lat' dir='ltr'>boni</span> <span class='ocrx_word' id='word_1_362' title='bbox 2121 4000 2402 4078; x_wconf 78' lang='lat' dir='ltr'>alicuiuS,</span> <span class='ocrx_word' id='word_1_363' title='bbox 2440 4003 2617 4084; x_wconf 89' lang='lat' dir='ltr'>quasi</span> <span class='ocrx_word' id='word_1_364' title='bbox 2651 4004 2984 4089; x_wconf 85' lang='lat' dir='ltr'>obligando</span> <span class='ocrx_word' id='word_1_365' title='bbox 3017 4000 3156 4067; x_wconf 89' lang='lat' dir='ltr'>illud</span> <span class='ocrx_word' id='word_1_366' title='bbox 3177 3994 3233 4061; x_wconf 80' lang='lat' dir='ltr'>ad</span> 
     </span>
     <span class='ocr_line' id='line_1_38' title="bbox 803 4101 3236 4184; baseline -0 -16"><span class='ocrx_word' id='word_1_367' title='bbox 803 4102 1290 4168; x_wconf 88' lang='lat' dir='ltr'>destructionem</span> <span class='ocrx_word' id='word_1_368' title='bbox 1336 4101 1436 4165; x_wconf 78' lang='lat' dir='ltr'>vel</span> <span class='ocrx_word' id='word_1_369' title='bbox 1469 4101 1898 4184; x_wconf 86' lang='lat' dir='ltr'>perditionem,</span> <span class='ocrx_word' id='word_1_370' title='bbox 1940 4101 1991 4165; x_wconf 91' lang='lat' dir='ltr'>si</span> <span class='ocrx_word' id='word_1_371' title='bbox 2023 4102 2253 4167; x_wconf 83' lang='lat' dir='ltr'>falsum</span> <span class='ocrx_word' id='word_1_372' title='bbox 2287 4103 2552 4184; x_wconf 87' lang='lat' dir='ltr'>iuratur,</span> <span class='ocrx_word' id='word_1_373' title='bbox 2588 4108 2662 4170; x_wconf 92' lang='lat' dir='ltr'>ut</span> <span class='ocrx_word' id='word_1_374' title='bbox 2693 4125 2835 4171; x_wconf 91' lang='lat' dir='ltr'>cum</span> <span class='ocrx_word' id='word_1_375' title='bbox 2873 4106 3119 4171; x_wconf 88' lang='lat' dir='ltr'>dicitur:</span> <span class='ocrx_word' id='word_1_376' title='bbox 3139 4118 3236 4181; x_wconf 71' lang='lat' dir='ltr'>per</span> 
     </span>
     <span class='ocr_line' id='line_1_39' title="bbox 802 4202 3240 4284; baseline -0.001 -17"><span class='ocrx_word' id='word_1_377' title='bbox 802 4207 993 4267; x_wconf 74' lang='lat' dir='ltr'>vitam</span> <span class='ocrx_word' id='word_1_378' title='bbox 1030 4205 1128 4269; x_wconf 80' lang='lat' dir='ltr'>vel</span> <span class='ocrx_word' id='word_1_379' title='bbox 1166 4224 1288 4284; x_wconf 80' lang='lat' dir='ltr'>per</span> <span class='ocrx_word' id='word_1_380' title='bbox 1327 4202 1597 4267; x_wconf 75' lang='lat' dir='ltr'>salutem</span> <span class='ocrx_word' id='word_1_381' title='bbox 1632 4224 1848 4267; x_wconf 84' lang='lat' dir='ltr'>meam.</span> <span class='ocrx_word' id='word_1_382' title='bbox 1892 4204 2051 4268; x_wconf 91' lang='lat' dir='ltr'>Item</span> <span class='ocrx_word' id='word_1_383' title='bbox 2099 4206 2208 4269; x_wconf 88' lang='lat' dir='ltr'>illa</span> <span class='ocrx_word' id='word_1_384' title='bbox 2245 4205 2474 4269; x_wconf 88' lang='lat' dir='ltr'>forma:</span> <span class='ocrx_word' id='word_1_385' title='bbox 2523 4208 2615 4270; x_wconf 81' lang='lat' dir='ltr'>sic</span> <span class='ocrx_word' id='word_1_386' title='bbox 2661 4228 2754 4271; x_wconf 87' lang='lat' dir='ltr'>me</span> <span class='ocrx_word' id='word_1_387' title='bbox 2800 4207 2982 4272; x_wconf 71' lang='lat' dir='ltr'>Deus</span> <span class='ocrx_word' id='word_1_388' title='bbox 3023 4204 3240 4271; x_wconf 76' lang='lat' dir='ltr'>adiuvet</span> 
     </span>
     <span class='ocr_line' id='line_1_40' title="bbox 805 4303 3237 4388; baseline 0.002 -18"><span class='ocrx_word' id='word_1_389' title='bbox 805 4307 1214 4373; x_wconf 87' lang='lat' dir='ltr'>exsecratoria</span> <span class='ocrx_word' id='word_1_390' title='bbox 1262 4307 1383 4384; x_wconf 88' lang='lat' dir='ltr'>est;</span> <span class='ocrx_word' id='word_1_391' title='bbox 1434 4325 1579 4371; x_wconf 86' lang='lat' dir='ltr'>nam</span> <span class='ocrx_word' id='word_1_392' title='bbox 1627 4307 1860 4371; x_wconf 87' lang='lat' dir='ltr'>virtute</span> <span class='ocrx_word' id='word_1_393' title='bbox 1909 4307 2203 4382; x_wconf 88' lang='lat' dir='ltr'>continet,</span> <span class='ocrx_word' id='word_1_394' title='bbox 2243 4309 2318 4372; x_wconf 90' lang='lat' dir='ltr'>ut</span> <span class='ocrx_word' id='word_1_395' title='bbox 2349 4308 2401 4372; x_wconf 89' lang='lat' dir='ltr'>si</span> <span class='ocrx_word' id='word_1_396' title='bbox 2439 4308 2859 4376; x_wconf 89' lang='lat' dir='ltr'>iuramentum</span> <span class='ocrx_word' id='word_1_397' title='bbox 2895 4331 3018 4375; x_wconf 78' lang='lat' dir='ltr'>non</span> <span class='ocrx_word' id='word_1_398' title='bbox 3062 4303 3237 4388; x_wconf 76' lang='lat' dir='ltr'>imple·</span> 
     </span>
    </p>
   </div>
   <div class='ocr_carea' id='block_1_3' title="bbox 804 4409 3242 4577">
    <p class='ocr_par' dir='ltr' id='par_1_9' title="bbox 804 4409 3242 4577">
     <span class='ocr_line' id='line_1_41' title="bbox 804 4409 3242 4571; baseline 0.002 -102"><span class='ocrx_word' id='word_1_399' title='bbox 804 4428 968 4571; x_wconf 52' lang='lat' dir='ltr'>veri),</span> <span class='ocrx_word' id='word_1_400' title='bbox 1020 4409 1197 4475; x_wconf 78' lang='lat' dir='ltr'>Deus</span> <span class='ocrx_word' id='word_1_401' title='bbox 1242 4430 1371 4473; x_wconf 75' lang='lat' dir='ltr'>non</span> <span class='ocrx_word' id='word_1_402' title='bbox 1418 4430 1512 4472; x_wconf 86' lang='lat' dir='ltr'>me</span> <span class='ocrx_word' id='word_1_403' title='bbox 1558 4409 1830 4472; x_wconf 71' lang='lat' dir='ltr'>adiuvet.</span> <span class='ocrx_word' id='word_1_404' title='bbox 1867 4410 2038 4475; x_wconf 91' lang='lat' dir='ltr'>Idem</span> <span class='ocrx_word' id='word_1_405' title='bbox 2075 4410 2400 4476; x_wconf 88' lang='lat' dir='ltr'>dicendum</span> <span class='ocrx_word' id='word_1_406' title='bbox 2447 4412 2521 4476; x_wconf 92' lang='lat' dir='ltr'>de</span> <span class='ocrx_word' id='word_1_407' title='bbox 2568 4432 2640 4477; x_wconf 89' lang='lat' dir='ltr'>ea</span> <span class='ocrx_word' id='word_1_408' title='bbox 2670 4414 2904 4480; x_wconf 78' lang='lat' dir='ltr'>forma:</span> <span class='ocrx_word' id='word_1_409' title='bbox 2943 4416 3033 4477; x_wconf 77' lang='lat' dir='ltr'>ita</span> <span class='ocrx_word' id='word_1_410' title='bbox 3061 4412 3242 4492; x_wconf 68' lang='lat' dir='ltr'>faveat</span> 
     </span>
     <span class='ocr_line' id='line_1_42' title="bbox 808 4509 1210 4577; baseline 0.01 -4"><span class='ocrx_word' id='word_1_411' title='bbox 808 4509 900 4573; x_wconf 80' lang='lat' dir='ltr'>mi</span> <span class='ocrx_word' id='word_1_412' title='bbox 932 4510 968 4572; x_wconf 65' lang='lat' dir='ltr'><strong><em>i</em></strong></span> <span class='ocrx_word' id='word_1_413' title='bbox 1013 4510 1210 4577; x_wconf 79' lang='lat' dir='ltr'>Deus.</span> 
     </span>
    </p>
   </div>
   <div class='ocr_carea' id='block_1_4' title="bbox 3377 2098 3382 3437">
    <p class='ocr_par' dir='ltr' id='par_1_10' title="bbox 3377 2098 3382 3437">
     <span class='ocr_line' id='line_1_43' title="bbox 3377 2098 3382 3437; baseline 0 0"><span class='ocrx_word' id='word_1_414' title='bbox 3377 2098 3382 3437; x_wconf 95' lang='lat' dir='ltr'> </span> 
     </span>
    </p>
   </div>
   <div class='ocr_carea' id='block_1_5' title="bbox 3379 3992 3382 4797">
    <p class='ocr_par' dir='ltr' id='par_1_11' title="bbox 3379 3992 3382 4797">
     <span class='ocr_line' id='line_1_44' title="bbox 3379 3992 3382 4797; baseline 0 0"><span class='ocrx_word' id='word_1_415' title='bbox 3379 3992 3382 4797; x_wconf 95' lang='lat' dir='ltr'> </span> 
     </span>
    </p>
   </div>
  </div>
 </body>
</html>
