3497 5147
337 310 479 389 [101]
1371 332 1456 371 nn
1494 329 1764 372 amussi
2045 372 2058 387 ,
2728 312 2799 366 71

336 424 737 506 affirmtive,
770 444 858 488 an
891 424 1171 488 absolute
1207 425 1303 490 vel
1338 426 1453 490 sub
1477 425 1828 490 conditione
1860 430 1922 488 et
1949 429 2257 507 quatenus
2286 424 2692 505 affirmative,
2716 444 2805 486 an

340 529 622 590 teneatur
658 527 946 607 confiteri
989 529 1200 590 omnia
1232 532 1495 608 peccata
1533 529 1914 608 praeteritae
1962 530 2125 592 vitae
2172 532 2233 591 et
2276 530 2583 609 quatenus
2618 526 2805 607 affir-

336 630 578 701 mat-ive,
618 649 707 692 an
737 628 1039 707 confessio
1062 630 1514 712 praeponenda
1542 633 1647 704 sit,
1676 630 1770 694 vel
1798 628 2230 711 postponenda
2276 629 2578 709 baptismo
2610 627 2807 706 confe-

336 730 532 795 rendo
562 730 678 795 sub
712 729 1083 794 conditione.

425 832 897 913 SanctissimuS,
929 834 1169 899 auditis
1198 837 1357 900 votis
1388 836 2054 900 Eminentissimorum
2077 833 2244 898 dixit
2259 855 2281 896 .·
2322 832 2620 898 Carolum
2649 832 2720 895 F
2714 853 2805 895 er-

337 935 687 1000 dinandum
711 956 840 1000 esse
877 936 1397 1017 rebaptizandum
1433 939 1547 1003 sub
1579 938 1929 1002 conditione
1967 941 2030 1001 et
2056 936 2280 1001 collato
2314 937 2636 1016 baptisma,
2669 936 2805 999 eius

325 1040 710 1120 praeteritae
735 1040 897 1103 vitae
912 1044 1169 1120 peccata
1198 1040 1570 1120 confiteatur
1600 1046 1661 1104 et
1680 1040 1761 1104 ab
1793 1041 1876 1104 iis
1898 1040 2012 1104 sub
2046 1040 2395 1104 conditione
2418 1037 2800 1102 absolvatur.

426 1140 682 1206 Censuit
714 1161 860 1226 ergo
893 1141 955 1207 S.
988 1141 1056 1207 C.
1104 1144 1169 1207 in
1214 1143 1313 1208 his
1359 1144 1666 1208 adiunctis
1714 1144 1948 1209 certam
1994 1163 2123 1207 esse
2173 1143 2618 1227 obligationem
2663 1160 2801 1206 con·

340 1242 551 1308 fitendi
581 1247 834 1327 peccata
866 1246 1009 1309 ante
1040 1246 1340 1310 iteratum
1373 1246 1487 1309 sub
1525 1246 1875 1311 conditione
1924 1247 2319 1330 Baptismum
2346 1244 2635 1309 admissa.
2671 1241 2798 1307 Cur

340 1365 480 1411 vero
513 1347 578 1409 et
608 1350 846 1428 quanta
878 1348 970 1411 vis
1003 1348 1087 1412 sit
1117 1348 1305 1413 huius
1338 1348 1794 1425 declarationiS,
1829 1348 2102 1413 dicemus
2150 1349 2256 1412 ubi
2299 1348 2372 1413 de
2411 1346 2800 1411 absolutione

342 1447 766 1513 conditionata
796 1450 860 1512 in
891 1452 970 1513 tr.
1005 1449 1085 1514 X.
1118 1453 1266 1515 sect.
1310 1453 1369 1514 5.

444 1576 619 1631 XLlV.
647 1577 696 1628 6.
722 1574 847 1629 Cum
875 1576 1089 1630 haeresis
1113 1584 1160 1631 et
1185 1577 1391 1644 quaevis
1416 1577 1679 1632 infidelitas
1705 1579 1928 1632 mortalis
1951 1578 2031 1643 sit,
2062 1585 2264 1646 peceant
2291 1593 2485 1643 quoque
2512 1574 2797 1641 mortaliter,

341 1661 422 1726 qui
455 1661 563 1714 eius
602 1661 817 1727 periculo
853 1677 905 1715 se
944 1670 1208 1730 exponunt,
1242 1663 1348 1717 sive
1387 1666 1726 1717 conversando
1765 1664 1873 1717 sive
1911 1665 2174 1718 conciones
2212 1663 2455 1717 audiendo
2501 1663 2608 1716 sive
2649 1661 2801 1714 libros

344 1747 573 1808 legendo:
600 1761 723 1811 quae
762 1746 982 1813 proinde,
1020 1746 1061 1800 si
1099 1746 1177 1800 cui
1218 1747 1494 1813 periculosa
1532 1747 1643 1807 sint,
1683 1747 1850 1801 illicita
1890 1756 2002 1800 sunt
2039 1748 2147 1801 iure
2186 1754 2388 1799 naturae
2401 1761 2417 1813 ;
2442 1746 2484 1799 si
2526 1760 2645 1799 vero
2673 1743 2802 1811 peri-

346 1833 508 1884 culum
534 1830 675 1893 absit,
703 1831 847 1885 lectio
874 1831 1112 1886 librorum
1142 1831 1501 1885 haereticorum
1529 1831 1844 1885 nihilominus
1869 1832 2036 1887 illicita
2064 1840 2138 1885 est
2164 1832 2271 1885 iure
2301 1830 2513 1897 positivo
2535 1827 2802 1895 Ecclesiae,

348 1913 417 1967 uti
453 1912 598 1967 etiam
637 1915 843 1969 rormalis
880 1915 1147 1984 disputatio
1185 1916 1298 1971 laici
1333 1918 1396 1970 de
1433 1919 1544 1991 ssde.
1572 1918 1717 1984 Quod
1757 1916 2002 1983 posterius
2032 1916 2268 1969 tamenin
2294 1914 2549 1969 Germania
2581 1914 2799 1980 locisque

341 1999 601 2064 similibus,
633 2001 715 2054 uhi
737 2001 978 2057 Catholici
1007 2003 1268 2058 haereticis
1305 2011 1420 2057 sunt
1459 2002 1705 2070 permixti,
1736 2002 1995 2068 abrogavit
2020 2006 2345 2057 consuetudo.
2374 2004 2523 2066 Azor,
2551 2001 2656 2055 Fill.
2685 2002 2798 2056 Bec-

339 2086 515 2141 Saach.
542 2088 721 2141 Bonae.
752 2087 879 2155 disp.
906 2091 955 2141 3.
986 2103 1035 2154 q.
1063 2093 1112 2142 2.
1138 2104 1187 2156 p.
1214 2091 1263 2142 ὅ.

427 2187 585 2262 100.
618 2191 794 2257 Haec
839 2192 1144 2276 obligatio
1190 2192 1445 2258 cavendi
1492 2193 1569 2257 ab
1616 2194 1713 2267 iis,
1754 2212 1913 2274 quae
1958 2192 2305 2275 periculum
2351 2191 2626 2257 inferunt
2669 2208 2802 2272 peo-
2838 2256 2854 2270 ,

335 2292 516 2357 candi
562 2294 911 2359 communis
957 2297 1055 2360 est
1101 2296 1387 2360 omnibus
1432 2295 1809 2377 praeceptis;
1850 2296 1946 2359 est
2002 2296 2165 2359 enim
2212 2295 2515 2379 obligatio
2562 2291 2801 2359 vitandi

335 2396 691 2462 occasiones
737 2397 1051 2479 proximas
1094 2398 1350 2479 peccati.

419 2498 697 2563 Advorte
728 2501 960 2576 tamen,
994 2519 1116 2565 non
1164 2519 1294 2565 esse
1342 2502 1577 2565 crimen
1607 2499 1886 2565 haeresis
1915 2500 2060 2564 huic
2096 2499 2368 2583 periculo
2402 2516 2467 2562 se
2505 2498 2798 2572 obiicere3

337 2601 479 2666 licet
508 2600 601 2666 sit
630 2603 849 2666 contra
879 2602 1182 2668 virtutem
1212 2603 1374 2667 fidei.

426 2704 517 2768 De
567 2705 964 2769 concionibus
1011 2705 1352 2782 audiendis,
1407 2707 1690 2788 superius
1754 2706 1989 2788 aliquid
2032 2706 2402 2771 adnotatum
2452 2706 2547 2768 est
2591 2723 2652 2766 n.
2693 2701 2798 2766 69.

334 2807 425 2872 De
454 2807 737 2892 legendis
767 2807 945 2873 libris
982 2827 1183 2874 sermo
1216 2808 1334 2873 erit
1365 2809 1429 2872 in
1474 2808 1596 2874 fine
1624 2810 1814 2873 huius
1843 2809 2200 2886 voluminis,
2250 2808 2356 2873 ubi
2403 2807 2478 2872 de
2509 2805 2803 2871 Prohibi-

336 2908 499 2973 h‘one
531 2909 863 2974 labrorum.

422 3011 649 3092 Quoad
678 3012 1123 3095 disputandum
1153 3014 1310 3079 item
1342 3014 1624 3096 superius
1656 3013 1896 3079 dictum
1931 3016 2028 3078 est
2057 3034 2134 3078 n:
2163 3014 2266 3077 71.

437 3134 603 3186 XLV.
628 3133 683 3184 7.
703 3132 1061 3186 Matrimonium
1088 3137 1379 3187 contrahere
1404 3147 1516 3187 cum
1544 3133 1807 3196 haeretica,
1828 3134 1920 3187 etsi
1943 3148 2097 3200 perse
2122 3133 2187 3187 sit
2213 3131 2437 3186 illicitum
2464 3133 2799 3194 habeaturque

328 3217 377 3271 ia
420 3216 663 3287 Hispania
699 3225 748 3271 et
789 3217 923 3272 ltalia
964 3222 1187 3284 mortale,
1213 3218 1466 3286 probabile
1496 3226 1654 3273 tamen
1693 3225 1785 3281 eet.
1810 3222 1874 3271 oh
1899 3217 2123 3283 gravium
2165 3220 2432 3286 Doctorum
2458 3214 2799 3270 auctoritatem

329 3303 528 3369 (Sancti.
556 3301 629 3356 dc
659 3303 825 3357 Matr.
856 3309 890 3355 t.
920 3304 1025 3356 2.1.
1045 3303 1096 3355 7.
1121 3305 1168 3356 d.
1188 3304 1275 3356 72.
1297 3320 1345 3357 n.
1366 3305 1417 3356 ὅ.
1438 3307 1567 3357 Azor
1594 3311 1628 3357 t.
1654 3307 1698 3356 l.
1719 3305 1752 3357 1.
1775 3306 1823 3356 8.
1843 3306 1891 3356 (1.
1908 3305 1956 3356 3.
1978 3318 2020 3357 c.
2050 3305 2098 3356 3.
2126 3306 2246 3367 neg.
2266 3309 2328 3355 tr.
2369 3306 2417 3355 2.
2441 3305 2471 3354 l.
2492 3301 2578 3353 32.
2601 3314 2648 3352 n.
2681 3298 2797 3350 169.

332 3386 545 3441 Basilius
565 3386 773 3440 Pontius
792 3385 857 3440 de
876 3387 1041 3441 Matr.
1059 3389 1088 3441 l.
1108 3387 1157 3439 7.
1175 3403 1217 3440 c.
1247 3390 1295 3441 6.
1319 3387 1581 3445 vid.Car‹l.
1595 3391 1655 3442 de
1678 3391 1814 3453 Lugo
1835 3386 1899 3442 de
1912 3388 2287 3444 Sacramentis
2311 3387 2370 3441 in
2389 3400 2587 3456 yenere
2606 3384 2732 3449 disp.
2751 3383 2800 3434 8.
2875 3408 2884 3416 ·

330 3479 447 3526 sect.
480 3473 559 3526 ¹4.
584 3487 634 3524 n.
662 3475 820 3539 120.),
841 3471 889 3525 in
912 3473 1174 3525 Germania
1200 3473 1367 3538 licere,
1389 3488 1451 3526 ex
1476 3473 1613 3538 gravi
1639 3488 1802 3535 causa,
1824 3475 1963 3527 salvo
1985 3479 2143 3525 tamen
2166 3470 2274 3524 iure
2300 3470 2510 3523 naturali
2536 3475 2584 3521 et
2610 3472 2798 3519 semoto

332 3556 554 3622 periculo
579 3565 689 3611 tum
714 3556 1050 3611 contrahentis
1075 3563 1177 3611 tum
1206 3557 1385 3623 prolis;
1408 3562 1534 3611 unde
1560 3560 1620 3611 de
1646 3557 1706 3611 iis
1732 3556 1872 3610 initio
1897 3556 2129 3610 constitui
2154 3557 2316 3618 dehet,
2343 3561 2396 3608 ut
2421 3552 2663 3607 catholice
2686 3552 2800 3602 edu·

331 3649 518 3696 centur.
548 3644 618 3695 V.
641 3642 754 3694 Boc.
782 3643 813 3694 1.
841 3643 890 3695 ὅ.
916 3655 959 3695 c.
990 3641 1072 3695 19.
1101 3640 1242 3694 Dian.
1269 3657 1317 3707 p.
1344 3644 1394 3696 3.
1421 3648 1454 3695 t.
1486 3642 1532 3695 ⁴.
1558 3655 1600 3694 r.
1631 3644 1752 3695 269.

420 3750 511 3814 De
560 3751 684 3813 hac
727 3768 794 3813 re
840 3750 1088 3814 uberius
1122 3753 1346 3834 agetur
1373 3751 1438 3813 in
1472 3751 1750 3814 tractatu
1782 3749 1855 3813 de
1891 3748 2312 3824 matrimoni0‚
2346 3746 2455 3812 ubi
2483 3746 2559 3810 de
2589 3742 2804 3809 matri·

333 3854 560 3919 moniis
583 3853 800 3917 mixtis
830 3853 1039 3935 ibique
1069 3854 1219 3936 quid
1251 3854 1325 3917 de
1360 3854 1500 3918 miti
1534 3854 1842 3919 sententia
1874 3854 1947 3918 A.
1982 3852 2352 3918 censendum
2375 3852 2480 3929 sit,
2504 3850 2797 3914 dicemus.

436 3977 619 4033 XLVl.
641 3979 689 4031 8.
721 3980 857 4042 Eum,
878 3977 959 4044 qui
987 3980 1152 4045 lapsus
1179 3987 1253 4031 est
1280 3977 1328 4031 in
1352 3978 1612 4044 haeresim,
1640 3993 1734 4031 non
1767 3976 1917 4031 teneri
1943 3977 1991 4030 in
2019 3976 2323 4031 confessione
2350 3974 2616 4043 explicare,
2643 3970 2802 4038 qualis

331 4061 415 4118 ille
451 4063 536 4126 sit,
565 4076 630 4116 eo
668 4064 799 4128 quod
839 4076 1009 4116 omnes
1045 4062 1265 4117 eiusdem
1303 4063 1484 4130 speciei
1510 4062 1623 4127 sint,
1653 4065 1832 4118 doceat
1870 4065 1989 4126 neg.
2019 4062 2159 4116 Dian.
2186 4069 2221 4116 t.
2254 4064 2297 4115 l.
2325 4068 2387 4115 tr.
2417 4060 2483 4114 de
2509 4059 2801 4115 Gir-cumr.

331 4162 374 4201 r.
400 4150 485 4202 46.
514 4148 703 4203 citans
725 4146 866 4202 alios
892 4154 941 4200 et
964 4150 1143 4201 Eseob.
1174 4156 1235 4201 tr.
1264 4149 1313 4209 5.
1341 4162 1499 4201 exam.
1533 4151 1578 4202 l.
1603 4163 1646 4202 c.
1673 4149 1725 4202 5.

438 4232 542 4289 Alii
566 4239 731 4285 tamen
763 4231 1065 4286 contrarium
1091 4239 1273 4298 tenent,
1298 4247 1424 4299 quos
1450 4232 1671 4299 sequitur
1695 4235 1843 4290 Card.
1872 4235 1934 4287 de
1961 4235 2098 4297 Lugo
2121 4232 2194 4287 de
2221 4233 2384 4287 Pom.
2412 4233 2458 4284 d.
2496 4231 2574 4282 16.
2603 4244 2650 4282 n.
2677 4229 2799 4281 288.

332 4324 380 4369 et
405 4333 451 4370 n.
478 4319 607 4370 291.

425 4416 565 4491 101.
604 4421 779 4484 Duae
815 4421 952 4485 heic
987 4421 1379 4502 quaestiones
1426 4421 1847 4486 includuntur.
1881 4421 2079 4497 Prior,
2125 4441 2204 4484 an
2234 4420 2522 4485 teneatur
2553 4417 2691 4499 quis
2737 4413 2800 4476 in

334 4524 720 4590 confessione
752 4525 1088 4608 exprimere
1120 4544 1449 4590 numerum
1477 4525 1823 4602 haeresum,
1857 4526 1920 4589 in
1959 4543 2116 4607 quas
2153 4526 2366 4608 lapsus
2399 4523 2503 4599 sit,
2537 4539 2616 4583 an
2654 4531 2797 4581 vero

336 4627 546 4712 plures
579 4625 882 4702 haeresse,
919 4645 1074 4707 quas
1112 4627 1249 4707 quis
1281 4627 1522 4704 dixerit,
1556 4646 1752 4690 unum
1782 4628 2107 4708 peceatum
2145 4626 2289 4689 sint.
