3497 5147
346 344 501 420 [944]
1032 359 1117 398 AN
1152 359 1231 398 m
1263 358 1590 407 Quousta
1624 359 1849 400 meran·
1882 359 2134 400 BELLUM
2707 346 2814 401 701

435 450 653 535 Quoad
686 457 774 519 2⁰.
809 455 1173 540 Ignorantia
1220 457 1528 539 utrinque*
1550 458 1905 543 contingere
1951 459 2177 542 potest,
2211 457 2459 540 quando
2494 457 2632 521 iura
2664 460 2814 522 sunt

347 559 601 727 (1111)*ιίἶή
646 662 874 745 potest,
905 664 981 727 ut
1024 663 1381 747 ignorantia
1413 664 1661 728 excuset
1697 663 2054 747 principem,
2088 680 2210 728 non
2243 680 2386 727 vero
2423 661 2814 727 consiliarios

349 768 460 829 aut
508 765 684 843 alios,
724 765 832 849 qui
863 766 1200 851 principem
1231 766 1571 830 informant
1608 766 1680 830 de
1714 784 1936 829 causae
1971 765 2296 830 adiunctis;
2332 763 2397 829 Si
2432 765 2598 829 enim
2631 763 2816 829 infor-

346 867 543 932 matio
576 867 735 933 falsa
773 871 868 933 est
905 871 967 933 et
996 870 1275 953 princeps
1310 889 1431 934 non
1463 870 1652 934 habet
1690 869 1846 933 alias
1884 868 2209 932 dubitandi
2241 886 2479 946 0011505,
2519 868 2816 932 delictum

345 970 412 1034 in
441 973 633 1053 caput
662 970 1101 1054 decipientium
1139 972 1435 1037 vertetur.

460 1146 636 1199 XLIV.
664 1148 713 1198 2.
739 1147 956 1199 Tenetur
980 1147 1102 1211 Rex,
1127 1152 1386 1212 antequam
1428 1146 1609 1200 bellum
1646 1143 1865 1212 incipiat,
1890 1144 2023 1198 omni
2061 1143 2308 1210 diligentia
2348 1158 2541 1208 curare,
2575 1150 2627 1196 ut
2651 1150 2815 1197 certus

350 1227 415 1281 sit
450 1231 511 1283 de
549 1228 657 1283 eius
691 1229 876 1283 iustitia
916 1236 967 1283 et
1002 1230 1141 1294 gravi
1178 1245 1341 1285 causa.
1368 1232 1443 1286 Ad
1481 1232 1612 1296 quod
1651 1230 1904 1297 sequentia
1941 1231 2230 1291 conducent,
2266 1231 2311 1281 ⁴.
2352 1235 2405 1282 ut
2442 1236 2584 1282 curet
2624 1230 2808 1282 habere

348 1327 444 1367 non
476 1320 661 1367 tantum
701 1314 902 1380 peritos,
929 1317 1015 1368 sed
1050 1315 1194 1368 etiam
1235 1318 1390 1368 bonos
1426 1313 1773 1370 consiliarios:
1801 1319 1849 1368 2.
1878 1322 1929 1368 ut
1968 1314 2202 1376 attendat,
2234 1328 2293 1367 an
2332 1312 2478 1368 etiam
2516 1327 2543 1365 a
2585 1312 2688 1366 suis
2729 1311 2817 1365 im·

348 1397 608 1465 pediantur
649 1399 727 1452 vel
753 1398 1137 1454 inter-vertantur
1162 1398 1353 1454 litterae
1379 1406 1460 1453 aut
1486 1398 1835 1454 instructiones
1861 1400 1922 1452 ad
1948 1399 2141 1467 ipsum:
2169 1400 2218 1451 3.
2246 1398 2290 1451 si
2317 1412 2412 1451 non
2443 1402 2628 1451 tantum
2658 1411 2685 1449 a
2712 1396 2816 1449 suis

348 1480 671 1544 Consiliariis‚
697 1485 783 1537 sed
822 1482 968 1537 etiam
1007 1499 1034 1536 a
1071 1482 1284 1538 diversis
1321 1485 1586 1549 Theologis
1611 1491 1750 1539 curet
1777 1483 2012 1538 iustitiam
2045 1483 2161 1538 belli
2199 1484 2467 1537 secundum
2498 1484 2631 1546 leges
2657 1481 2818 1534 Evan-

349 1565 529 1629 gelicas
568 1567 839 1620 examinari
879 1574 927 1621 et
964 1567 1115 1622 libere
1152 1568 1303 1622 edici:
1334 1570 1380 1622 4.
1411 1568 1451 1621 si
1490 1568 1671 1623 auditis
1708 1568 1952 1635 omnibuS,
1979 1567 2089 1633 ipse
2114 1581 2308 1634 quoque
2333 1581 2501 1621 coram
2547 1568 2651 1619 Deo
2679 1565 2812 1620 illam

351 1649 592 1704 examinet
630 1656 906 1717 statuatque
942 1652 1010 1715 id,
1035 1654 1166 1718 quod
1204 1653 1254 1705 in
1293 1660 1444 1717 punto
1485 1653 1661 1707 mortis
1697 1668 1752 1707 se
1792 1653 1965 1707 secisse
2001 1654 2168 1707 vellet.
2196 1652 2434 1717 Denique,
2465 1651 2579 1704 licet
2606 1646 2818 1703 sufficiat

350 1732 516 1801 opinio
554 1734 824 1802 probabilis
863 1738 923 1791 de
959 1735 1145 1791 iustitia
1184 1736 1316 1801 belli,
1354 1737 1397 1791 si
1439 1743 1601 1791 tamen
1639 1737 1824 1791 iustitia
1867 1742 2060 1791 maneat
2097 1736 2366 1803 aequaliter
2415 1735 2564 1789 dubia
2605 1743 2653 1788 et
2690 1738 2818 1788 alter

350 1818 415 1872 sit
449 1817 498 1872 in
536 1818 863 1885 possessione,
907 1835 1000 1875 non
1039 1821 1151 1875 licet
1188 1821 1234 1875 ei
1272 1824 1452 1876 bellum
1488 1821 1721 1883 indicere.
1760 1837 1870 1876 cum
1915 1822 2091 1876 melior
2127 1822 2191 1876 sit
2228 1820 2444 1875 conditio
2495 1819 2809 1888 possidentis.

351 1902 458 1956 Fiu.
487 1911 519 1957 t.
550 1904 633 1957 29.
656 1918 699 1957 c.
721 1904 769 1957 9.
792 1919 838 1970 q.
869 1906 917 1958 4.
944 1907 1104 1960 Trull.
1131 1907 1163 1960 l.
1192 1907 1241 1959 5.
1270 1921 1313 1959 c.
1344 1910 1392 1960 2.
1422 1908 1469 1960 d.
1497 1910 1546 1960 3.
1574 1906 1657 1960 ubi
1683 1922 1796 1960 cum
1823 1906 1964 1960 Dian.
1998 1922 2044 1973 p.
2074 1907 2121 1959 t.
2149 1914 2183 1960 t.
2213 1906 2261 1960 4.
2289 1921 2331 1960 r.
2361 1906 2450 1959 72.
2480 1903 2815 1968 docet,‘licere

349 1987 494 2040 etiam
533 1987 747 2055 principi
770 1992 1040 2044 concedere
1078 1991 1383 2057 repressalia,
1412 1990 1621 2045 servatis
1661 1998 1821 2045 tamen
1848 1989 2209 2044 conditionibus
2249 1989 2415 2056 certis,
2439 2004 2562 2055 quas
2609 2003 2657 2040 v.
2684 1989 2815 2055 apud

352 2073 451 2127 Pal.
480 2080 513 2126 t.
545 2076 591 2127 1.
623 2089 670 2128 0.
697 2077 745 2129 6.
774 2077 823 2128 (1.
852 2076 902 2128 5.
932 2091 980 2143 p.
1008 2077 1057 2130 4.
1084 2083 1135 2130 et
1160 2076 1239 2131 hic
1264 2075 1389 2131 intra
1420 2080 1537 2131 dub.
1566 2093 1665 2143 seq.

447 2194 625 2270 944.
661 2200 721 2266 S.
755 2202 940 2286 Alph.
976 2223 1033 2267 n.
1069 2204 1220 2268 404.
1256 2205 1459 2288 quoad
1507 2206 1953 2288 quaestionem,
1990 2225 2068 2270 an
2104 2205 2293 2270 liceat
2323 2205 2560 2269 bellum
2596 2203 2819 2267 inferre

352 2320 495 2367 cum
527 2303 657 2367 sola
692 2304 977 2388 opinione
1009 2305 1314 2389 probabili
1353 2308 1585 2392 proprii
1616 2307 1790 2385 iuris,
1823 2306 2011 2372 refert
2041 2309 2168 2371 tres
2206 2308 2571 2371 sententias
2604 2306 2817 2368 Prima

349 2407 446 2471 est
477 2406 944 2486 affirmantium,
986 2410 1132 2493 quia
1162 2411 1344 2476 licere
1376 2410 1556 2475 debet
1592 2412 1872 2495 principi,
1909 2411 2073 2494 quod
2103 2411 2252 2476 licet
2298 2411 2491 2476 etiam
2532 2408 2815 2519 privatis,

349 2511 425 2575 ut
452 2508 678 2575 1110111
662 2530 725 2575 111
757 2511 874 2576 1011
904 2511 1253 2577 conditione
1283 2516 1576 2579 moveant
1607 2533 1792 2598 super
1821 2534 1887 2579 10
1925 2514 2004 2579 ab
2039 2513 2179 2579 aliis
2211 2531 2514 2599 possessa.

440 2613 676 2678 Verum
698 2614 849 2679 haec
878 2615 1082 2680 10110
1064 2635 1131 2680 111
1156 2616 1423 2700 paritate
1456 2617 1679 2682 deficit.
1708 2616 1872 2682 Nam
1904 2617 2166 2701 privatis
2192 2617 2257 2682 id
2287 2618 2463 2694 licet3
2500 2617 2647 2700 quia
2669 2617 2819 2681 licet

350 2735 497 2782 suas
543 2716 733 2781 iudici
778 2737 1055 2801 promere
1101 2719 1403 2784 rationes:
1452 2719 1557 2784 sed
1588 2739 1711 2785 non
1760 2721 1993 2804 pariter
2036 2721 2271 2798 liceret,
2314 2719 2392 2785 ad
2439 2740 2570 2784 rem
2614 2721 2818 2803 ipsam

352 2839 575 2885 manus
623 2819 960 2885 extendere.
1000 2820 1084 2885 Et
1130 2840 1270 2886 cum
1316 2822 1497 2887 iudex
1543 2822 1607 2886 in
1654 2841 1724 2886 eo
1774 2841 1922 2887 casu
1967 2843 2099 2888 rem
2134 2824 2335 2889 soleat
2366 2823 2646 2887 addicere
2681 2840 2819 2906 pos-

354 2921 598 2999 sidenti3
646 2922 789 2987 hinc
833 2924 1007 2989 nulla
1056 2923 1321 2989 facultas
1368 2924 1441 2988 fit
1486 2924 1550 2988 in
1597 2944 1765 3002 casu,
1816 2927 1889 2989 ut
1936 2926 2112 3003 alter,
2153 2926 2335 3009 quasi
2383 2944 2571 3011 agens
2611 2928 2819 3010 partes

351 3024 594 3102 iudicis,
644 3026 842 3109 possit
890 3025 967 3090 ad
1012 3046 1141 3090 rem
1188 3026 1619 3091 vindicandam
1664 3028 2003 3113 insurgere,
2052 3047 2242 3111 quam
2277 3028 2420 3092 'sibi
2468 3027 2819 3092 adiudicare

352 3146 475 3194 non
507 3132 734 3212 posset,
770 3128 823 3193 si
858 3130 1066 3212 partes
1097 3129 1319 3194 iudicis
1353 3132 1584 3215 ageret.

444 3230 721 3296 Secunda
752 3231 1057 3297 sententia
1090 3234 1184 3297 est
1216 3251 1450 3311 eorum,
1478 3233 1583 3314 qui
1618 3236 1884 3310 censent,
1919 3234 2068 3297 tunc
2101 3235 2306 3298 solum
2338 3233 2540 3310 licere.
2569 3232 2817 3315 quando

351 3334 452 3398 ius
499 3335 595 3400 est
641 3334 1041 3419 probabilius,
1070 3333 1311 3418 Quippe
1356 3334 1537 3399 iudex
1584 3335 1831 3400 deberet
1881 3335 1956 3413 ei,
1996 3336 2050 3399 si
2092 3336 2172 3399 lis
2217 3337 2282 3400 in
2329 3335 2465 3400 foro
2507 3337 2815 3420 ageretur,

354 3455 486 3501 rem
521 3436 890 3502 adiudicare.

449 3536 509 3603 S.
544 3537 897 3624 Alphonsus
929 3558 1072 3604 vero
1106 3539 1399 3603 adhaeret
1429 3538 1653 3603 tertiae
1683 3538 2044 3615 sententiae,
2078 3557 2269 3620 quam
2299 3537 2454 3602 dicit
2483 3538 2669 3622 longe
2700 3537 2820 3602 sibi

354 3642 853 3726 probabiliorem,
903 3643 1033 3708 scil.
1082 3662 1206 3708 non
1251 3642 1433 3706 licere
1479 3642 1713 3705 bellum
1755 3643 1970 3705 contra
2016 3640 2145 3704 iam
2191 3639 2609 3723 possidentem
2657 3639 2822 3703 bona

339 3744 496 3821 fide,
518 3744 643 3809 nisi
663 3745 803 3827 quis
832 3745 1063 3810 habeat
1091 3744 1525 3810 certitudinem
1549 3744 1648 3809 sui
1670 3744 1860 3818 iuris;
1889 3744 1954 3807 et
1985 3743 2220 3827 allegat
2245 3743 2380 3806 DD.
2408 3741 2517 3823 qui
2543 3744 2820 3826 arguunt

358 3866 431 3912 ex
459 3848 697 3933 regula,
730 3849 801 3911 in
831 3848 1039 3912 dub-iis
1062 3849 1281 3913 melior
1311 3853 1406 3913 est
1434 3848 1702 3912 comi-itio
1718 3846 2137 3927 possidenti&
2163 3864 2352 3927 quam
2382 3844 2600 3909 dicunt
2626 3843 2822 3927 leyem

359 3951 740 4024 canonicam,
776 3951 967 4016 etiam
999 3970 1173 4036 reges
1213 3951 1612 4036 obligantem.

449 4053 684 4120 Verum
717 4074 840 4119 non
871 4056 1041 4119 caret
1076 4074 1172 4118 res
1206 4054 1594 4119 difficultate.
1630 4053 1795 4118 Nam
1831 4052 2047 4137 regula
2093 4051 2237 4130 ista,
2273 4071 2432 4135 quae
2482 4050 2675 4134 exigit
2721 4050 2824 4112 ius

359 4160 610 4232 certum,
643 4157 814 4221 valet
846 4155 1093 4238 quidem
1124 4157 1327 4238 quoad
1366 4157 1662 4241 privatos,
1698 4155 1924 4239 quibus
1961 4173 2084 4219 non
2121 4154 2269 4218 licet
2300 4173 2378 4216 ea:
2413 4153 2659 4215 iustitia
2690 4170 2823 4215 rem

360 4259 479 4325 sibi
512 4260 821 4324 vindicare
870 4260 983 4323 aut
1027 4260 1523 4341 compensatione
1572 4261 1668 4325 uti
1707 4260 1836 4324 sine
1869 4257 2089 4323 iudicis
2122 4255 2516 4332 auctoritate,
2550 4253 2670 4318 nisi
2701 4272 2825 4317 cer-

361 4364 501 4427 tum
546 4364 644 4427 ius
682 4363 792 4437 sit;
846 4362 915 4425 at
958 4380 1080 4426 non
1128 4362 1296 4426 valet
1333 4381 1442 4444 pro
1474 4361 1692 4440 iudice,
1720 4363 1829 4444 qui
1878 4359 2258 4426 adiudicabit
2287 4358 2466 4424 litem
2513 4357 2680 4441 parti
2711 4371 2824 4440 po-

358 4465 550 4530 tiores
583 4466 854 4530 tationes
891 4463 1187 4542 afferenti,
1218 4463 1367 4527 licet
1395 4464 1545 4527 haec
1592 4483 1715 4528 non
1763 4465 1847 4529 sit
1891 4464 1954 4528 in
2004 4460 2390 4547 possessione
2438 4462 2502 4525 et
2546 4458 2694 4524 licet
2724 4460 2823 4522 ius

359 4585 483 4631 non
529 4568 617 4632 sit
658 4565 1075 4646 manifestum.
1108 4566 1304 4630 Porro
1352 4565 1462 4630 ubi
1504 4564 1579 4628 de
1624 4566 1787 4632 bello
1837 4568 2067 4651 agitur,
2118 4565 2196 4630 ad
2241 4564 2509 4630 iudicem
2557 4583 2678 4628 non
2728 4563 2826 4627 est
