3497 5147
340 359 484 434 [124]
1087 373 1339 424 QUANDO
1376 374 1638 416 onmem
1677 376 1892 418 passo.
1931 375 2066 419 snm
2734 365 2809 424 93

424 471 554 537 Alii
587 472 914 560 assignant
943 474 1186 556 tempus
1219 472 1628 558 obligationis
1651 472 1989 538 articulum
2019 474 2239 538 mortis
2258 499 2273 553 3
2293 475 2460 558 quia,
2486 475 2801 558 inquiunt,

336 575 518 640 debet
568 595 635 641 se
696 575 1084 666 praemunire
1121 576 1336 640 contra
1384 575 1781 640 tentationes,
1816 575 2050 639 Verum
2096 577 2203 653 sic,
2240 577 2313 641 ut
2359 577 2628 642 advertit
2665 577 2706 641 l.
2747 598 2801 641 c.

335 677 628 758 Sanchez,
653 699 775 745 non
823 679 999 746 adest
1030 679 1331 765 obligatio
1365 698 1438 742 ex
1483 678 1544 744 vi
1584 679 1912 762 praecepti,
1941 680 2047 744 sed
2084 699 2191 763 per
2238 681 2515 746 accidens
2564 701 2634 746 ex
2659 681 2802 745 aliis

335 781 700 866 praeceptis.

419 884 579 948 Item
612 883 846 960 dicunt,
880 884 1126 966 quando
1164 884 1348 968 urget
1383 882 1594 967 gravis
1626 884 1896 948 tentatio
1929 883 2395 967 desperationis,
2423 904 2581 966 quae
2615 885 2802 949 aliter

335 985 492 1050 vinci
523 1003 648 1051 non
700 986 928 1070 potest,
967 985 1086 1050 nisi
1133 1005 1239 1068 per
1277 985 1634 1069 oppositum
1681 986 1894 1056 actum
1938 986 2068 1070 spei
2107 988 2170 1050 et
2218 986 2366 1050 tunc
2404 986 2621 1069 utique
2660 987 2800 1069 ipsa

332 1087 529 1154 virtus
576 1088 726 1172 spei,
776 1107 934 1170 quae
980 1087 1470 1171 desperationem
1516 1089 1711 1161 vetat,
1761 1088 2060 1170 praecipit
2121 1089 2533 1154 tentationem
2580 1089 2795 1172 repelli

331 1209 451 1254 non
497 1189 682 1255 modo
731 1210 838 1273 per
884 1194 1092 1254 actum
1139 1190 1290 1273 spei,
1339 1190 1445 1254 sed
1490 1192 1554 1255 et
1600 1210 1707 1273 per
1754 1190 1879 1254 alia
1926 1190 2155 1255 media:
2204 1191 2352 1256 licet
2397 1192 2453 1256 si
2498 1212 2605 1275 per
2668 1191 2795 1256 alia

329 1292 526 1360 media
575 1292 788 1377 repelli
849 1294 1076 1376 posset,
1126 1311 1249 1358 non
1296 1295 1457 1358 esset
1520 1292 1823 1377 obligatio
1871 1292 2150 1358 eliciendi
2199 1294 2409 1358 actum
2474 1295 2621 1378 spei,
2673 1295 2790 1359 etsi

330 1396 722 1479 praeceptum
767 1394 1097 1479 repellendi
1145 1395 1555 1460 tentationem
1586 1394 1670 1460 sit
1716 1414 1787 1459 ex
1834 1395 2068 1460 virmte
2116 1416 2224 1461 seu
2262 1399 2586 1481 praecepto
2636 1399 2784 1480 spei.

417 1495 707 1566 Ceterum
754 1499 905 1562 bene
957 1498 1210 1564 monent
1256 1498 1415 1570 DD.‚
1463 1516 1573 1580 pro
1622 1497 1818 1581 praxi,
1865 1498 2071 1580 quoad
2133 1498 2558 1583 impletionem
2603 1500 2795 1563 huius

330 1601 635 1684 praecepti
682 1601 928 1666 nullum
975 1600 1323 1666 habendum
1372 1619 1502 1665 esse
1549 1600 1932 1683 scrupulum.
1980 1599 2217 1684 Quippe
2282 1600 2359 1663 ad
2405 1600 2788 1684 implendum

327 1703 443 1767 hoc
486 1705 902 1787 praeceptum,
936 1703 1099 1768 sicut
1143 1705 1208 1768 et
1238 1702 1311 1768 de
1358 1704 1683 1786 praecepto
1717 1700 1858 1766 fidei
1907 1701 2194 1779 diximus,
2230 1702 2465 1767 sufficit
2504 1722 2641 1786 spes
2674 1704 2794 1767 vir-

332 1805 521 1870 tualis
567 1808 630 1870 et
671 1806 821 1872 haec
863 1805 1097 1890 passim
1142 1806 1475 1882 exercetur,
1510 1824 1652 1870 cum
1700 1804 1841 1885 quis
1888 1805 2105 1888 sponte
2153 1806 2217 1868 et
2262 1805 2450 1869 libere
2484 1805 2624 1870 orat
2671 1807 2784 1869 aut

331 1908 713 1972 sacramenta
756 1908 1017 1991 suscipit
1063 1909 1176 1972 aut
1222 1907 1325 1989 pia
1373 1926 1558 1989 opera
1604 1908 1875 1971 exercet:
1934 1907 2149 1992 negari
2196 1909 2407 1981 autem
2456 1907 2672 1989 nequit
2727 1908 2796 1972 et

328 2008 587 2074 virtuali
630 2009 984 2076 huiusmodi
1030 2009 1318 2075 exercitio
1365 2009 1500 2074 fieri
1547 2009 1702 2074 satis
1748 2009 1892 2074 huic
1938 2010 2284 2093 praecepto.
2334 2009 2497 2073 Hinc
2546 2010 2649 2074 vix
2692 2030 2795 2076 su-

321 2112 515 2194 spicio
563 2116 676 2191 est,
724 2112 933 2179 fideles
979 2113 1123 2178 huic
1163 2112 1532 2197 obligationi
1577 2112 1803 2177 deesse.
1838 2111 1959 2191 Qui
2005 2131 2150 2177 vero
2197 2112 2440 2191 desunt,
2482 2133 2625 2177 cum
2662 2113 2786 2179 fere

317 2215 449 2281 sine
496 2216 885 2283 advertentia
932 2217 996 2281 id
1039 2218 1292 2294 faciant,
1326 2236 1446 2282 non
1494 2218 1591 2281 est
1635 2237 1744 2281 cur
1791 2216 1998 2299 quoad
2044 2216 2452 2300 praeteritum
2497 2218 2789 2283 molestia

316 2317 403 2382 eis
450 2321 718 2384 creetur.

400 2420 586 2502 Quod
635 2422 863 2490 attinet
924 2422 1001 2487 ad
1062 2423 1247 2506 Resp.
1299 2424 1384 2486 2“1
1435 2442 1507 2488 ex
1555 2421 1740 2487 dictis
1786 2441 1884 2486 res
1931 2421 2099 2486 clara
2146 2423 2259 2486 est.
2309 2421 2580 2488 Adverte
2626 2423 2790 2489 inter

312 2541 434 2603 cosi,
469 2543 633 2609 quos
665 2527 988 2591 enumerat
1017 2526 1092 2591 A.
1128 2527 1191 2591 et
1220 2525 1363 2591 illos
1397 2527 1573 2591 actus
1605 2525 1903 2591 recenseri
1934 2544 2134 2610 posse,
2169 2526 2276 2609 qui
2310 2546 2382 2591 ex
2419 2527 2787 2592 necessitate

309 2627 497 2692 medii
551 2627 887 2694 identidem
934 2627 1096 2695 fiunt
1127 2628 1242 2713 (a).

942 2789 1118 2857 Unde
1162 2794 1496 2872 sequentes*
1530 2810 1716 2854 casus
1759 2790 2176 2855 resolvuntur.

413 2933 498 2987 lV.
531 2935 582 2987 t.
615 2934 816 2991 Mortale
853 2939 1104 2999 peceatum
1141 2939 1218 2986 est
1241 2947 1458 3000 sperare,
1487 2932 1593 2986 sive
1632 2947 1796 2986 amare
1825 2932 1976 2998 magis
2006 2934 2194 3001 (amore
2219 2933 2666 3003 concupiscentiae)
2695 2945 2786 2990 ter·

298 3032 415 3071 rena
445 3022 594 3084 haec,
622 3032 770 3083 quam
794 3017 1050 3072 caelestia:
1080 3033 1128 3071 v.
1154 3033 1200 3083 g.
1227 3017 1270 3072 si
1296 3017 1405 3085 quis
1430 3017 1494 3071 ita
1523 3025 1838 3084 comparatus
1867 3017 1947 3081 sit,
1974 3025 2026 3071 ut
2053 3018 2299 3073 desideret
2330 3028 2570 3087 perpetuo
2597 3024 2777 3084 degere

296 3103 348 3156 in
388 3107 483 3159 bae
523 3103 634 3157 vita
672 3109 723 3156 et
763 3105 869 3156 Deo
904 3102 1178 3169 relinquere
1214 3104 1421 3167 caelum,
1453 3103 1497 3157 si
1531 3101 1626 3156 sibi
1663 3102 1903 3169 relinquat
1938 3110 2137 3160 terram.

387 3226 555 3302 124.
592 3229 695 3295 Ad
742 3228 1210 3316 intelligendam
1257 3230 1560 3295 rationem
1607 3231 2081 3309 resolutionum,
2123 3233 2320 3297 recole
2369 3253 2463 3308 ea,
2502 3254 2659 3317 quae
2706 3235 2783 3299 de

294 3336 530 3401 natura
582 3332 719 3416 spei
766 3334 1117 3397 traduntur.
1151 3332 1386 3416 Nempe
1433 3354 1576 3398 cum
1623 3333 1933 3398 obiectum
1982 3334 2109 3418 spei
2157 3335 2241 3399 sit
2288 3335 2474 3408 Deus,
2509 3338 2584 3401 ut
2616 3357 2780 3400 sum·

289 3458 470 3503 mum
520 3438 789 3515 bonum,
839 3436 1103 3501 amabile
1151 3455 1360 3501 amore
1415 3436 1966 3520 concupiscentiae,
2016 3437 2195 3520 quasi
2254 3437 2318 3500 in
2381 3439 2777 3504 commodum

289 3539 611 3617 amantis;
664 3538 900 3621 primus
964 3540 1160 3615 actus
1209 3537 1317 3621 qui
1375 3538 1439 3604 in
1487 3541 1772 3622 sperante
1834 3540 2224 3624 supponitur,
2274 3540 2368 3604 est
2427 3540 2546 3604 iste
2603 3561 2781 3606 amor

289 3640 861 3727 concupiscentiae.
913 3638 1088 3707 Suar.
1129 3639 1204 3705 de
1253 3638 1391 3721 Spe,
1441 3641 1596 3724 disp.
1635 3641 1693 3704 1.
1733 3644 1881 3706 sect.
1918 3641 1977 3704 3.
2013 3662 2073 3705 n.
2109 3642 2169 3705 4.

379 3747 588 3813 Porro
634 3764 708 3809 ex
753 3744 870 3809 hoc
914 3743 1442 3827 concupiscentiae
1474 3762 1683 3809 amore
1728 3744 2008 3807 nascitur
2053 3743 2423 3810 desiderium
2456 3745 2554 3811 vel
2586 3746 2778 3811 beati-

287 3850 535 3917 tudinis
587 3849 693 3914 vel
741 3848 1043 3913 bonorum
1089 3848 1691 3931 supernaturalium;
1741 3848 1968 3931 quippe
2017 3848 2214 3912 omnis
2262 3868 2437 3913 amor
2483 3849 2646 3934 parit
2680 3849 2781 3914 de·

283 3954 625 4030 siderium,
660 3952 715 4016 si
746 3952 976 4017 bonum
1009 3953 1292 4016 amatum
1323 3951 1409 4015 sit
1440 3952 1678 4017 absens.
1711 3949 1940 4016 Suarez
1978 3951 2125 4016 ibid.
2160 3972 2219 4016 n.
2262 3953 2362 4017 10.

360 4198 432 4250 (a)
451 4193 694 4245 Quidam
723 4203 839 4234 oum
866 4195 1132 4245 praecepto
1159 4192 1264 4245 spei
1284 4192 1599 4248 coniungunt
1629 4196 1955 4248 praeceptum
1974 4207 2173 4249 quoque
2204 4197 2401 4250 timoris,
2424 4196 2485 4238 de
2505 4209 2605 4250 quo
2626 4197 2781 4250 plura

277 4263 330 4306 et
361 4261 684 4318 &equenter
711 4257 765 4300 in
794 4257 1086 4312 seripturis.
1117 4258 1307 4302 Verum
1337 4258 1377 4301 si
1408 4259 1560 4302 timor
1589 4259 1656 4302 sit
1687 4258 1876 4312 filialis,
1906 4260 1991 4303 hio
2019 4272 2120 4303 non
2149 4260 2213 4303 ad
2258 4273 2413 4313 spem,
2443 4261 2527 4304 sed
2558 4263 2621 4305 ad
2651 4264 2777 4306 cari-

275 4333 443 4374 tatem
474 4326 736 4383 pertiuet.
766 4324 819 4367 Si
847 4330 1019 4368 antem
1047 4326 1246 4368 timoris
1267 4325 1468 4369 nomine
1493 4325 1833 4381 intelligimus
1861 4325 2023 4369 solum
2055 4326 2229 4381 fugam
2258 4339 2346 4371 seu
2374 4329 2688 4373 aversionem
2710 4331 2777 4373 ab

273 4405 499 4442 aeterna
529 4405 726 4449 poena,
755 4392 839 4436 hie
867 4396 1010 4436 aetus
1036 4393 1140 4439 iam
1168 4392 1460 4437 continetur
1488 4392 1735 4448 implicite
1764 4394 1820 4436 in
1848 4393 2094 4437 desiderio
2123 4393 2475 4449 beatitudinis,
2502 4397 2637 4449 quod
2666 4410 2772 4450 per-

276 4462 414 4507 tlnet
444 4462 514 4505 ad
547 4471 720 4514 spem.
749 4458 802 4500 Si
829 4458 984 4501 timor
1012 4459 1211 4514 propr-le
1247 4459 1497 4514 accipitur
1526 4463 1675 4514 prout
1703 4459 1909 4514 respicit
1938 4458 2132 4502 malurn
2170 4458 2441 4503 imminens
2470 4474 2499 4503 a
2530 4461 2654 4504 Deot
2687 4463 2771 4506 hio

273 4537 426 4579 octus
453 4544 569 4576 non
599 4533 807 4583 spectat
838 4530 904 4575 ad
936 4530 1182 4573 virtutem
1211 4530 1543 4584 theologicam
1571 4534 1726 4583 atque
1773 4532 2068 4584 praeceptus
2093 4531 2301 4585 quidem
2331 4536 2422 4585 eet,
2453 4544 2632 4575 verum
2666 4544 2768 4575 non

275 4613 367 4655 per
395 4614 451 4644 se
483 4599 577 4643 sed
611 4601 827 4651 propter
865 4597 1024 4649 aliud,
1057 4602 1114 4639 ut
1150 4598 1370 4652 prompti
1399 4610 1577 4650 nempe
1620 4596 1899 4639 efficiamur
1928 4597 1991 4638 ad
2030 4597 2404 4639 observantiam
2447 4598 2590 4651 legis,
2619 4599 2769 4639 cuius

276 4664 638 4723 transgressio
668 4666 895 4705 meretur
921 4675 1148 4715 poenam.
1178 4664 1251 4707 Cf.
1274 4676 1313 4707 s.
1340 4662 1596 4715 Thomam,
1627 4663 1666 4704 2.
1689 4663 1730 4703 2.
1755 4676 1801 4716 q.
1822 4663 1891 4704 22.
1916 4676 1957 4704 n.
1981 4662 2022 4705 2.
2045 4663 2102 4705 E.
