3497 5147
704 362 815 416 228
1078 375 1291 416 raxc‘r.
1330 376 1409 417 vr.
1450 373 1613 416 sac‘r.
1650 374 1690 415 1.
1730 374 1816 413 nn
1852 374 2045 415 ramo
2082 373 2440 419 mancam-o
2477 372 2788 415 11111611ιο111
3026 359 3174 435 [312]

702 473 1031 556 pertinent,
1067 474 1392 565 templum,
1428 473 1665 536 altare:
1715 470 1969 553 quidam
2016 471 2432 537 indifferentes
2480 474 2629 536 sunt
2676 472 2752 536 ad
2784 473 3042 537 latriam
3073 475 3172 538 vel

701 575 959 652 duliam,
996 574 1072 638 ad
1111 594 1376 656 quarum
1418 575 1786 638 alterutram
1827 574 1903 637 ab
1949 574 2291 639 intentione
2340 575 2662 640 adorantis
2711 577 2776 639 et
2821 577 3007 640 certis
3054 576 3172 640 cir-

701 676 1097 741 cumstantiis
1145 675 1655 753 determinantur,
1689 676 2040 740 cuiusmodi
2078 678 2225 741 sunt
2255 677 2623 761 genuflexio,
2666 678 2943 742 accensio
2990 678 3172 742 lumi-

695 798 866 856 num,
904 779 1154 843 suffitus
1201 797 1447 861 quoquc
1484 781 1599 843 etc.
1632 800 1690 842 v.
1732 799 1791 860 q.
1829 779 1932 842 84.
1970 798 2024 843 a.
2065 780 2121 843 1.
2157 778 2694 858 Quemadmodum
2741 780 2908 844 enim
2955 781 3162 863 plures

697 885 844 945 sunt
890 882 1220 963 conceptus
1266 881 1492 945 mentis
1539 882 1867 957 humanae,
1902 900 2090 963 quam
2124 882 2427 946 vocabula
2478 882 2540 945 in
2589 881 2854 966 singulis
2901 882 3162 967 linguis3

696 983 786 1047 ita
834 986 897 1047 et
942 983 1150 1066 plures
1197 985 1346 1048 sunt
1392 984 1650 1048 affectus
1689 983 1900 1059 animi,
1942 1004 2132 1066 quam
2163 984 2496 1048 eorundem
2535 984 2839 1048 exteriora
2873 985 3073 1069 signa.

785 1086 1035 1150 Latriae
1073 1086 1280 1150 cultus
1312 1085 1570 1150 debetur
1606 1087 1736 1150 Deo
1776 1104 1899 1150 non
1937 1088 2187 1150 tantum
2224 1086 2357 1149 iure
2388 1086 2685 1162 naturali,
2734 1085 2840 1149 sed
2889 1087 2954 1149 et
2998 1088 3164 1169 posi-

695 1188 847 1253 tivo.
883 1189 1067 1253 Deut.
1109 1188 1220 1252 VI.
1263 1188 1365 1251 13.
1407 1189 1471 1251 et
1501 1187 1732 1251 Matth.
1768 1188 1877 1251 IV.
1912 1189 2014 1251 10.
2047 1187 2396 1251 Dominum
2416 1186 2628 1251 Deum
2665 1190 2841 1250 buum
2867 1186 3165 1253 adorabis

693 1293 757 1353 et
797 1288 902 1353 illi
943 1289 1066 1353 soli
1109 1291 1357 1354 servies.
1408 1290 1815 1372 Praeceptum
1863 1290 1998 1367 hoc,
2049 1309 2173 1371 qua
2207 1290 2658 1354 affirmativum
2706 1291 2822 1363 est,
2862 1289 3163 1373 praecipit

695 1392 871 1456 actus
899 1392 1221 1476 religionis
1269 1412 1377 1456 6611
1422 1391 1645 1455 1611166
1691 1410 1840 1476 erga
1887 1392 2119 1456 Deum:
2169 1410 2292 1473 qua
2329 1392 2697 1475 negativum
2728 1392 2843 1469 661,
2879 1391 3165 1473 prohibet

692 1495 1005 1576 quoslibet
1034 1497 1213 1559 actus
1249 1494 1537 1579 religioni
1568 1494 1933 1559 contrarios

781 1598 1190 1680 Ptaeceptum
1222 1597 1673 1661 affirmativum
1721 1616 1846 1661 non
1892 1596 2133 1681 obligat
2179 1615 2287 1680 per
2317 1615 2381 1660 66
2414 1595 2491 1659 ad
2525 1595 2953 1660 adorationem
2999 1616 3163 1661 mere

690 1699 1026 1776 internam3
1078 1719 1224 1764 nam
1270 1700 1503 1764 sufficit
1549 1700 1832 1764 adoratio
1878 1699 2078 1763 mixta
2124 1718 2195 1762 ex
2237 1699 2383 1762 actu
2415 1697 2699 1762 interiori
2744 1700 2807 1762 et
2854 1699 3159 1764 exteriori.

688 1803 972 1868 Exterior
986 1823 1131 1869 vero
1160 1804 1463 1881 adoratio,
1490 1822 1614 1868 non
1639 1803 1890 1885 quidem
1908 1803 2062 1876 sola,
2088 1821 2247 1884 quae
2271 1802 2443 1867 fictio
2469 1804 2631 1867 esset
2655 1804 2720 1867 et
2745 1802 3156 1880 mendacium,

688 1904 792 1969 sed
825 1905 1154 1968 coniuncta
1185 1925 1328 1969 cum
1358 1905 1639 1969 interiori
1672 1906 1891 1987 sponte
1939 1905 2211 1988 primum
2259 1903 2402 1967 fluit
2433 1905 2512 1968 ab
2547 1904 2682 1986 ipsa
2716 1906 2965 1984 natura,
3001 1925 3159 1987 quae

686 2005 1085 2070 interioribus
1120 2007 1360 2071 actibus
1398 2009 1549 2070 nata
1582 2008 1677 2071 661
1709 2006 2013 2071 exteriora
2045 2008 2225 2090 signa
2260 2006 2591 2070 associare:
2626 2006 2731 2070 sed
2756 2008 2821 2070 61
2844 2007 3015 2072 cadit
3045 2008 3159 2072 sub

687 2110 1011 2191 praecepto
1044 2110 1184 2172 tum
1213 2108 1410 2191 ipsius
1446 2108 1604 2192 legis
1642 2108 1923 2185 naturae,
1959 2128 2117 2191 quae
2148 2108 2374 2172 saltem
2406 2108 2599 2193 exigit
2629 2109 2872 2173 cultum
2910 2129 3155 2192 quoquc

683 2210 996 2284 socialem,
1029 2211 1137 2292 qui
1169 2211 1386 2292 nequit
1418 2229 1541 2275 non
1574 2228 1704 2275 esse
1738 2212 2058 2287 externus;
2097 2212 2234 2274 tum
2271 2210 2426 2274 iuris
2459 2210 2713 2293 positivi
2749 2210 2965 2287 divini,
2996 2213 3158 2294 quod

682 2315 860 2377 661116
903 2314 1224 2378 exterioris
1270 2314 1478 2378 cultus
1513 2314 1776 2378 exerceri
1815 2313 2038 2389 voluit,
2070 2315 2146 2377 ut
2183 2312 2552 2377 sacrificium
2593 2315 2656 2377 et
2686 2313 2806 2377 diei
2838 2314 2987 2379 festi
3024 2334 3162 2380 san-

682 2415 1146 2481 ctificationem.
1188 2415 1280 2481 Cf.
1321 2416 1547 2481 Suarez
1580 2415 1654 2481 de
1677 2416 1890 2498 Reliq.
1926 2419 2007 2481 tr.
2045 2417 2105 2481 2.
2138 2418 2182 2481 1.
2224 2418 2281 2480 1.
2321 2436 2371 2480 6.
2410 2418 2470 2480 2.

772 2519 1098 2602 Disputari
1128 2520 1355 2603 potest,
1391 2518 1914 2602 quemadmodum
1947 2520 2010 2583 in
2043 2518 2386 2603 praeceptis
2420 2518 2815 2584 affirmativis
2839 2519 3151 2586 virtutum

678 2620 1156 2706 theologalium‚
1186 2622 1433 2705 quando
1481 2623 1706 2705 urgeat
1735 2623 1800 2685 61
1829 2622 2076 2703 quoties
2126 2621 2427 2705 obligatio
2462 2621 2648 2686 huius
2679 2624 3012 2706 praecepti.
3041 2624 3157 2688 Ve-

677 2741 818 2787 rum
856 2725 921 2787 in
952 2725 1070 2788 hac
1099 2742 1164 2787 16
1202 2723 1406 2786 11111101
1451 2725 1546 2787 661
1576 2722 1783 2804 quoad
1816 2723 2056 2805 praxim
2103 2723 2460 2788 difficultas.
2497 2722 2560 2788 Si
2594 2724 2756 2788 enim
2781 2723 2993 2789 fideles
3029 2727 3154 2791 sin-

675 2825 842 2909 gulis
867 2825 1083 2890 diebus
1106 2825 1282 2890 festis
1306 2844 1377 2890 ea
1401 2826 1738 2908 praestent,
1767 2844 1926 2908 quae
1958 2825 2233 2890 Ecclesia
2258 2825 2577 2909 praecipit,
2605 2825 2980 2890 satisfecisse
3002 2827 3149 2893 huic

677 2925 1047 3011 obligationi
1086 2926 1325 2991 dicendi
1356 2927 1524 2992 sunt.

766 3026 923 3100 312.
959 3029 1057 3094 Ad
1089 3029 1337 3093 laudem
1375 3030 1488 3094 Dei
1520 3030 1685 3113 quod
1717 3032 1977 3113 spectat,
2012 3029 2414 3093 manifestum
2447 3031 2561 3104 661,
2602 3048 2738 3093 66111
2772 3048 2906 3095 6666
2932 3033 3143 3097 66111111

673 3134 929 3199 virtutis
964 3133 1304 3218 religionis,
1355 3151 1499 3196 cum
1535 3132 1755 3197 tendat
1785 3132 2013 3196 directe
2058 3131 2122 3195 in
2172 3133 2285 3196 Dei
2317 3132 2632 3196 honorem.
2672 3132 2843 3196 Deus
2893 3134 3144 3215 quidem

670 3237 873 3302 maior
904 3237 1000 3300 661
1032 3235 1199 3301 0111111
1235 3235 1453 3300 laude:
1489 3234 1593 3298 sed
1624 3235 1776 3298 haec
1806 3234 1943 3316 ipsa
1975 3235 2138 3297 ratio
2171 3235 2268 3297 est
2297 3253 2407 3298 cur
2436 3234 2786 3298 laudandus
2812 3235 2915 3312 sit,
2967 3236 3142 3302 iuxta

669 3340 845 3404 illud.
881 3339 1066 3403 Eccli.
1100 3338 1332 3403 XLIII.
1373 3339 1479 3402 33.
1529 3334 1983 3400 Benedicent&
2011 3334 2375 3411 Dominum,
2412 3336 2683 3399 exaltate
2715 3336 2915 3400 Illum
2948 3359 3144 3420 quan-

674 3445 805 3505 bum
826 3442 1133 3522 potestis,·
1168 3442 1374 3504 maior
1409 3443 1504 3503 est
1530 3439 1698 3504 enim
1728 3439 1900 3502 omni
1922 3436 2124 3502 laude.
2160 3439 2488 3502 Praeterea
2524 3438 2663 3502 laus
2696 3440 2825 3504 Deo
2858 3441 3137 3518 debetur,

671 3545 764 3609 ait
798 3563 847 3609 6.
882 3544 1102 3609 Τ110111.
1154 3563 1211 3625 q.
1248 3545 1353 3607 91.
1396 3561 1451 3607 a.
1490 3544 1547 3606 1.
1596 3541 1850 3625 propter
1895 3539 2146 3605 effectus
2192 3541 2388 3623 ipsius
2438 3541 2570 3616 Dei,
2612 3541 2718 3622 qui
2756 3541 2820 3605 in
2855 3546 3137 3608 nostram

670 3647 1014 3712 utilitatem
1041 3645 1428 3711 ordinantur.

758 3748 925 3812 Laus
954 3747 1202 3830 quidem
1250 3748 1366 3812 Dei
1411 3749 1619 3830 potest
1648 3765 1779 3811 esse
1818 3747 2068 3810 tantum
2099 3745 2164 3809 in
2196 3744 2407 3820 corde;
2449 3744 2555 3809 sed
2592 3763 2683 3821 ea,
2734 3763 2895 3826 quae
2943 3749 3132 3814 simul

670 3867 772 3913 ore
797 3848 888 3922 fit,
923 3866 1066 3931 pars
1091 3850 1188 3912 661
1223 3849 1455 3912 externi
1480 3849 1706 3912 cultus,
1733 3874 1769 3905 «
1786 3848 1876 3912 Ε6
1899 3848 2240 3912 necessaria
2267 3849 2378 3922 661,
2407 3847 2611 3929 inquit
2628 3847 2670 3910 l.
2697 3867 2748 3911 c.
2769 3867 2816 3911 s.
2836 3849 3130 3927 Thomas,

666 3969 789 4016 non
822 3948 1069 4032 quidem
1094 3951 1346 4031 propter
1369 3949 1591 4026 Deum,
1624 3950 1730 4013 sed
1755 3952 2006 4032 propter
2030 3951 2235 4033 ipsum
2258 3949 2638 4025 laudantem,
2664 3950 2843 4014 cuius
2871 3952 3127 4017 affectus

667 4052 974 4118 excitatur
1018 4050 1081 4114 in
1114 4051 1317 4114 Deum
1363 4069 1434 4114 ex
1462 4051 1646 4115 laude
1683 4052 1943 4134 ipsius..
1979 4052 2240 4116 Prodest
2278 4053 2467 4116 etiam
2502 4050 2765 4132 (scilicet
2793 4056 3130 4119 necessitas

666 4155 837 4239 prius
862 4153 1030 4218 dicta
1053 4155 1147 4217 est
1171 4152 1475 4234 quaedam
1498 4153 1926 4219 convenientia
1959 4156 2022 4219 et
2050 4154 2328 4237 utilitas)
2359 4153 2499 4217 laus
2533 4153 2656 4218 oris
2681 4153 2754 4217 ad
2793 4154 2938 4232 hoc;
2966 4157 3128 4238 quod

667 4257 934 4321 aliorum
968 4255 1223 4320 affectus
1246 4258 1621 4339 provocatur
1658 4257 1736 4320 ad
1768 4258 1969 4321 Deum
2001 4281 2063 4321 ».
2105 4257 2365 4321 Divinas
2402 4254 2617 4320 laudes
2647 4255 2897 4321 nomine
2929 4259 3126 4323 totius

662 4359 971 4423 Ecclesiae
1018 4358 1329 4424 celebrant
1375 4359 1651 4442 quotidie
1699 4359 1832 4423 eius
1863 4359 2136 4423 ministri
2167 4359 2305 4422 tum
2352 4358 2647 4442 privatim
2680 4359 2820 4422 tum
2853 4361 3120 4442 publice;

664 4461 888 4545 quibus
913 4462 1138 4527 divinis
1160 4462 1448 4528 laudibus
1467 4463 1688 4527 cantus
1703 4461 1930 4527 merito
1956 4461 2231 4526 adhiberi
2248 4462 2475 4544 probat
2491 4479 2539 4524 s.
2559 4460 2779 4524 Thom.
2807 4461 2959 4526 ibid.
2986 4482 3042 4527 a.
3063 4464 3119 4526 2.
