3497 5147
735 338 846 393 802
1023 352 1236 393 raam.
1265 351 1345 391 v1.
1371 349 1537 392 amr.
1563 351 1670 391 vn.
1697 351 1783 390 nn
1805 349 2043 390 ool-Avo
2069 349 2286 392 paam.
2313 348 2642 391 uncamm.
2667 348 2812 390 nun.
2839 348 2905 387 11.
3021 330 3210 407 [1082]

737 450 901 513 enim
935 467 1056 513 non
1082 448 1327 532 obligat
1358 448 1438 512 ad
1466 447 1949 512 conservandam
1984 447 2218 511 famam
2249 447 2534 531 proximi,
2571 446 2884 511 occultata
2919 444 3200 517 veritate,

736 570 879 615 cum
912 551 1177 616 notabili
1207 549 1526 633 dispendio
1560 554 1672 614 tuo
1711 550 1810 613 vel
1843 550 2132 614 aliorum.
2166 548 2361 629 Quale
2386 551 2599 612 autem
2630 548 2714 611 sit
2748 544 3202 611 aestimandum

736 654 1015 719 notabile
1060 653 1474 737 dispendium,
1506 672 1626 717 non
1674 655 1770 716 est
1815 672 1926 716 cur
1972 652 2155 715 aliter
2200 651 2613 739 definiendum
2644 651 2747 726 sit,
2783 669 2976 731 quam
3012 649 3072 712 in
3119 649 3202 711 si·

736 757 870 820 mili
918 758 1245 838 praecepto
1278 755 1581 827 caritatis,
1618 774 1778 836 quae
1825 755 2016 819 etiam
2065 754 2302 839 obligat
2336 754 2411 817 ad
2461 751 2920 836 impediendum
2965 751 3200 815 malum

736 858 1022 942 proximi,
1057 857 1306 940 quando
1337 858 1469 921 sine
1501 857 1765 921 notabili
1797 856 2115 939 dispendio
2155 860 2266 921 tuo
2297 856 2432 920 fieri
2461 859 2668 939 potest
2701 881 2764 917 ».

831 957 1039 1031 1082.
1091 960 1239 1024 Tria
1286 959 1583 1023 addenda.
1634 958 2062 1022 Manifestatio
2109 958 2468 1023 huiusmodi
2515 977 2695 1041 saepe
2741 957 2909 1031 licet,
2958 956 3199 1019 etiamsi

738 1064 967 1147 agatur
1003 1062 1079 1127 de
1127 1060 1369 1125 defectu
1408 1061 1791 1143 inculpabili,
1833 1080 1891 1123 v.
1917 1081 2011 1145 gr.
2046 1060 2120 1124 de
2150 1060 2392 1135 medici,
2426 1059 2733 1133 advocati,
2767 1058 3053 1143 magistri
3083 1058 3201 1121 im-

741 1163 993 1244 peritia3
1036 1163 1184 1245 quia
1229 1162 1581 1244 frequenter
1628 1166 1874 1244 oportet
1911 1164 2110 1226 vitare
2141 1162 2589 1245 praeiudicium
2636 1161 2829 1225 tertii.
2864 1161 3023 1245 Lug.
3056 1159 3115 1223 d.
3147 1179 3199 1222 c.

740 1286 802 1329 11.
842 1266 988 1327 109.
1024 1267 1085 1328 2.
1120 1266 1326 1331 Maior
1356 1266 1605 1330 licentia
1638 1266 1712 1329 fit
1743 1265 1822 1329 ad
1854 1265 2158 1331 eiusmodi
2188 1265 2776 1340 manifestationem,
2801 1263 3047 1345 quando
3078 1282 3204 1327 ma·

736 1367 875 1431 litia
924 1368 988 1431 et
1033 1368 1236 1451 culpa,
1270 1387 1344 1433 ex
1381 1386 1505 1450 qua
1555 1367 1854 1432 damnum
1899 1368 2019 1431 tibi
2063 1368 2162 1431 vel
2209 1367 2393 1432 alteri
2423 1367 2727 1443 imminet,
2765 1366 2965 1430 adhuc
3002 1385 3202 1448 perse-

736 1472 933 1533 verat.
984 1469 1083 1533 Ita
1130 1489 1188 1533 v.
1239 1490 1333 1553 gr.
1385 1469 1828 1533 animadvertis
1890 1469 2249 1552 quempiam
2307 1468 2474 1534 nolle
2537 1467 2844 1532 abstinere
2901 1485 2938 1530 a
2997 1466 3198 1541 furtiS,

734 1572 962 1653 quibus
994 1571 1292 1636 damnum
1333 1572 1531 1637 amico
1566 1576 1677 1637 tuo
1725 1572 1989 1636 infertur
2020 1590 2130 1636 nec
2161 1590 2371 1655 speras
2418 1572 2619 1635 furem
2656 1572 3043 1634 cessaturum
3091 1571 3200 1632 aut

736 1673 1200 1749 restituturum,
1250 1674 1373 1739 nisi
1419 1674 1689 1739 amicum
1736 1692 2025 1738 moneas:
2068 1693 2317 1739 monere
2365 1674 2626 1756 poteris;
2676 1673 2824 1755 quia
2871 1672 3200 1736 favendum

735 1777 832 1840 est
877 1776 1080 1859 magis
1130 1776 1439 1841 innocenti
1499 1795 1691 1857 quam
1753 1776 2018 1840 nocenti.
2070 1777 2232 1841 [tem
2279 1777 2350 1839 3⁰
2397 1776 2451 1840 si
2497 1778 2821 1839 accusator
2879 1775 2976 1839 vel
3024 1774 3200 1839 testis

738 1878 969 1941 iniuste
1014 1880 1077 1943 te
1126 1880 1310 1943 vexat
1355 1879 1418 1942 in
1458 1878 1713 1942 iudicio:
1751 1878 1980 1960 poteris
2030 1878 2274 1942 occulta
2323 1877 2454 1941 eius
2493 1876 2750 1941 crimina
2782 1875 3199 1952 manifestare,

737 1982 1045 2061 quatenus
1093 1980 1155 2044 id
1201 1980 1491 2044 conducit
1538 1980 1615 2042 ad
1664 1980 1760 2044 tui
1822 1978 2235 2044 defensionem
2286 1979 2383 2044 vel
2432 1979 2509 2042 ad
2572 1978 2972 2043 minuendam
3033 1979 3201 2044 illius

738 2080 943 2146 fidem.
980 2082 1188 2158 Ratio,
1221 2083 1369 2164 quia
1418 2082 1495 2145 ab
1542 2081 1774 2146 iniusto
1825 2100 2182 2163 oppressore
2230 2099 2483 2164 possum
2530 2100 2918 2163 quacumque
2955 2081 3062 2145 via
3107 2100 3202 2145 me

738 2184 1079 2260 defendere,
1111 2186 1361 2249 servata
1391 2203 1679 2249 mensura
1719 2184 2070 2266 inculpatae
2111 2184 2364 2248 tutelae.

828 2287 1021 2352 Addit
1050 2307 1100 2351 s.
1134 2287 1492 2369 Alphonsus
1525 2286 1594 2368 (l.
1629 2288 1712 2369 c.)
1759 2305 1901 2350 cum
1934 2285 2557 2351 Salmanticensibus:
2615 2311 2648 2345 «
2682 2286 2764 2351 Et
2809 2287 2925 2351 1100
2956 2286 3198 2371 (regula

733 2409 872 2472 sup.
915 2410 973 2452 n.
1008 2408 1207 2472 praec.
1242 2390 1617 2470 memorata)
1651 2388 1842 2452 etiam
1890 2387 1954 2451 in
2000 2387 2188 2453 dubio
2236 2389 2308 2453 de
2354 2390 2667 2473 gravitate
2706 2389 2804 2452 tui
2848 2388 3202 2470 (13111111βο-

733 2496 1059 2580 nendum);
1109 2495 1259 2578 quia
1306 2496 1369 2559 in
1418 2494 1532 2557 tali
1580 2493 1768 2557 dubio
1816 2492 2149 2557 favendum
2195 2496 2290 2558 est
2329 2494 2658 2570 innocenti,
2709 2496 2781 2558 ut
2828 2493 3038 2558 dicunt
3067 2491 3200 2557 Sal-

734 2600 1144 2663 manticensae
1191 2616 1335 2661 cum
1381 2596 1512 2660 AA.
1549 2596 1760 2660 citatis
1792 2621 1854 2659 ».

826 2698 1033 2773 1083.
1068 2700 1339 2765 Additur
1371 2700 1505 2764 heic
1538 2699 1857 2781 quaestio:
1894 2697 2054 2778 Quid
2079 2698 2425 2775 dicendum,
2460 2700 2513 2764 si
2546 2700 2842 2764 notitiam
2874 2689 3061 2764 alieni
3092 2701 3197 2763 cri-

731 2805 917 2869 minis
952 2802 1351 2885 acquisiveris
1384 2803 1636 2877 iniuste,
1671 2820 1753 2865 sc.
1788 2820 1896 2884 per
1928 2800 2160 2876 dolum,
2189 2801 2470 2866 fraudem
2495 2805 2631 2879 etc.,
2659 2822 2717 2866 v.
2745 2823 2840 2886 gr.
2866 2802 3196 2882 aperiendo

733 2903 1032 2968 litteras?

822 3006 1041 3070 Plures
1080 3004 1261 3087 plura
1296 3023 1367 3069 ac
1397 3005 1573 3068 varia
1605 3005 1910 3082 dixerunt,
1944 3024 2104 3086 quae
2153 3005 2348 3071 videri
2385 3011 2644 3090 possunt
2677 3006 2842 3089 apud
2872 3006 3194 3092 Ligorium

732 3130 792 3174 n.
830 3109 980 3172 969.

917 3212 983 3274 1⁰
1014 3208 1143 3274 Alii
1188 3228 1331 3274 cum
1370 3207 1519 3274 Soto
1555 3211 1615 3272 et
1650 3206 1940 3284 Sanchez,
1981 3228 2101 3274 non
2145 3209 2326 3274 licere
2373 3210 2470 3275 uti
2519 3211 2627 3275 illa
2673 3211 2902 3275 notitia
2951 3211 3199 3277 etiamsi

732 3315 1027 3399 ageretur
1058 3312 1132 3376 de
1164 3311 1435 3394 periculo
1469 3311 1690 3375 mortis
1730 3312 2102 3376 subeundae.

917 3418 985 3479 2⁰
1017 3414 1147 3479 Alii
1178 3434 1322 3478 cum
1354 3413 1628 3479 Martino
1660 3413 1718 3476 N
1723 3432 1963 3492 avarro,
1998 3433 2121 3478 non
2153 3413 2334 3479 licere
2365 3415 2482 3491 uti,
2521 3415 2575 3479 si
2607 3415 2906 3483 damnum
2942 3418 3198 3483 alterius

733 3520 820 3586 sit
852 3517 1285 3600 irreparabile;
1320 3535 1495 3581 secus
1528 3517 1581 3580 si
1614 3514 1975 3599 reparabile.

912 3623 984 3684 3⁰
1015 3619 1142 3684 Alii
1190 3639 1331 3683 cum
1366 3618 1622 3694 Molina,
1659 3621 1808 3682 tunc
1857 3618 2061 3683 solum
2098 3619 2278 3683 licere
2328 3619 2441 3696 uti,
2476 3621 2722 3702 quando
2767 3623 2954 3708 longe
2991 3624 3196 3688 maius

736 3725 900 3790 foret
931 3722 1373 3787 detrimentum
1411 3723 1613 3785 tuum.

916 3826 986 3886 4ο
1018 3824 1145 3887 Α111
1182 3843 1325 3888 011111
1352 3823 1582 3899 Lessio,
1617 3823 1800 3887 licere
1831 3822 1928 3888 uti
1962 3822 2037 3885 ad
2071 3822 2500 3906 quodcumque
2537 3844 2728 3909 grave
2766 3826 3067 3892 damnum
3105 3829 3191 3891 vi-

736 3927 1033 4003 tandum3
1067 3924 1216 4006 quia
1245 3925 1395 3990 licet
1426 3926 1771 4009 peccaveris
1817 3925 2111 3990 notitiam
2160 3926 2529 4008 accipiendO,
2580 3929 2646 3992 at
2692 3947 2815 3993 non
2863 3949 3076 4013 peccas
3126 3950 3193 3995 ea

732 4029 961 4097 utendo
997 4046 1121 4093 non
1153 4046 1327 4091 secus
1379 4029 1543 4092 acin
1577 4031 1851 4092 extrema
1896 4029 2262 4093 necessitate
2311 4029 2540 4112 absque
2585 4034 2838 4114 peccato
2887 4033 3194 4098 consumis

732 4155 864 4200 rem
897 4132 1215 4206 furtivam,
1248 4130 1395 4195 licet
1434 4130 1693 4195 fura-ndo
1726 4131 2091 4214 peccaveris,

913 4238 980 4298 5⁰
1028 4232 1088 4298 S.
1140 4233 1496 4316 Alphonsus
1544 4235 1649 4297 lib.
1702 4234 1762 4296 3.
1814 4253 1874 4296 n.
1917 4233 2066 4297 969.
2117 4234 2576 4316 praeferendam
2625 4235 2775 4300 dicit
2825 4238 3196 4302 sententiam

732 4341 930 4423 Lugo,
972 4356 1157 4418 quem
1205 4336 1340 4400 heic
1387 4356 1684 4417 maynum
1718 4333 2096 4416 Theoloyum
2145 4337 2436 4419 appellat.
2494 4363 2526 4394 «
2561 4336 2777 4414 Docet,
2827 4338 3055 4420 inquit,
3102 4340 3198 4404 hic

730 4459 999 4526 magnus
1025 4440 1385 4523 Theologus
1408 4436 1563 4519 disp.
1596 4438 1697 4500 14.
1724 4457 1784 4500 n.
1819 4438 1989 4513 101„
2018 4441 2079 4503 te
2103 4457 2224 4503 non
2253 4457 2450 4522 posse,
2476 4440 2848 4524 generaliter
2870 4440 3198 4523 loquendo,

730 4548 827 4619 uti
870 4540 1098 4606 notitia
1146 4541 1257 4604 illa
1310 4539 1539 4602 iniuste
1588 4543 1838 4622 accepta
1887 4559 2026 4603 cum
2063 4541 2320 4605 alterius
2363 4542 2606 4614 damno,
2644 4542 2720 4606 ob
2766 4542 3200 4626 quodcumque
