3497 5147
384 344 527 420 [999]
909 358 992 399 An
1029 359 1108 398 m’
1143 358 1393 406 QUANTA
1432 358 1709 400 encoma
1745 357 1881 398 surr
1919 357 2152 400 oscum
2192 358 2325 398 mc.
2746 341 2854 398 735

385 460 527 542 post
549 455 866 540 sponsalia
889 455 1015 520 ista
1048 455 1513 521 benevolentiae
1539 455 1737 538 signa,
1767 454 1945 532 alter,
1974 456 2047 519 ut
2076 454 2141 518 in
2173 454 2356 519 modo
2383 473 2454 518 ea
2479 454 2658 538 signa
2684 452 2853 517 exhi-

386 560 568 625 bendi
598 577 734 623 mos
766 557 1007 642 patriae
1038 560 1358 635 servetu13
1395 576 1579 639 quem
1611 575 1863 621 sensum
1887 557 2117 621 habent
2141 560 2204 621 et
2234 558 2422 621 verba
2454 576 2501 621 s.
2528 556 2850 639 Alphonsi‚

387 665 462 729 ut
478 662 938 743 permittantur
966 680 1095 724 non
1116 659 1326 737 aliter,
1352 679 1542 741 quam
1563 657 1791 724 solutis
1808 660 2287 740 permittuntur,
2314 658 2425 722 ubi
2445 662 2654 739 viyeat
2681 675 2851 720 usus

388 766 534 830 Dixi
577 764 955 841 communis;
989 764 1079 829 sic
1125 764 1290 828 enim
1337 762 1568 828 Lucius
1608 762 1888 827 Ferraris
1921 761 1997 826 V.
2034 761 2331 827 Luxuria
2361 782 2421 826 n.
2456 762 2592 826 90.:
2631 759 2857 826 Omnes

390 871 591 932 tactus
634 865 865 944 oscula,
899 864 1314 947 amplexus...‚
1346 885 1504 946 quae
1536 864 1704 944 fiant
1732 865 1901 927 inter
1937 884 2282 949 sponsos...,
2322 865 2384 928 si
2405 865 2635 944 pudice
2671 863 2853 945 fiant,

389 990 467 1033 ex
495 973 660 1033 recto
692 968 840 1049 fine,
875 967 1214 1032 secundum
1243 966 1747 1031 consuetudinem
1781 967 2053 1046 patriae,
2088 970 2240 1031 sunt
2269 966 2463 1030 licita.
2499 963 2855 1031 Commu-ms·

392 1111 476 1119 —
503 1074 603 1137 Ita
627 1076 691 1138 et
716 1071 1022 1137 Giribaldi
1070 1092 1103 1136 e
1151 1071 1404 1137 Clericis
1428 1071 1846 1156 Regularibus
1871 1071 2139 1135 Barnab.
2168 1071 2241 1134 de
2267 1070 2560 1134 Matrini.
2587 1088 2720 1152 cap.
2752 1069 2854 1132 19.

392 1175 537 1240 dub.
577 1177 678 1239 15.
713 1195 772 1238 n.
812 1175 989 1238 114.:
1025 1211 1108 1220 —-
1142 1173 1411 1254 Quaeres
1452 1174 1540 1251 50,
1576 1192 1654 1237 an
1701 1173 1944 1256 sponsis
1977 1172 2050 1237 de
2098 1173 2311 1238 futuro
2358 1173 2586 1237 liceant
2624 1170 2855 1246 oscula,

392 1278 600 1342 tactus
640 1278 704 1341 et
742 1276 1106 1359 amplexus?
1153 1274 1487 1340 COMMUNIS
1526 1275 1837 1340 sententia
1883 1279 2091 1360 negat,
2126 1276 2310 1340 licere
2356 1276 2567 1340 tactus
2604 1272 2860 1337 inhone-

393 1381 525 1444 stos
558 1379 623 1443 in
648 1379 930 1463 partibus
962 1378 1291 1461 impudicis
1324 1380 1388 1442 et
1426 1378 1748 1443 occultis...
1785 1376 1903 1442 Sed
1933 1377 2229 1455 concedit,
2264 1377 2446 1441 licere
2478 1378 2687 1440 tactus
2713 1373 2862 1438 alio·

393 1482 543 1565 quin
590 1481 905 1557 honestos,
946 1481 1286 1563 amplexus,
1322 1481 1621 1558 oscula...,
1662 1498 1822 1562 quae
1868 1479 2120 1562 quidem
2167 1481 2350 1544 erunt
2395 1479 2717 1560 peccatum
2764 1495 2862 1540 ve-

394 1585 575 1663 niale,
613 1584 666 1647 si
697 1583 854 1648 fiant
902 1583 980 1648 ob
1018 1584 1215 1648 solam
1265 1582 1668 1647 delectionem
1707 1582 2081 1666 captandam
2113 1585 2177 1647 et
2207 1583 2338 1647 sine
2371 1582 2540 1646 omni
2570 1581 2771 1663 culpa,
2807 1578 2860 1642 si

394 1687 549 1751 fiant
577 1686 642 1750 in
673 1686 926 1770 signum
974 1685 1202 1750 amoris
1236 1687 1298 1750 et
1331 1685 1793 1750 benevolentiae
1839 1685 2016 1749 iuxta
2062 1703 2299 1749 morem
2345 1684 2710 1748 consuetum
2750 1717 2856 1744 —.

394 1789 521 1854 Nec
568 1789 750 1853 aliter
795 1788 1196 1853 Reiffenstuel
1240 1786 1356 1851 Th.
1392 1787 1565 1851 Mor.
1615 1790 1694 1852 tr.
1730 1787 1842 1852 IX.
1893 1788 2035 1852 dist.
2071 1790 2132 1852 4.
2169 1808 2225 1870 q.
2265 1788 2323 1851 7.
2359 1807 2417 1850 n.
2457 1787 2590 1850 77.:
2631 1821 2660 1832 -
2691 1784 2862 1849 Num

396 1893 607 1956 autem
638 1892 799 1956 inter
831 1909 1090 1974 sponsos
1121 1890 1196 1955 de
1226 1889 1438 1955 futuro
1473 1891 1701 1955 liceant
1732 1893 1941 1956 tactus
1975 1892 2039 1955 et
2086 1891 2317 1968 oscula,
2361 1889 2484 1954 alia
2523 1887 2860 1953 difficultas

394 1997 509 2060 est.
543 1994 625 2059 Et
649 1993 899 2075 quidem
929 1994 1139 2058 tactus
1176 1992 1521 2075 impudicos
1555 1993 1717 2057 inter
1750 2011 2012 2075 sponsos
2043 2012 2166 2060 non
2206 1993 2485 2058 excusari
2518 2011 2554 2055 a
2584 1990 2859 2068 mortali,

397 2096 629 2180 passim
673 2095 952 2160 fatentur
982 2096 1164 2159 DD...
1201 2094 1377 2174 Quod
1410 2095 1465 2159 si
1512 2095 1724 2160 oscula
1757 2097 1822 2160 et
1854 2096 2174 2179 amplexus
2208 2096 2281 2160 de
2327 2115 2392 2161 se
2437 2114 2561 2160 non
2594 2094 2721 2158 sint
2752 2093 2864 2157 im-

397 2197 602 2282 pudici
636 2196 943 2279 simulque
990 2196 1208 2262 fiant...
1242 2197 1480 2261 intuitu
1518 2197 1764 2263 honesti
1796 2198 2027 2262 amoris
2060 2218 2132 2263 ac
2162 2197 2646 2274 benevolentiae,
2679 2195 2863 2278 culpa

398 2301 623 2366 vacant
655 2335 703 2364 -.
735 2300 819 2364 Et
849 2299 1364 2365 Salmanticenses
1397 2300 1470 2365 cle
1497 2300 1790 2364 Matrim.
1817 2321 1949 2385 cap.
1981 2302 2083 2365 15.
2113 2321 2170 2363 n.
2199 2302 2336 2365 91.:
2371 2336 2400 2347 -
2433 2298 2675 2365 Ultima
2706 2297 2862 2362 diffi-

397 2405 599 2468 cultas
639 2404 753 2476 est‚
787 2403 1002 2467 utrum
1049 2402 1212 2467 inter
1248 2422 1505 2486 sponsos
1539 2403 1610 2467 de
1645 2403 1857 2469 futuro
1892 2405 2017 2469 sint
2047 2403 2221 2467 licita
2255 2403 2485 2480 oscula,
2522 2401 2859 2484 amplexus,

396 2507 717 2571 tactus...?
764 2506 1213 2589 Respondetur‚
1266 2505 1426 2588 quod
1463 2505 1518 2569 si
1546 2506 1706 2570 tales
1741 2507 1918 2571 actus
1952 2507 2030 2571 ob
2062 2505 2432 2590 captandam
2471 2505 2865 2587 voluptatem

395 2610 570 2688 fiant,
611 2610 794 2674 erunt
840 2610 1090 2692 peccata
1122 2609 1455 2673 venialia...
1491 2606 1556 2672 Si
1592 2609 1668 2673 ob
1701 2610 1952 2694 signum
2001 2608 2252 2687 amoriS,
2300 2608 2546 2672 nullum
2583 2606 2702 2671 erit
2732 2625 2865 2689 pec-

400 2714 613 2777 catum
642 2746 672 2759 -
705 2736 767 2775 ».

496 2838 533 2872 «
563 2813 646 2877 Et
690 2813 850 2877 hanc
897 2811 1145 2893 quidem
1193 2811 1543 2876 doctrinam
1588 2830 1711 2876 non
1758 2812 1971 2878 reiecit
2015 2833 2063 2879 s.
2113 2814 2489 2898 Alphonsus.
2537 2813 2631 2877 En
2678 2812 2865 2876 verba

401 2935 451 2980 s.
485 2914 789 2998 Alphonsi
819 2913 929 2978 lib.
959 2913 1018 2977 6.
1046 2933 1105 2977 n.
1136 2914 1317 2978 584.:
1351 2949 1381 2962 -
1413 2911 1773 2980 Concedunt
1804 2913 1987 2980 Croix
2020 2919 2082 2980 et
2114 2917 2273 2981 Viva
2307 2938 2449 2982 cum
2483 2916 2623 2981 aliis
2657 2916 2867 2981 aucto·
2997 2920 3008 2927 “

398 3016 572 3080 ribus
612 3017 689 3080 ab
717 3016 870 3101 ipsis
903 3016 1206 3095 adductiS‚
1242 3016 1407 3099 quod
1442 3016 1652 3082 oscula
1684 3017 1747 3081 et
1780 3018 2098 3101 amplexus
2136 3019 2311 3083 iuxta
2357 3039 2593 3084 morem
2626 3017 2865 3102 patriae

398 3119 734 3202 aliquando
782 3120 1023 3202 sponsis
1070 3119 1350 3203 permitti
1397 3122 1679 3202 possunt,
1717 3119 1823 3185 sed
1867 3140 1991 3186 non
2039 3122 2221 3187 aliter
2253 3142 2442 3205 quam
2475 3122 2699 3187 solutis
2731 3140 2867 3204 per-

401 3223 761 3287 mittuntur.
796 3221 878 3285 Et
923 3238 1045 3285 noc
1090 3238 1201 3285 nsr
1249 3238 1613 3299 ΡΒΟΒΑΒῙΒΕ,
1647 3223 1832 3288 modo
1866 3224 2024 3289 tales
2060 3227 2237 3289 actus
2269 3243 2392 3288 non
2424 3224 2550 3289 sint
2581 3224 2773 3307 pressi
2806 3225 2870 3287 et

402 3344 506 3408 per
545 3323 798 3406 aliquod
844 3325 1091 3405 tempus
1139 3324 1459 3405 protracti,
1496 3325 1569 3388 ut
1614 3324 1765 3389 bene
1814 3325 2085 3390 advertit
2124 3326 2488 3410 Roncaglia,
2523 3327 2631 3408 qui
2677 3326 2868 3390 etiam

400 3447 506 3492 eos
540 3426 822 3491 admittit
856 3423 934 3487 ad
965 3440 1477 3488 nnunvonsxrmss
1518 3443 2159 3492 DEMONsrnAnoxnnx
2195 3428 2301 3492 sed
2332 3446 2446 3512 ego
2485 3446 2607 3491 non
2642 3428 2868 3492 admit-

401 3532 617 3605 terem,
650 3527 772 3592 nisi
811 3526 918 3590 ubi
952 3524 1098 3589 talis
1132 3525 1369 3609 vigeret
1402 3546 1571 3606 usus,
1607 3530 1681 3591 ut
1712 3530 1904 3594 etiam
1937 3530 2028 3595 ait
2060 3530 2378 3595 Mazzotta
2410 3566 2438 3577 -
2470 3554 2530 3592 ».

495 3626 668 3701 999.
709 3654 743 3688 «
776 3626 940 3692 fflud
973 3648 1170 3693 unum
1200 3645 1447 3693 movere
1471 3630 1774 3711 quosdam
1798 3632 2024 3714 potest,
2052 3631 2216 3713 quod
2249 3632 2549 3697 eiusmodi
2581 3633 2758 3695 actus
2791 3635 2868 3698 ad

397 3732 681 3797 carnales
728 3748 1072 3814 pravosque
1120 3731 1331 3795 motus
1379 3730 1624 3796 ciendos
1656 3732 1994 3798 conferant.
2034 3734 2122 3798 At
2153 3735 2355 3798 valere
2387 3735 2521 3797 heic
2552 3733 2732 3799 debet
2761 3755 2869 3819 ge-

404 3833 633 3899 neralis
670 3833 908 3918 regula,
942 3834 1244 3899 nimirum
1280 3836 1432 3899 tunc
1479 3835 1683 3899 solum
1714 3837 1897 3900 hosce
1929 3838 2138 3901 motus
2171 3855 2302 3900 esse
2334 3836 2690 3919 culpabiles,
2726 3857 2867 3902 cum

407 3937 506 4002 vel
550 3936 720 4001 mala
765 3939 862 4001 est
892 3955 1100 4013 causa,
1141 3937 1239 4001 vel
1271 3937 1615 4019 periculum
1653 3939 1866 4004 subest
1897 3938 2334 4004 consentiendi.
2369 3939 2590 4022 Itaque
2624 3940 2700 4005 ad
2732 3959 2870 4005 con-

406 4039 736 4105 fessarium
781 4038 846 4103 in
892 4057 1048 4104 casu
1093 4039 1360 4122 pertinet
1404 4040 1722 4124 inspicere,
1774 4061 1894 4106 non
1943 4042 2191 4124 quidem
2239 4062 2318 4108 an
2372 4062 2558 4107 causa
2613 4043 2697 4108 sit
2743 4063 2865 4121 rea,

405 4162 551 4208 nam
589 4161 731 4207 cum
776 4141 947 4207 iusta
994 4141 1097 4221 sit,
1140 4160 1211 4206 eo
1260 4142 1393 4225 ipso
1442 4146 1538 4208 est
1586 4143 1868 4223 honesta,
1901 4143 2006 4210 sed
2053 4146 2268 4210 utrum
2318 4144 2482 4211 adsit
2526 4145 2870 4229 periculum

402 4264 736 4312 consensus
766 4245 832 4309 in
867 4245 1111 4309 malum
1134 4262 1367 4326 proque
1392 4265 1505 4310 sua
1537 4246 1866 4330 prudentia
1896 4248 2164 4313 remedia
2197 4247 2538 4331 poenitenti
2561 4248 2867 4331 praebere.

407 4346 543 4428 Qua
588 4348 654 4412 in
698 4367 764 4412 re
811 4365 1025 4411 cavere
1073 4364 1221 4410 sane
1253 4346 1450 4425 debet,
1486 4368 1561 4412 ne
1608 4349 1977 4415 desiderium
2023 4352 2376 4416 removendi
2425 4371 2460 4416 a
2508 4351 2743 4435 peccati
2772 4371 2870 4436 pe-

406 4450 604 4515 riculo
650 4451 859 4534 ipsum
905 4467 975 4513 eo
1024 4466 1220 4530 usque
1267 4448 1569 4532 impellat,
1618 4454 1693 4517 ut
1738 4452 1812 4517 de
1859 4455 2108 4537 peccato
2164 4455 2527 4536 praesertim
2573 4455 2753 4539 gravi
2798 4474 2869 4520 ea

410 4548 681 4631 damnet,
721 4570 882 4633 quae
927 4568 1000 4614 ex
1046 4551 1358 4614 communi
1404 4552 1540 4616 DD.
1586 4556 1891 4620 sententia
1939 4559 2051 4621 aut
2095 4556 2340 4620 nullum
2388 4559 2501 4620 aut
2545 4557 2873 4621 dumtaxat
