3497 5147
676 322 785 378 754
854 335 1069 377 mer.
1089 335 1170 377 vx.
1192 334 1357 376 sacr.
1376 335 1457 376 vx.
1475 334 1561 373 mr
1585 332 1777 375 sano
1796 335 1874 374 m
1898 332 2062 375 nouo
2085 332 2302 374 paam.
2322 332 2651 374 nncAnoor.
2676 335 2821 376 nun.
2850 334 2917 375 11.
2957 319 3136 389 [lom]

768 428 979 503 1020.
1006 431 1265 511 Quaerit
1295 450 1343 496 s.
1379 430 1563 514 Alph.
1592 451 1650 494 n.
1678 431 1832 494 450.
1867 450 1946 495 an
1969 431 2241 495 incestus
2272 431 2434 495 inter
2456 433 2759 516 cognatos
2782 431 3137 514 spirituales

676 538 761 601 sit
791 535 1070 599 diversae
1102 534 1324 618 speciei
1364 552 1435 599 ac
1465 534 1627 598 inter
1665 533 2154 618 consanguineos
2185 535 2249 597 et
2282 532 2516 597 affines
2550 532 3006 597 Affirmandum
3039 534 3139 596 ab·

675 640 882 703 solute
913 637 1066 702 dicit
1102 656 1246 700 cum
1278 635 1471 701 Salm.
1505 638 1571 700 et
1600 654 1648 699 s,
1686 636 1947 713 Thoma,
1982 636 2090 717 qui
2127 655 2185 717 q.
2226 636 2330 699 cit.
2372 655 2432 699 ιι.
2478 637 2579 699 10.
2616 635 2694 699 ad
2728 638 2787 700 2.
2824 636 3003 701 docet
3033 655 3137 719 per

677 739 967 823 copulam
1013 740 1175 803 inter
1221 739 1523 823 cognatos
1568 737 1926 821 spirituales
1963 738 2272 803 committi
2319 737 2721 820 sacraeyium
2763 737 2854 801 ad
2893 737 3137 801 modum

676 847 969 907 mcc-stus.
1002 841 1236 906 Verum
1283 841 1704 924 quaerendum
1752 840 1924 923 prius
1970 842 2065 905 est
2095 860 2237 904 cum
2270 841 2431 918 aliis,
2482 859 2560 904 an
2594 841 2678 904 sit
2724 840 2873 904 haec
2919 841 3136 922 copula

678 964 891 1028 reapse
922 945 1213 1009 incestus.
1264 943 1325 1008 S.
1360 943 1634 1008 Thomas
1672 961 1819 1007 sane
1855 943 1918 1007 id
1951 961 2071 1007 non
2105 943 2349 1026 proprie
2383 943 2684 1007 affirmat:
2725 942 2830 1007 sed
2861 943 3014 1008 dicit
3056 939 3143 1006 ad

677 1046 928 1111 modum
956 1048 1264 1123 incestus;
1310 1046 1385 1109 ut
1416 1046 1736 1129 analogice
1770 1044 1974 1109 solum
2012 1045 2256 1109 dicatur
2278 1046 2570 1121 incestuS‚
2602 1046 2779 1111 iuxta
2818 1064 2866 1109 s.
2917 1045 3134 1110 Thom.

678 1152 779 1214 Ita
826 1150 1059 1233 pariter
1104 1147 1440 1213 Caietanus
1485 1148 1657 1221 dicit,
1713 1149 1871 1211 hanc
1918 1147 2207 1231 copulam
2253 1147 2662 1227 metaphorice
2710 1149 3006 1232 appellari
3052 1147 3139 1211 in-

678 1255 938 1316 cestum.

770 1353 1286 1418 Salmanticenses
1310 1356 1521 1417 autem
1546 1353 1699 1416 duas
1717 1353 2112 1434 quaestiones
2129 1352 2319 1417 simul
2341 1353 2829 1428 commiscente&
2849 1355 3138 1417 statuunt

677 1457 878 1538 primo
916 1455 1083 1538 quod
1115 1455 1336 1536 copula
1367 1474 1511 1518 cum
1547 1456 1813 1539 cognato
1854 1454 2167 1537 spirituali
2204 1456 2299 1518 est
2329 1455 2602 1519 incestus
2633 1455 2831 1538 specie
2861 1454 3138 1519 diversus

675 1560 750 1624 de
784 1559 844 1622 6.
887 1558 1115 1623 Pracc.
1156 1577 1207 1621 c.
1246 1558 1307 1621 5.
1345 1577 1405 1620 n.
1437 1558 1544 1621 39.
1578 1557 1717 1621 coll.
1754 1577 1813 1622 11.
1849 1558 1954 1621 37.
1989 1560 2052 1622 et
2089 1557 2251 1621 inter
2283 1557 2439 1622 alios
2470 1558 2669 1622 citant
2699 1559 2982 1623 Lessium
3006 1558 3049 1621 l.
3077 1560 3137 1620 4.

675 1682 727 1726 c.
778 1663 839 1725 3.
889 1661 948 1724 d.
987 1661 1090 1723 11.
1125 1679 1184 1723 n.
1226 1661 1327 1723 73.
1369 1659 1618 1723 Lessius
1666 1660 1879 1723 autem
1927 1660 2044 1723 ait:
2101 1683 2138 1718 α
2170 1659 2416 1724 Gradus
2461 1661 2852 1746 cognationis
2897 1660 3137 1745 legalis,

674 1783 834 1846 quae
857 1762 1138 1826 nascitur
1172 1781 1243 1826 ex
1269 1762 1600 1844 adoptione
1631 1762 1695 1825 et
1725 1761 2116 1846 cognationis
2140 1762 2506 1844 spiritualis,
2541 1781 2700 1845 quae
2734 1782 2804 1827 ex
2828 1763 3138 1846 baptismo

674 1868 738 1930 et
770 1865 1262 1943 confirmatione,
1304 1865 1546 1946 proprie
1578 1864 1655 1927 ad
1686 1865 1803 1928 hoc
1834 1863 2059 1928 vitium
2098 1864 2428 1949 (incestus)
2467 1883 2590 1930 non
2629 1865 2966 1948 pertinent3
2994 1867 3138 1948 quia

674 1970 825 2033 sunt
856 1968 1105 2031 vincula
1136 1969 1340 2052 magis
1373 1967 1726 2048 spiritualia
1751 1986 1860 2030 nec
1891 1964 2128 2030 faciunt
2159 1967 2654 2032 coniunctionem
2686 1968 2887 2032 carnis
2913 1970 2976 2032 et
3007 1987 3142 2032 san-

672 2069 901 2151 guinis,
929 2068 1092 2133 sicut
1123 2069 1631 2154 consanguinitas
1665 2071 1727 2134 et
1753 2068 2046 2132 affinitas.
2075 2067 2306 2152 Negari
2339 2070 2547 2133 tamen
2578 2088 2702 2133 non
2732 2071 2960 2151 potest,
2988 2071 3136 2153 quin

678 2171 939 2235 violatio
974 2170 1120 2233 talis
1154 2171 1544 2256 cognationis
1592 2192 1697 2255 per
1735 2174 1946 2236 actum
1992 2170 2275 2235 luxuriae
2312 2171 2540 2236 habeat
2586 2171 2914 2253 specialem
2946 2172 3144 2238 defor-

679 2273 987 2347 mitatem,
1025 2291 1170 2337 cum
1208 2272 1319 2336 ina
1355 2273 1645 2358 cognatio
1694 2274 2040 2338 constituat
2068 2273 2581 2355 impedimentum
2618 2273 2944 2340 dirimens:
2979 2275 3140 2340 unde

676 2375 823 2439 talis
871 2377 1049 2439 actus
1097 2375 1329 2457 poterit
1375 2376 1495 2439 dici
1542 2376 1832 2453 incestus,
1883 2377 2068 2458 paulo
2101 2376 2295 2440 latius
2327 2376 2576 2440 extensa
2607 2378 2723 2441 hac
2755 2396 2940 2454 voce3
2991 2379 3138 2460 quia

678 2477 752 2541 fit
774 2497 921 2541 cum
951 2496 1232 2559 persona,
1268 2477 1388 2552 cui,
1423 2477 1663 2541 ratione
1692 2478 1879 2541 istius
1924 2478 2396 2554 coniunctionis,
2426 2478 2710 2561 specialis
2748 2479 3007 2544 debetur
3051 2501 3140 2545 re-

672 2580 951 2644 verentia
978 2580 1040 2642 in
1074 2579 1200 2642 ista
1230 2578 1496 2642 materia
1520 2597 1629 2642 nec
1660 2581 1755 2643 est
1788 2579 1958 2644 aliud
1990 2598 2232 2657 nomen,
2260 2581 2423 2662 quod
2456 2581 2511 2645 ei
2534 2582 2757 2646 melius
2788 2584 3134 2657 conveniat,

668 2683 725 2747 si
772 2681 1064 2766 cognatio
1110 2680 1197 2744 sit
1241 2699 1315 2744 ex
1361 2680 1724 2763 adoptione:
1775 2682 1829 2746 si
1876 2701 2019 2747 vero
2069 2683 2152 2747 sit
2199 2703 2269 2747 ex
2317 2687 2723 2761 sacramento,
2773 2686 3002 2750 rectius
3048 2706 3137 2750 re-

671 2783 870 2846 fertur
899 2782 976 2846 ad
1009 2781 1404 2867 sacrilegium
1436 2807 1499 2859 »,
1534 2786 1608 2846 ut
1636 2802 1850 2867 reapse
1889 2783 2040 2849 facit
2062 2804 2111 2849 s.
2146 2786 2436 2849 Thomas.

763 2884 1031 2948 Sanchez
1066 2905 1209 2950 vero
1244 2904 1281 2949 a
1328 2884 1517 2950 Saltu.
1569 2906 1815 2969 quoque
1862 2888 2093 2953 citatus
2130 2889 2172 2952 l.
2214 2889 2270 2952 7.
2312 2890 2368 2953 d.
2407 2892 2466 2954 5.
2504 2910 2560 2954 n.
2597 2892 2657 2955 9.
2695 2891 2812 2956 ait:
2847 2909 2978 2956 esse
3024 2892 3137 2955 cir-

670 2987 1118 3051 cumstantiam
1149 2988 1429 3053 luxuriae
1475 2988 1783 3054 diversam
1816 2992 2014 3073 specie
2061 2992 2124 3054 et
2154 2993 2496 3058 necessario
2536 2994 2869 3069 fatendam,
2910 2995 2963 3059 si
2995 2996 3135 3077 quis

671 3109 803 3152 rem
834 3089 1062 3154 habeat
1095 3109 1238 3154 cum
1270 3093 1538 3177 cognata
1576 3092 1890 3176 spirituali
1923 3093 1986 3156 in
2023 3110 2095 3156 eo
2143 3093 2362 3177 gradu,
2396 3095 2460 3159 in
2493 3113 2617 3177 quo
2656 3096 2806 3159 haec
2842 3098 3133 3181 cognatio

671 3192 1143 3256 matrimonium
1177 3192 1414 3257 dirimit
1450 3195 1878 3277 rationemque
1915 3195 2169 3259 eandem
2209 3197 2461 3262 subiicit
2500 3217 2570 3262 ac
2601 3198 2870 3263 Lessius.
2912 3197 3134 3264 Subdit

671 3292 888 3357 deinde
921 3294 1183 3376 speciem
1216 3296 1377 3360 hanc
1422 3295 1846 3361 fornicationis
1885 3317 1918 3360 a
1970 3317 2017 3360 s.
2058 3298 2319 3377 Thoma,
2370 3299 2683 3364 Antonino
2716 3303 2779 3365 et
2810 3299 2980 3386 Sylv.
3031 3321 3135 3385 ap-

672 3397 889 3479 pellari
921 3397 1325 3480 sacrileyium
1353 3397 1444 3462 ad
1475 3400 1721 3462 modum
1751 3400 2042 3464 incestus.

762 3500 932 3565 Idem
959 3499 1230 3566 Sanchez
1255 3522 1314 3565 n.
1343 3520 1468 3583 seq.
1497 3502 1674 3566 docet
1698 3502 2009 3566 malitiam
2034 3503 2400 3586 specificam,
2426 3504 2767 3571 necessario
2792 3507 3129 3581 fatendam,

671 3603 885 3667 haberi
917 3621 1182 3684 quoque,
1219 3602 1272 3666 si
1305 3603 1526 3687 copula
1574 3604 1878 3669 habeatur
1914 3624 2056 3669 cum
2089 3607 2370 3691 cognatis
2407 3607 2713 3692 legalibus
2746 3610 2809 3674 et
2840 3610 3000 3674 hanc
3046 3629 3134 3674 re-

665 3705 810 3769 duci
858 3705 935 3768 ad
982 3706 1307 3771 incestum.

758 3808 1078 3871 Habemus
1118 3827 1189 3871 ex
1237 3808 1334 3872 his
1371 3810 1830 3893 responsionem
1865 3811 1939 3874 ad
1981 3814 2311 3894 utramque
2344 3815 2803 3894 quaestionem:
2854 3833 2934 3879 an
2983 3816 3133 3880 haec

666 3908 894 3991 copula
925 3926 1068 3972 cum
1101 3913 1371 3993 cognato
1404 3911 1715 3993 spirituali
1761 3913 1847 3977 sit
1876 3912 2148 3978 incestus
2178 3916 2243 3978 et
2272 3933 2347 3979 an
2384 3915 2468 3980 sit
2514 3919 2829 3999 peccatum
2865 3919 3131 4002 speciem

670 4010 988 4094 propriam
1018 4011 1271 4085 habens,
1312 4012 1669 4078 distinctam
1717 4034 1754 4078 a
1788 4015 2192 4080 fornicatione
2230 4018 2496 4101 simplici
2528 4021 2592 4084 et
2623 4038 2658 4084 a
2692 4039 2835 4085 vero
2868 4021 3126 4086 incestu.

760 4108 953 4182 1021.
980 4112 1123 4178 Una
1149 4118 1599 4199 praeoccupata
1625 4120 1720 4181 est
1746 4118 1934 4181 etiam
1960 4119 2265 4200 quaestio,
2295 4138 2372 4183 an
2398 4122 2618 4204 copula
2634 4142 2775 4187 cum
2800 4124 3129 4188 coniuncto

664 4216 1036 4299 cognatione
1073 4217 1263 4301 legali
1301 4219 1387 4282 sit
1432 4218 1695 4300 speciale
1727 4220 2068 4301 peccatum.
2104 4220 2316 4287 Sermo
2351 4224 2446 4286 est
2477 4223 2550 4287 de
2584 4244 2727 4289 vera
2776 4225 3127 4309 adoptione,

665 4338 828 4399 quae
875 4320 1348 4384 matrimonium
1394 4320 1651 4383 dirimit.
1701 4319 1858 4385 Sane
1892 4324 1955 4386 et
1999 4324 2061 4387 in
2099 4344 2174 4389 ea
2205 4326 2464 4392 violatio
2513 4328 2607 4392 est
2653 4329 2934 4411 specialis
2967 4349 3133 4395 reve-

667 4420 903 4484 rentiae
928 4420 1172 4487 debitae
1196 4423 1258 4486 in
1284 4423 1399 4486 hac
1424 4423 1707 4497 materia,
1743 4443 1885 4488 cum
1908 4428 2381 4493 matrimonium
2409 4429 2484 4493 ob
2507 4431 2698 4495 talem
2721 4433 3132 4497 reverentiam

674 4521 833 4583 inter
863 4540 967 4585 eos
999 4541 1130 4585 esse
1170 4543 1287 4588 non
1329 4524 1545 4606 possit.
