3497 5147
321 388 457 465 [114]
1308 404 1458 452 Qum
1497 404 1593 446 srr
1630 404 1772 446 sens
2689 393 2763 446 85

323 502 552 586 proprie
572 500 826 584 respicit
850 502 1269 584 operationem
1293 502 1642 584 aliquorum
1669 520 2059 587 magnorum.
2095 501 2212 566 Sed
2237 522 2393 585 spes,
2427 501 2761 566 secundum

322 604 475 686 quod
528 606 622 669 est
685 605 886 669 virtus
949 605 1319 690 theologica,
1369 605 1618 689 respicit
1679 605 1942 669 arduum
2000 606 2256 670 alterius
2312 607 2541 670 auxilio
2604 624 2763 671 asse-

321 706 618 789 quendum
657 734 716 770 ».
2131 712 2132 715 ’

404 808 513 873 Sed
546 810 695 873 haec
728 810 1105 893 exspectatio
1141 810 1396 874 alterius
1445 810 1656 874 auxilii
1691 810 1975 892 explicat,
2010 810 2318 891 quomodo
2352 829 2488 893 spes
2537 810 2762 874 habeat

320 913 617 977 obiectum
656 912 947 996 possibile
980 913 1042 976 et
1081 914 1277 997 possit
1311 914 1387 978 ab
1421 912 1632 977 eodem
1664 913 1826 977 bono
1864 931 2171 977 recessum
2206 913 2519 995 impedire.

406 1040 439 1074 «
470 1014 635 1098 Spes,
684 1014 890 1098 inquit
936 1034 985 1080 s.
1020 1014 1291 1081 Thomas
1331 1017 1390 1079 3.
1432 1015 1574 1080 dist.
1626 1016 1729 1079 26.
1781 1034 1839 1098 q.
1882 1016 1941 1078 2.
1977 1020 2095 1080 art.
2131 1017 2215 1092 2.,
2254 1015 2326 1079 de
2358 1016 2599 1080 ratione
2645 1034 2759 1081 sua

317 1118 457 1183 dicit
487 1120 902 1184 extensionem
936 1120 1249 1203 appetitus
1282 1121 1344 1183 in
1394 1119 1643 1201 aliquod
1678 1119 1962 1197 arduum,
2013 1116 2173 1202 quod
2211 1139 2334 1183 non
2370 1120 2617 1184 omnino
2665 1140 2760 1184 ex-

314 1222 465 1287 cedit
494 1223 860 1288 facultatem
900 1222 1221 1305 sperantis.
1261 1221 1350 1286 Ea
1391 1223 1551 1285 enim
1578 1241 1735 1304 quae
1775 1220 2071 1291 excedunt
2104 1224 2166 1285 et
2204 1222 2376 1285 velut
2409 1222 2768 1286 excedentia·

315 1325 863 1409 apprehenduntur,
914 1325 1401 1408 desperationem
1446 1324 1649 1409 magis
1698 1343 1889 1407 quam
1921 1343 2090 1408 spem
2138 1324 2393 1388 faciunt.
2443 1324 2618 1389 Unde
2662 1344 2768 1387 ses

313 1427 567 1493 cundum
602 1428 719 1491 hoc
750 1427 911 1509 quod
961 1427 1124 1491 inest
1173 1427 1358 1491 alicui
1406 1426 1673 1491 facultas
1704 1427 1768 1490 in
1804 1426 2054 1509 aliquod
2099 1426 2381 1502 arduum,
2423 1426 2758 1490 secundum

315 1532 421 1594 hoc
451 1532 542 1594 est
570 1526 896 1593 inclinatio
928 1529 989 1592 in
1024 1522 1180 1593 illud
1214 1528 1495 1594 arduum.
1522 1529 1605 1593 Et
1634 1529 1773 1593 ideo
1812 1529 1876 1592 in
1907 1529 2060 1592 illud
2096 1529 2376 1603 arduum,
2413 1528 2577 1611 quod
2624 1547 2760 1611 proe

316 1632 696 1715 portionatur
734 1630 1024 1695 facultati
1055 1635 1315 1695 naturae
1347 1631 1698 1707 sensitivae‚
1748 1631 2068 1695 inclinatio
2118 1633 2430 1714 appetitus
2478 1631 2757 1695 sensitivi

312 1756 474 1818 spem
505 1736 672 1812 facit,
700 1756 857 1818 quae
883 1738 976 1799 est
1008 1736 1240 1819 passim
1276 1737 1338 1799 in
1370 1735 1527 1799 illud
1553 1754 1697 1799 vero
1734 1734 2017 1810 arduum,
2053 1735 2216 1816 quod
2250 1734 2758 1817 proportionatur

314 1838 563 1902 naturae
600 1839 1033 1916 intellectivae,
1085 1837 1403 1901 inclinatio
1437 1836 1606 1901 illius
1654 1850 1824 1919 spem
1855 1836 2026 1914 facit,
2068 1836 2175 1918 qui
2207 1839 2301 1899 est
2334 1836 2758 1900 actus'volun-

316 1940 480 2004 tatis
515 1938 629 2006 Sed
667 1941 807 2023 quia
841 1942 936 2006 est
969 1940 1221 2023 aliquod
1255 1940 1537 2018 arduum,
1579 1938 1744 2022 quod
1778 1938 2013 2004 excedit
2059 1939 2424 2004 facultatem
2471 1941 2752 2016 naturae,

308 2042 382 2107 ad
428 2043 587 2125 quod
636 2045 819 2110 homo
867 2064 974 2128 per
1022 2045 1295 2129 gratiam
1340 2045 1549 2127 potest
1594 2041 1956 2127 perveniret·
1977 2042 2113 2107 ideo
2168 2045 2432 2126 oportet,
2481 2043 2647 2124 quod
2679 2060 2758 2105 ea:

300 2144 507 2228 aliquo
554 2145 716 2210 dono
762 2150 1030 2210 naturae
1074 2145 1473 2227 szwemddito
1518 2144 1638 2226 fiat
1679 2142 2010 2208 inclinatio
2055 2146 2124 2208 in
2171 2144 2339 2208 illud
2376 2143 2646 2208 arduum
2692 2148 2756 2211 et

302 2250 450 2313 illud
480 2250 716 2316 donum
749 2252 843 2313 est
873 2249 1126 2314 habitus
1163 2249 1375 2332 spei».
1411 2248 1500 2311 Ex
1525 2248 1751 2329 quibus
1776 2247 2029 2331 planum
2055 2249 2144 2325 fit,
2173 2247 2404 2311 bonum
2437 2251 2752 2331 speratum

302 2354 425 2420 fieri
472 2355 767 2439 possibile
815 2375 921 2439 per
966 2356 1239 2440 gratiam
1273 2357 1459 2437 atque
1499 2353 1649 2419 adeo
1688 2354 2181 2436 consequendum
2228 2372 2357 2418 esse
2405 2355 2633 2420 auxilio
2669 2357 2753 2420 al-

299 2460 500 2524 teriuS.

381 2562 536 2629 Hinc
567 2562 876 2640 doctrina,
903 2563 1066 2646 quod
1093 2583 1228 2646 spes
1254 2562 1543 2645 respiciat
1567 2560 1709 2639 du0,
1745 2561 1876 2626 scil.
1905 2563 1966 2626 et
2000 2560 2306 2626 obiectum
2340 2564 2657 2645 speratum
2690 2564 2752 2626 et

298 2667 608 2745 auxilium,
647 2684 776 2749 quo
802 2684 932 2730 rem
964 2667 1277 2748 speratam
1303 2665 1711 2729 obtineamus.
1738 2665 1837 2728 Ita
1868 2664 1924 2727 1.
1962 2666 2021 2726 2.
2050 2684 2107 2745 q.
2138 2664 2242 2726 40.
2271 2666 2387 2727 art.
2420 2663 2507 2727 7.:
2542 2690 2576 2721 «
2602 2662 2750 2748 Spes

296 2767 411 2833 duo
458 2770 760 2854 respicere
808 2770 1033 2851 potest.
1070 2765 1345 2851 Respicit
1393 2767 1556 2831 enim
1588 2767 1752 2830 sicut
1793 2767 2099 2831 obiectum
2133 2766 2363 2830 bonum
2412 2768 2747 2851 speratum.

294 2871 407 2936 Sed
437 2874 581 2956 quia
621 2874 862 2938 bonum
900 2874 1216 2956 speratum
1258 2872 1353 2935 est
1386 2869 1646 2934 arduum
1680 2869 1989 2952 possibile,
2040 2869 2371 2950 aliquando
2421 2871 2632 2934 autem
2677 2870 2750 2934 fit

292 2975 537 3058 aliquod
586 2974 860 3041 arduum
908 2973 1196 3058 possibile
1233 2973 1409 3037 nobis
1456 2991 1577 3036 non
1626 2991 1732 3055 per
1761 2990 1875 3036 nos
1919 2972 2022 3035 sed
2069 2992 2177 3054 per
2223 2973 2408 3036 alios:
2440 2972 2578 3037 ideo
2610 2993 2748 3056 spes

293 3077 476 3140 etiam
523 3076 783 3161 respicit
829 3073 1004 3152 illud,
1038 3096 1146 3159 per
1177 3073 1340 3158 quod
1376 3074 1447 3138 fit
1485 3074 1661 3139 nobis
1697 3073 1947 3156 aliquod
1981 3075 2272 3157 possibile
2305 3101 2365 3138 ».

372 3179 529 3258 Quia
557 3197 710 3244 vero
737 3198 810 3243 ex
842 3178 1213 3261 supradictis
1248 3177 1567 3242 beatitudo
1608 3177 1891 3242 aeternae
1928 3177 2093 3241 vitae
2124 3177 2198 3241 fit
2231 3178 2405 3242 nobis
2437 3179 2748 3261 possibilis

288 3281 484 3345 solum
530 3300 642 3365 per
698 3280 1001 3344 auxilium
1049 3279 1347 3359 divinum,
1396 3280 1648 3363 proinde
1681 3280 1768 3345 sic
1815 3299 1950 3344 eam
1982 3280 2324 3344 doctrinam
2358 3282 2422 3344 in
2453 3299 2600 3344 casu
2641 3301 2748 3365 ap-

289 3382 473 3465 plicat
522 3385 584 3448 2.
628 3381 693 3447 2.
730 3402 787 3465 q.
829 3382 929 3446 17.
966 3383 1083 3446 art.
1120 3384 1210 3446 4.:
1254 3406 1288 3440 «
1321 3377 1469 3465 Spes
1516 3382 1637 3447 duo
1685 3381 1954 3466 respicit,
2005 3383 2237 3447 scilicet
2281 3384 2532 3462 bonum,
2583 3384 2748 3466 quod

289 3483 557 3551 obtinere
587 3484 864 3550 intendit
895 3485 958 3548 et
991 3485 1312 3559 auxilium,
1347 3505 1453 3567 per
1479 3485 1645 3566 quod
1681 3483 1837 3548 illud
1874 3483 2106 3550 bouum
2142 3487 2474 3550 obtinetur.
2501 3486 2748 3552 Bonum

288 3591 510 3668 autem,
547 3588 720 3672 quod
755 3588 980 3670 aliquis
1016 3589 1223 3671 sperat
1257 3587 1676 3666 obtinendum,
1708 3588 1898 3652 habet
1928 3588 2234 3652 rationem
2266 3607 2488 3652 causae
2511 3589 2743 3665 finalis;

289 3693 583 3758 auxilium
619 3693 856 3769 autem,
905 3711 1011 3774 per
1058 3689 1220 3773 quod
1256 3689 1480 3772 aliquis
1528 3692 1735 3772 sperat
1772 3690 1929 3754 illud
1959 3690 2189 3755 bonum
2217 3691 2509 3766 obtinere,
2557 3692 2746 3756 habet

286 3794 587 3860 rationem
614 3813 843 3858 causae
861 3791 1245 3859 efficientis...
1274 3789 1422 3876 Spes
1449 3794 1659 3856 autem
1684 3792 1934 3875 respicit
1957 3792 2404 3857 beatitudinem
2431 3796 2744 3859 aeternam

284 3895 443 3961 sicut
471 3897 667 3962 finem
715 3896 1037 3972 ultimum,
1072 3895 1348 3959 divinum
1390 3897 1601 3959 autem
1640 3895 1940 3960 auxilium
1974 3895 2134 3959 sicut
2181 3896 2445 3979 primam
2491 3916 2743 3961 causam

285 3983 680 4063 inducentem
717 3996 792 4062 ad
824 3998 1271 4062 beatitudinem
1296 4023 1355 4060 ›>.

368 4099 444 4164 Et
484 4102 608 4164 art.
640 4098 703 4163 6.
738 4099 884 4164 ibid.
937 4099 1013 4164 ad
1053 4101 1149 4163 3.:
1191 4124 1225 4157 «
1259 4099 1406 4183 Spes
1455 4099 1607 4164 facit
1654 4099 1899 4165 tendere
1937 4101 2000 4164 in
2035 4101 2233 4165 Deum
2267 4102 2428 4164 sicut
2459 4102 2520 4164 in
2555 4101 2745 4183 quod-

280 4199 418 4267 dam
446 4203 695 4267 bonum
720 4201 902 4266 finale
929 4201 1389 4285 adipiscendum
1420 4204 1483 4266 et
1507 4203 1668 4267 sicut
1691 4203 1754 4267 in
1788 4201 2096 4285 quoddam
2117 4202 2495 4267 adiutorium
2528 4201 2743 4268 efficax

280 4304 354 4368 ad
384 4304 879 4370 subveniendum
911 4331 972 4369 ».

366 4407 445 4470 Et
491 4406 646 4471 ibid.
701 4409 816 4471 art.
871 4407 966 4471 7.:
1015 4432 1049 4464 ⁴<
1089 4406 1412 4470 Obiectum
1460 4406 1585 4490 spei
1620 4408 1713 4470 est
1759 4426 1882 4471 uno
1917 4407 2099 4471 modo
2138 4408 2458 4472 beatitudo
2493 4410 2740 4472 aeterna

283 4509 342 4572 et
379 4508 501 4573 alio
537 4507 729 4573 modo
761 4509 1040 4574 divinum
1066 4508 1430 4573 auxilium...
1457 4510 1538 4573 Et
1570 4510 1905 4590 utrumque
1943 4528 2157 4574 eorum
2177 4505 2541 4592 proponitur
2563 4511 2740 4575 nobis

278 4619 382 4690 ‘per
431 4608 643 4687 fidem,
698 4629 803 4692 per
833 4630 1019 4693 quam
1054 4612 1229 4676 nobis
1266 4611 1615 4688 innotescit,
1650 4610 1815 4692 quod
1841 4612 1917 4674 ad
1951 4611 2146 4674 vitam
2181 4613 2495 4674 aeternam
2533 4625 2743 4693 possu-
