3497 5147
372 349 554 425 [1046]
1101 365 1187 405 nn
1224 365 1559 408 cAs'rrrum
1596 369 1674 408 m
1709 369 2114 410 vmomrrnm
2733 354 2840 410 775

376 462 620 546 praeter
654 461 989 544 perfectam
1021 462 1399 540 castitatem,
1440 465 1789 530 subiectum
1822 466 1988 530 haud
2034 466 2225 530 libere
2257 468 2641 548 corruptum,
2677 467 2842 548 quod

376 584 594 647 nempe
631 580 952 645 nunquam
997 564 1187 628 libere
1234 565 1529 630 vitiatum
1562 568 1787 632 fuerit:
1838 569 1962 632 iam
2013 587 2157 632 vero
2189 567 2323 632 fieri
2354 568 2569 648 nequit
2614 568 2690 632 ut
2735 569 2842 649 qui

376 669 664 751 expertus
702 667 798 730 est
828 666 1219 749 voluptatem
1252 687 1593 746 veneream,
1642 670 1758 734 fiat
1789 688 1911 734 non
1945 672 2250 754 expertae,
2299 672 2374 734 111
2406 670 2499 733 ait
2533 688 2582 733 s.
2619 671 2839 734 Thom.

376 772 418 835 1.
454 790 537 835 0.;
573 787 741 853 ergo.
776 769 1037 833 Perinde
1061 771 1156 834 est
1187 770 1423 834 scilicet
1456 772 1612 836 acin
1640 772 2015 846 innocentia,
2043 792 2200 855 quae
2234 772 2462 836 amissa
2493 774 2842 856 recuperari

377 872 611 954 nequit.
658 897 694 929 «
725 870 1043 935 Audenter
1085 872 1329 954 loquor,
1379 874 1470 937 ait
1500 874 1921 959 Hieronymus
1967 876 2145 958 epist.
2188 876 2263 939 ad
2312 874 2720 940 Eustochium
2766 875 2842 938 de

388 973 687 1041 Custodia
736 974 1157 1056 Πνρὶηἰίαέτζς,
1192 996 1335 1040 011111
1371 977 1577 1041 omnia
1610 978 1808 1061 possit
1835 981 2021 1054 DeuS,
2057 979 2356 1043 suscitare
2388 979 2691 1064 virginem
2718 998 2840 1043 non

380 1079 587 1162 potest
640 1079 782 1160 post
836 1078 1115 1142 ruinam:
1165 1079 1335 1142 valet
1380 1079 1629 1162 quidem
1683 1081 1946 1145 liberare
1993 1081 2067 1145 de
2114 1101 2330 1164 poena,
2380 1082 2482 1145 sed
2531 1101 2652 1146 non
2701 1083 2841 1146 vult

380 1197 672 1244 coronare
735 1179 988 1260 (corona
1043 1180 1454 1265 virginitatis)
1511 1184 1871 1264 corruptam
1921 1209 1980 1258 »,
2030 1202 2188 1265 quae
2250 1202 2466 1266 nempe
2517 1181 2665 1248 olim
2714 1203 2842 1248 cor-

379 1285 565 1365 rupta
610 1280 750 1345 fuit.

470 1382 530 1447 S.
573 1384 844 1447 Thomas
891 1382 1037 1447 ibid.
1080 1384 1189 1459 ait,
1239 1385 1405 1466 quod
1438 1388 1544 1467 qui
1592 1387 1708 1451 hoc
1746 1389 1928 1470 pacto
1964 1386 2391 1471 virginitatem
2440 1386 2670 1463 amisit,
2720 1405 2842 1450 non

380 1487 702 1568 recuperat
732 1503 840 1567 per
870 1486 1317 1568 poenitentiam
1348 1488 1679 1551 materiam
1728 1489 2132 1569 virginitatis,
2167 1507 2384 1572 nempe
2415 1488 2844 1570 integritatem

379 1587 599 1663 carnis,
634 1585 738 1650 sed
772 1588 1094 1669 recuperat
1116 1589 1505 1670 propositum
1529 1589 1933 1673 virginitati3‚
1960 1609 2176 1672 nempe
2202 1589 2407 1672 quoad
2439 1589 2744 1664 futurum,
2773 1591 2846 1650 ut

381 1692 685 1772 quantum
731 1689 794 1751 in
828 1688 963 1770 ipso
996 1691 1091 1753 est
1129 1689 1283 1753 velit
1313 1691 1490 1774 virgo
1538 1711 1913 1774 permanere.
1969 1692 2322 1756 Difficultas
2357 1710 2503 1755 sane
2535 1694 2648 1766 est,
2699 1691 2846 1772 quia

384 1792 709 1877 virginitas
737 1793 1018 1874 postulat
1051 1793 1398 1857 subiectum
1429 1813 1748 1875 nunquam
1783 1795 2181 1877 corruptum:
2217 1795 2406 1858 semel
2441 1813 2511 1858 ac
2542 1812 2687 1859 vero
2720 1812 2848 1857 cor·

383 1897 637 1978 ruptum
687 1898 799 1968 est,
848 1895 983 1959 fieri
1016 1895 1250 1977 nequit,
1302 1898 1528 1960 utnon
1560 1896 1747 1961 fuerit
1780 1899 2178 1981 corruptum:
2227 1916 2409 1980 porro
2458 1895 2846 1979 propositum

385 1997 460 2061 ad
508 1997 887 2080 impossibile
935 2016 1057 2062 non
1105 1998 1310 2061 datur.
1360 1998 1713 2081 Respondet
1761 1999 2095 2063 Caietanus
2150 1999 2318 2076 ibid„
2377 1999 2540 2081 quod
2589 1998 2850 2063 formale

385 2101 638 2164 virtutis
671 2101 864 2181 (quod
902 2101 1037 2164 heic
1068 2100 1329 2164 dicimus
1369 2119 1500 2165 esse
1531 2103 1949 2186 propositum)
1985 2102 2166 2166 aliter
2196 2103 2528 2178 invenitur,
2564 2120 2706 2165 cum
2752 2103 2849 2164 est

386 2203 784 2267 coniunctum
833 2222 982 2267 suae
1029 2203 1326 2266 materiae
1374 2206 1437 2267 et
1485 2204 1686 2276 aliter,
1736 2224 1877 2268 cum
1927 2208 2020 2268 est
2060 2205 2136 2268 ab
2169 2225 2239 2268 ea
2273 2207 2649 2287 separatum.
2685 2203 2848 2266 Nam

386 2324 527 2368 cum
560 2306 823 2368 materia
857 2305 1111 2368 virtutis
1145 2309 1367 2378 exstat,
1403 2308 1475 2369 ut
1500 2306 1633 2370 heic
1656 2307 1987 2390 integritas
2021 2309 2242 2382 carnis,
2277 2327 2385 2390 per
2413 2306 2674 2370 formale
2707 2307 2850 2370 sim·

387 2407 632 2489 pliciter
663 2407 1140 2472 determinatur:
1176 2408 1696 2489 quemadmodum
1722 2428 1863 2472 cum
1899 2410 2114 2493 ingens
2139 2408 2397 2491 pecunia
2432 2408 2624 2485 adest,
2658 2409 2712 2472 is
2740 2410 2847 2489 qui

385 2509 883 2595 magnificentiae
917 2511 1150 2575 virtute
1182 2510 1499 2594 praeditus
1540 2513 1653 2590 est,
1695 2511 2069 2575 determinat
2107 2529 2242 2575 eam
2277 2511 2352 2575 ad
2392 2511 2678 2593 sumptus
2724 2528 2852 2572 ma·

388 2632 563 2696 gnos.
614 2612 771 2676 Cum
811 2615 1019 2677 autem
1052 2613 1249 2677 eidem
1288 2614 1569 2678 virtuoso
1602 2615 1863 2696 pecunia
1911 2614 2100 2690 deest,
2151 2633 2187 2677 a
2233 2613 2696 2698 magnificentia
2727 2632 2846 2677 non

388 2714 835 2779 determinatur
882 2714 958 2777 ad
996 2717 1285 2797 sumptus
1330 2716 1695 2800 magnificos
1744 2718 2003 2799 pecunia
2053 2716 2353 2792 absolute,
2404 2715 2508 2779 sed
2555 2715 2853 2779 conditio·

389 2819 552 2893 nate,
602 2837 815 2900 nempe
863 2819 915 2881 si
964 2818 1239 2882 adesset:
1290 2818 1350 2881 11.
1387 2837 1437 2881 0.
1474 2819 1663 2882 vellet
1710 2820 1763 2882 is
1812 2823 2101 2901 sumptus
2149 2819 2366 2896 facere,
2403 2820 2455 2883 si
2493 2819 2719 2901 posset.
2770 2818 2852 2881 Et

388 2920 552 2985 sicut
582 2921 865 2984 salvatur
895 2921 957 2983 111
990 2921 1106 2985 hoc
1130 2940 1397 3003 paupere
1430 2920 1892 3004 magnificentia
1941 2922 2305 2999 formaliter,
2341 2923 2432 2985 ita
2463 2922 2526 2985 111
2559 2924 2851 3003 corrupto

389 3042 497 3087 seu
543 3025 835 3106 corrupta
883 3024 1165 3087 salvatur
1213 3023 1542 3107 virginitas
1590 3022 1940 3087 formaliter
1988 3043 2055 3086 ex
2104 3024 2422 3108 proposito
2468 3023 2851 3108 integritatis

391 3125 744 3199 servandae,
779 3125 831 3189 si
865 3125 1124 3190 adesset.
1160 3125 1241 3188 Et
1272 3126 1405 3201 1100,
1444 3126 1552 3203 ait,
1587 3125 1839 3189 sufficit.

479 3228 713 3293 Similis
762 3231 856 3293 est
900 3228 1218 3311 responsio
1266 3228 1464 3292 Lessii
1495 3248 1554 3291 n.
1595 3229 1766 3305 122,
1808 3229 2151 3310 recuperari
2192 3247 2370 3310 posse
2403 3227 2700 3292 virtutem
2737 3228 2853 3291 vir-

389 3333 674 3415 ginitatis
699 3333 765 3395 1⁰
792 3332 1054 3405 actibus,
1082 3330 1197 3393 etsi
1224 3348 1346 3393 non
1371 3332 1743 3407 efficacibuS‚
1781 3332 2004 3394 saltem
2037 3331 2475 3405 inefficacibus,
2505 3333 2610 3411 qui
2637 3351 2856 3412 nempe

390 3436 738 3498 consistunt
784 3435 846 3497 in
896 3432 1162 3513 simplici
1196 3432 1418 3495 affectu
1451 3433 1722 3495 ethonis
1758 3433 2109 3496 desideriis:
2160 3433 2324 3496 sicut
2369 3450 2600 3515 pauper
2646 3434 2855 3513 potest

392 3551 747 3617 comparare
780 3534 1079 3597 virtutem
1103 3531 1618 3615 magnificentiae,
1654 3533 1901 3597 etiamsi
1931 3533 2026 3596 illi
2063 3535 2327 3597 materia
2360 3533 2436 3596 ad
2470 3552 2624 3618 opus
2659 3553 2856 3597 neces-

394 3633 555 3697 saria
588 3635 764 3699 desit.
817 3634 885 3700 20
916 3635 1289 3718 Recuperari
1323 3636 1529 3718 potest
1577 3635 1820 3699 actibus
1854 3654 2099 3715 quoque
2148 3635 2518 3713 efficacibus,
2569 3637 2855 3717 quamvis

393 3735 725 3800 diminute:
754 3741 1060 3818 quatenus
1094 3757 1214 3802 non
1246 3736 1495 3819 quidem
1520 3737 1672 3801 velit
1695 3756 2057 3801 conservare
2089 3737 2538 3817 integritatem,
2575 3736 2678 3801 sed
2705 3737 2858 3799 velit

392 3840 453 3902 in
489 3839 808 3923 posterum
841 3841 917 3903 ab
943 3841 1229 3905 omnibus
1259 3841 1337 3904 iis
1372 3839 1699 3918 abstinere,
1734 3840 1961 3922 quibus
1989 3842 2199 3921 posset
2235 3839 2477 3903 violari.

483 3940 754 4020 Quaeres
803 3959 880 4003 an
926 3942 1126 4007 virtus
1159 3942 1544 4026 virginitatis
1609 3942 1838 4006 amissa
1878 3963 1983 4025 per
2030 3960 2397 4006 consensum
2433 3942 2748 4006 internum
2795 3941 2858 4004 in

394 4041 866 4109 delectationem
915 4062 1235 4109 veneream
1275 4044 1484 4130 (137.)
1541 4045 1772 4126 absque
1822 4063 1999 4128 opere
2048 4046 2317 4121 externo,
2368 4045 2453 4109 sit
2501 4043 2730 4107 amissa
2777 4044 2861 4107 ir-

393 4148 841 4233 reparabiliter.
897 4148 1060 4213 Puto
1121 4150 1547 4233 quaestionem
1614 4169 1743 4214 esse
1791 4168 1969 4233 posse
2023 4150 2094 4213 de
2151 4149 2416 4214 nomine.
2467 4149 2706 4231 Reapse
2764 4148 2861 4212 his

396 4254 714 4319 amittitur
746 4252 1093 4337 virginitas,
1141 4257 1449 4334 quatenus
1490 4254 1807 4319 amittitur
1839 4253 2117 4331 castitaS,
2155 4273 2190 4316 a
2224 4273 2346 4335 qua
2394 4272 2516 4318 non
2555 4252 2859 4338 distingui

395 4359 661 4423 diximus
709 4356 1157 4440 virginitatem.
1192 4355 1407 4433 Porm,
1449 4358 1522 4420 ut
1553 4357 1743 4420 etiam
1776 4356 2063 4432 diximuS,
2099 4356 2376 4433 castitas,
2419 4376 2576 4438 quae
2608 4357 2704 4420 est
2737 4356 2858 4419 ele-

395 4464 673 4525 mentum
722 4458 1124 4544 virginitatis,
1160 4459 1254 4522 est
1287 4458 1545 4521 castitas
1579 4457 1867 4542 perfecta.

486 4564 616 4627 Iam
652 4582 798 4627 vero
834 4561 884 4626 31
918 4562 1163 4626 1101111110
1196 4560 1508 4625 castitatis
1548 4560 1852 4643 perfectae
1884 4559 2184 4644 intelligis
2217 4577 2373 4635 eam,
2408 4578 2565 4640 quae
2597 4577 2716 4623 non
2765 4577 2860 4622 so·
