3497 5147
299 329 448 406 [420]
780 342 1022 383 nocam
1062 340 1495 384 sacmnmluu.
1536 343 1825 386 vromrro
1861 345 2269 388 muniamus
2658 334 2765 388 311

303 445 517 509 utrum
543 441 674 506 sint
697 440 974 524 pollutae
999 442 1111 504 aut
1140 439 1505 504 interdictae
1531 442 1644 504 aut
1673 440 1866 506 etiam
1897 440 2140 506 dirutae
2166 441 2377 524 (modo
2417 442 2772 507 destructae

304 563 426 629 non
473 543 604 608 sint
651 543 939 626 Episcopi
986 542 1410 625 auctoritate),
1457 541 1642 606 modo
1690 561 1829 625 spes
1867 543 1951 606 sit
1988 563 2096 607 seu
2128 544 2392 608 intentio
2426 544 2774 608 reaedifica-

307 647 529 722 tionis3
568 645 693 709 imo
728 644 884 708 satis
909 645 1023 718 est,
1058 644 1111 707 si
1142 663 1304 708 nunc
1327 645 1579 727 coeptae
1612 644 1740 707 sint
1771 645 2100 722 aedificari,
2136 665 2278 711 cum
2309 646 2582 729 primum
2615 645 2776 729 lapis

309 747 691 832 approbante
722 745 1023 829 Episcopo
1055 745 1260 809 iactus
1298 747 1420 810 est:
1468 745 1532 808 in
1580 765 1702 828 quo
1752 765 1900 811 casu
1947 766 2090 811 area
2137 748 2461 833 designata
2494 749 2567 812 fit
2598 735 2772 812 locus

310 851 488 936 asyli.

396 954 728 1018 Praeterea
761 951 1005 1037 asylum
1029 951 1324 1034 praebent
1361 970 1482 1015 non
1508 951 1711 1016 solum
1735 952 2059 1018 interiores
2092 955 2301 1036 partes
2335 954 2644 1031 ecclesiae,
2671 953 2777 1017 sed

312 1056 501 1120 etiam
540 1054 892 1130 exterioreS,
943 1073 1001 1116 v.
1050 1072 1143 1136 gr.
1178 1052 1473 1134 porticus,
1515 1053 1847 1135 cappellae,
1888 1055 2173 1136 parietes,
2211 1053 2514 1132 sacristia,
2563 1054 2774 1132 turris,

311 1161 571 1232 tectim,
621 1161 875 1242 cryptae
922 1158 1377 1234 subterraneae,
1429 1158 1792 1239 campanile,
1843 1159 2042 1222 scalae
2091 1159 2168 1223 ad
2223 1161 2547 1243 templum,
2595 1161 2780 1243 porta

313 1263 715 1346 apprehensa,
751 1260 1015 1324 exterior
1047 1260 1232 1324 basis

402 1362 638 1428 Deinde
672 1365 741 1425 2⁰
779 1362 1165 1437 coemeteria,
1215 1348 1338 1424 non
1387 1361 1571 1425 modo
1620 1362 1889 1426 ecclesiis
1928 1364 2276 1442 coniuncta,
2312 1363 2417 1428 sed
2463 1364 2654 1427 etiam
2702 1362 2781 1426 ab

314 1468 390 1531 iis
421 1466 732 1548 separata,
766 1463 949 1550 modo
983 1464 1111 1527 sint
1140 1463 1451 1527 destinata
1484 1464 1838 1545 sepulturae
1872 1464 2166 1529 fidelium.

498 1569 567 1632 30
598 1567 919 1632 Palatium
968 1567 1256 1650 Episcopi
1304 1566 1367 1630 in
1413 1567 1822 1630 reverentiam
1861 1571 1923 1631 et
1955 1566 2140 1632 decus
2179 1567 2507 1651 dignitatis
2538 1566 2785 1648 Episco-

314 1672 497 1757 palis.
532 1671 615 1734 Et
646 1669 911 1734 refertur
935 1669 1248 1733 decretum
1274 1666 1792 1752 Congregationis
1828 1669 1932 1732 10.
1960 1670 2108 1733 Dec.
2149 1670 2339 1733 1658.
2375 1668 2541 1751 quod
2573 1666 2786 1732 eodem

315 1774 645 1858 privilegio
693 1772 967 1856 gaudeat
1012 1771 1234 1835 domus
1274 1770 1546 1854 parochi,
1597 1770 1822 1834 saltem
1869 1771 1920 1833 si
1969 1770 2300 1834 coniuncta
2345 1771 2431 1835 sit
2477 1769 2784 1834 ecclcsiae.

323 1875 627 1940 Schmalz.
658 1874 764 1937 lib.
800 1874 861 1937 3.
895 1873 997 1936 tit.
1031 1873 1139 1935 49.
1173 1893 1230 1936 n.
1278 1873 1424 1935 110.

508 1977 578 2040 4⁰
606 1977 841 2041 Domus
875 1977 988 2040 aut
1018 1973 1374 2039 Conventus
1423 1973 1886 2058 Religiosorum
1932 1972 2274 2056 etquidem
2325 1971 2527 2055 quoad
2580 1971 2788 2037 omnia

318 2080 621 2155 aedificia,
656 2078 923 2155 stabula,
963 2079 1205 2155 horrea,
1232 2077 1446 2141 hortos
1479 2078 1593 2139 etc.
1622 2075 1788 2139 intra
1823 2075 2082 2139 eundem
2108 2073 2415 2139 ambitum
2450 2075 2512 2138 et
2534 2093 2785 2137 murum

318 2183 632 2249 conclusa.

502 2284 573 2348 5⁰
604 2282 962 2365 Hospitalia
995 2282 1369 2346 auctoritate
1401 2280 1690 2363 Episcopi
1714 2282 1915 2344 erecta
1949 2282 2010 2345 et
2044 2279 2342 2345 sacellum
2374 2278 2450 2343 ad
2475 2277 2786 2342 celebran-

316 2388 469 2452 dum
524 2385 853 2462 habentia3
910 2404 1057 2449 nam
1116 2384 1267 2448 haec
1321 2383 1526 2464 quoad
1573 2382 1899 2466 privilegia
1956 2382 2442 2464 aequiparantur
2495 2379 2789 2445 ecclesiis.

316 2490 610 2556 Oratoria
644 2490 847 2553 erecta
878 2488 942 2551 in
974 2486 1321 2552 seminariis
1356 2485 1730 2549 auctoritate
1763 2483 2071 2568 Episcopi.

505 2593 574 2656 6⁰
620 2592 757 2656 Imo
805 2592 868 2656 et
913 2610 1173 2674 persona
1220 2589 1577 2667 sacerdotiS,
1626 2588 1736 2670 qui
1782 2587 2016 2652 deferat
2065 2585 2541 2662 Eucharistiam,
2578 2582 2791 2648 eodem

314 2696 649 2782 privilegio
706 2693 1163 2776 quodammodo
1210 2692 1396 2757 locali
1442 2691 1693 2776 gaudet,
1744 2691 2054 2772 quatenus
2102 2688 2462 2772 confugiens
2518 2686 2594 2750 ad
2648 2704 2791 2749 eum

315 2802 415 2864 est
446 2797 648 2863 veluti
700 2797 761 2859 in
811 2796 982 2880 asylo
1032 2814 1142 2859 nec
1187 2795 1325 2877 capi
1371 2796 1597 2877 potest.
1648 2792 1970 2874 Excipitur
2009 2794 2218 2855 tamen
2256 2789 2538 2854 sacerdos
2570 2789 2634 2851 in
2665 2807 2794 2853 car·

314 2923 453 2969 cere
480 2905 637 2979 etc.;
672 2920 818 2965 nam
843 2899 1189 2964 communis
1220 2917 1435 2963 sensus
1468 2898 1530 2961 et
1556 2896 1839 2979 aequitas
1870 2895 1934 2958 id
1967 2896 2309 2977 postulant.
2343 2892 2435 2957 Cf.
2469 2893 2792 2977 Laymann

316 3006 395 3071 de
425 3004 607 3070 Eccl.
641 3004 1049 3067 Immum'tate
1081 3022 1131 3066 c.
1168 3002 1230 3065 3.

405 3104 598 3179 420.
636 3107 900 3191 Asylum
931 3104 1223 3169 definitur
1254 3104 1351 3167 ius
1384 3122 1491 3167 seu
1525 3101 1944 3184 privilegium,
1981 3101 2044 3164 vi
2080 3100 2255 3163 cuius
2286 3095 2792 3162 malefactoribus

315 3213 393 3278 ad
429 3210 727 3277 ecclesias
775 3229 882 3273 seu
928 3208 1065 3273 loca
1098 3226 1273 3271 sacra
1305 3226 1375 3271 ac
1412 3204 1703 3291 religiosa
1737 3201 2238 3287 confugientibus
2286 3201 2585 3266 securitas
2625 3218 2796 3281 prae-

313 3316 557 3390 statur,
608 3331 682 3375 ne
714 3311 854 3374 inde
900 3311 962 3374 vi
994 3310 1235 3374 extrahi
1273 3309 1530 3391 possint,
1580 3307 1945 3392 pracsertim
1994 3304 2071 3368 ad
2119 3324 2378 3387 poenam
2427 3304 2488 3367 in
2523 3304 2654 3367 vita
2680 3302 2793 3365 aut

311 3414 625 3483 membris
654 3413 1073 3499 irrogandam.
1108 3412 1180 3476 Id
1211 3412 1423 3475 autem
1453 3411 1517 3473 in
1548 3410 1824 3474 favorem
1865 3407 2208 3491 Religionis
2257 3406 2570 3471 statutum
2604 3408 2698 3467 est
2731 3405 2794 3466 et

313 3520 393 3591 ad
434 3520 747 3583 honorem
792 3534 1109 3580 sacrorum
1155 3515 1455 3589 locorum,
1504 3511 1637 3576 iure
1685 3509 2119 3584 ecclesiastico,
2171 3527 2293 3572 11011
2340 3506 2548 3569 divino
2595 3523 2792 3584 neque

313 3618 629 3695 naturali,
656 3618 777 3683 nisi
807 3617 934 3681 late
972 3617 1243 3699 sumpto,
1279 3617 1586 3696 quatenus
1618 3613 2098 3676 consentaneum
2131 3612 2226 3673 est
2250 3606 2543 3691 dignitati
2577 3624 2792 3668 eorum

312 3724 634 3797 locorum,
654 3722 728 3784 ut
751 3720 867 3783 hoc
886 3718 974 3784 eis
1005 3717 1402 3802 privilegium
1434 3715 1839 3779 concedatur:
1874 3712 1948 3776 cf.
1986 3710 2210 3775 Suarcz
2245 3707 2318 3772 de
2349 3706 2560 3789 Reliy.
2600 3707 2702 3770 Tr.
2732 3707 2794 3769 2.

312 3826 357 3890 1.
399 3825 467 3889 3.
509 3844 564 3887 9.
602 3823 663 3887 8.

408 3925 619 4009 Asylo
645 3924 921 4010 gaudent
950 3923 1015 3986 10
1043 3941 1253 3987 omnes
1277 3922 1580 4005 baptizati
1603 3920 2048 4000 cuiuscumque
2073 3915 2440 3981 conditionis
2476 3934 2546 3980 ac
2570 3915 2795 3979 status.

411 4030 636 4109 Atque
669 4027 820 4090 adeo
848 4028 917 4089 2⁰
940 4026 1130 4089 etiam
1155 4024 1690 4098 excommunicati,
1726 4019 2041 4086 interdicti
2075 4020 2151 4084 ab
2183 4020 2464 4105 ingressu
2490 4018 2797 4094 ecclesiae,

314 4131 643 4218 suspensi.

519 4235 589 4297 3⁰
621 4233 835 4297 Etiam
866 4232 1092 4309 exules,
1133 4231 1373 4296 banniti
1405 4231 1468 4295 et
1499 4228 1910 4305 condemnati,
1946 4225 2137 4291 etiam
2169 4224 2476 4309 fugientes
2509 4242 2540 4286 9
2565 4241 2803 4287 carcere

317 4340 443 4405 aut
486 4357 521 4401 e
551 4334 845 4401 manibus
882 4334 1229 4398 satellitum
1266 4333 1416 4397 dum
1453 4332 1767 4396 ducuntur
1800 4329 1874 4393 ad
1904 4326 2295 4412 supplicium.

518 4436 590 4502 4⁰
613 4439 802 4503 quta
847 4435 1227 4519 probabilem
1276 4436 1551 4520 plurium
1598 4431 1969 4497 sententiam
2011 4429 2199 4495 etiam
2229 4447 2438 4493 01111193
2463 4445 2584 4490 11011
2610 4425 2812 4507 bapti-

322 4542 484 4620 zati,
516 4541 664 4622 quia
704 4557 828 4603 non
861 4540 957 4601 est
988 4538 1381 4622 privilegium
1414 4555 1708 4621 personae
1747 4533 1852 4598 sed
1888 4532 2030 4597 loci.
