3497 5147
302 381 441 455 [483]
1271 390 1541 431 smoxm.
1583 389 1828 430 1011111111
2658 379 2767 433 369

305 490 501 574 plendi
552 490 928 574 promissum
962 489 1073 552 aut
1104 506 1169 552 se
1202 486 1551 571 obligandi:
1586 506 1745 569 quae
1778 486 2026 569 quidem
2060 486 2228 551 fictio
2252 488 2624 552 intercedere
2661 508 2767 572 po-

305 595 421 658 test
457 593 523 657 in
556 592 836 675 quolibet
873 589 1393 666 contrahentium,
1421 590 1748 653 autetiam
1779 589 1843 652 in
1875 591 2160 671 utroque.
2181 588 2407 655 Suarez
2426 589 2500 653 de
2524 589 2761 656 Simon.

304 715 429 778 cap.
468 696 575 758 42.
603 714 662 758 n.
702 695 759 757 1.

382 797 564 863 Circa
587 799 705 862 hoc
737 797 860 860 tria
892 797 1040 859 sunt
1076 797 1263 859 certa.
1303 795 1369 858 1⁰
1400 795 1464 858 in
1496 813 1566 859 eo
1605 813 1753 858 casu
1801 795 2112 859 committi
2158 794 2488 861 simoniam
2535 797 2760 861 saltem

302 900 631 964 mentalem
670 899 747 962 ab
786 917 877 974 eo,
913 898 1021 980 (1111
1059 917 1198 962 vere
1229 896 1419 962 habet
1449 897 1727 961 animum
1754 896 2109 980 praestandi
2139 898 2480 979 temporale
2504 916 2615 980 pro
2642 898 2760 980 spi·

302 1002 511 1066 rituali
537 1002 650 1065 aut
673 1001 1018 1064 viceversa:
1054 1000 1125 1062 2⁰
1149 999 1339 1064 etiam
1365 999 1654 1077 alterum,
1682 999 1794 1082 qui
1824 1000 2016 1064 talem
2040 999 2321 1064 animum
2351 1019 2474 1064 non
2512 1000 2754 1077 habuit,

304 1123 545 1186 peccare
591 1102 896 1188 graviter3
930 1121 1076 1166 nam
1113 1101 1263 1167 dum
1286 1101 1429 1166 ficte
1460 1102 1796 1184 promittit,
1831 1102 2189 1185 perniciose,
2223 1102 2601 1180 scandalose,
2626 1104 2754 1167 imo

303 1211 359 1270 et
402 1206 701 1291 sacrilege
732 1204 1035 1270 mentitur
1082 1205 1269 1286 atque
1315 1203 1510 1268 alium
1555 1203 1796 1268 inducit
1827 1202 1903 1268 ad
1940 1204 2304 1269 simoniam:
2354 1206 2426 1269 3⁰
2471 1205 2754 1277 eundem,

302 1310 399 1391 qui
429 1309 522 1374 ita
554 1309 694 1373 ficte
727 1307 1016 1391 promisit
1046 1308 1110 1371 et
1148 1306 1368 1389 pactus
1417 1306 1529 1383 est,
1564 1306 1629 1369 in
1676 1305 1811 1371 foro
1844 1307 2067 1370 saltem
2100 1309 2349 1372 externo
2381 1307 2594 1372 haberi
2643 1325 2754 1389 pro

303 1411 652 1487 simoniaco,
679 1410 871 1476 donec
915 1409 1273 1493 probaverit
1308 1408 1655 1484 fictionem3
1689 1427 1836 1472 nam
1869 1427 2023 1491 opus
2055 1409 2466 1475 simoniacum
2489 1409 2757 1474 exterius

302 1515 502 1596 posuit
534 1516 600 1579 et
626 1513 891 1578 intentio
932 1512 1244 1596 operantis
1276 1511 1697 1594 praesumitur
1734 1530 1867 1575 esse
1898 1511 2230 1576 conformis
2269 1513 2436 1595 operi
2483 1515 2753 1577 externo.

302 1614 673 1701 Schmalzgr.
699 1615 807 1680 lib.
845 1615 905 1680 5.
940 1614 1040 1679 tit.
1076 1615 1138 1678 3.
1174 1634 1233 1677 n.
1269 1613 1376 1677 49.

382 1719 477 1782 An
509 1738 656 1783 vero
687 1717 894 1801 pactio
931 1716 1043 1780 illa
1074 1715 1222 1780 ficta
1260 1734 1401 1780 vere
1448 1715 1534 1780 sit
1580 1714 1942 1794 simoniaca,
1992 1716 2464 1781 affirmaverunt
2500 1716 2756 1799 quidam

299 1841 436 1885 cum
482 1820 784 1894 Navarro,
858 1818 1021 1902 apud
1076 1816 1302 1882 Suarez
1356 1817 1401 1880 1.
1450 1836 1502 1881 c.
1551 1836 1685 1900 cap.
1720 1817 1827 1880 42.
1877 1837 1978 1881 nn.
2038 1819 2098 1881 2.
2156 1819 2217 1881 3.
2266 1820 2330 1883 et
2375 1817 2755 1904 Schmalzgr.

300 1922 405 1985 lib.
440 1925 502 1986 5.
534 1922 634 1986 tit.
668 1924 726 1985 3.
761 1941 819 1984 n.
857 1923 993 1997 50.;
1022 1921 1126 1985 sed
1143 1920 1490 1984 communis
1523 1919 1830 1984 sententia
1869 1924 1981 1997 est,
2018 1939 2054 1984 a
2086 1920 2226 1985 ficte
2257 1921 2602 2004 paciscente
2624 1922 2758 1986 nul-

297 2025 422 2088 lam
452 2025 684 2089 incurri
727 2025 1079 2090 simoniam.
1128 2024 1338 2101 Ratio,
1388 2023 1535 2104 quia
1584 2022 1661 2087 ad
1699 2024 1999 2088 simoniae
2046 2024 2275 2089 crimen
2321 2024 2758 2090 incurrendum

291 2127 630 2209 requiritur
661 2127 905 2191 animus
938 2125 1178 2190 emendi
1223 2125 1549 2208 spirituale
1580 2144 1690 2209 pro
1725 2126 2056 2208 temporali
2096 2128 2210 2191 aut
2240 2128 2539 2192 vicissim:
2577 2129 2754 2210 atqui

291 2230 430 2294 talis
463 2230 715 2294 animus
748 2231 924 2294 abest
956 2249 993 2294 a
1028 2229 1171 2293 ficte
1201 2228 1563 2311 paciscente.

370 2332 610 2397 Exinde
634 2333 759 2410 1119,
793 2332 902 2414 (1111
937 2331 1084 2396 ficta
1121 2329 1479 2395 huiusmodi
1512 2331 1922 2413 promissione
1968 2332 2389 2414 consequutus
2421 2332 2506 2395 sit
2536 2331 2755 2396 benefi-

287 2436 464 2511 cium,
506 2435 777 2500 retinere
805 2433 962 2499 illud
1009 2433 1259 2517 poterit,
1292 2433 1477 2497 modo
1514 2452 1551 2497 a
1587 2433 1873 2518 legitimo
1907 2433 2205 2498 collatore
2234 2433 2393 2499 illud
2431 2434 2751 2516 acceperit.

372 2537 698 2603 Navarrus
732 2536 809 2601 ad
848 2555 1026 2601 suam
1074 2535 1449 2600 sententiam
1484 2535 1801 2615 tuendam,
1844 2536 2324 2621 argumentatur
2354 2554 2426 2600 ex
2463 2554 2554 2614 eo,
2590 2533 2756 2617 quod

289 2641 339 2705 si
387 2642 525 2724 quis
560 2659 677 2724 pro
709 2639 1002 2704 beneficio
1035 2637 1365 2703 obtinendo
1398 2638 1792 2722 promitteret
1837 2640 2088 2702 centum
2134 2656 2374 2714 9111903,
2413 2637 2755 2702 intentione

288 2743 573 2809 tradendi
623 2741 769 2806 illos
805 2742 986 2805 fictos
1040 2760 1111 2805 ex
1165 2740 1539 2813 aurichalco,
1574 2759 1786 2805 veram
1831 2741 2162 2806 simoniam
2221 2741 2756 2805 conventionalem

284 2844 713 2910 committeret
757 2845 820 2907 et
866 2844 918 2907 si
972 2843 1173 2925 reipsa
1221 2842 1333 2906 hos
1383 2842 1561 2906 fictos
1611 2860 1830 2907 9111903
1877 2843 2163 2921 solveret,
2220 2845 2759 2908 consummaretur

277 2949 539 3013 simonia
567 2947 795 3024 199113,
779 2971 793 2985 ·
830 2946 976 3029 (11119
1002 2945 1205 3028 1911139
1237 2944 1424 3009 datur
1449 2947 1511 3009 et
1541 2944 1842 3027 accipitur
1865 2964 1976 3027 pro
2010 2945 2320 3029 spirituali
2347 2944 2581 3027 aliquid
2607 2948 2759 3010 tem·

275 3051 499 3132 potale,
540 3049 701 3114 licet
734 3048 852 3113 hoc
896 3067 1019 3113 non
1066 3047 1151 3111 sit
1198 3047 1345 3125 tale,
1390 3047 1574 3130 quale
1621 3066 1657 3110 a
1703 3047 2035 3131 recipiente
2068 3046 2356 3129 putatum
2405 3047 2523 3112 hoc
2570 3048 2756 3125 9111111,

272 3151 473 3234 inquit
498 3150 678 3236 apud
712 3150 936 3215 Suarez
974 3151 1017 3214 1.
1043 3169 1094 3215 c.
1136 3170 1267 3232 cap.
1302 3151 1409 3213 42.
1444 3171 1503 3214 n.
1540 3151 1625 3223 3.,
1660 3150 2074 3215 119093391111111
2119 3169 2243 3215 11011
2275 3152 2372 3216 est
2416 3151 2495 3215 ad
2542 3169 2754 3215 veram

271 3254 650 3327 simoniam,
700 3254 847 3335 quia
875 3252 940 3316 in
973 3270 1371 3335 quocumque
1401 3252 1549 3315 utili
1596 3252 1797 3335 pretio
1829 3252 2267 3317 committitur.
2299 3253 2383 3316 Et
2426 3253 2753 3318 concedere

270 3357 327 3421 id
350 3358 617 3423 videtur
648 3354 894 3431 Suarez,
917 3356 1025 3437 (1111
1063 3354 1211 3419 ibid.
1248 3375 1307 3417 n.
1346 3354 1406 3417 6.
1449 3354 1696 3418 scribit:
1738 3378 1776 3412 ‹
1799 3353 2166 3437 Exemplum
2198 3354 2465 3417 Navarri
2497 3374 2618 3419 non
2657 3358 2753 3420 est

264 3460 485 3540 simile,
523 3459 687 3543 quia
743 3458 805 3521 in
841 3458 953 3522 1110
1010 3457 1348 3522 intervenit
1400 3474 1547 3520 vera
1600 3456 1865 3521 intentio
1905 3454 2182 3521 solvendi
2234 3456 2458 3519 saltem
2513 3456 2750 3537 aliquid

264 3564 465 3645 pretii,
504 3562 707 3645 quod,
740 3561 887 3624 licet
912 3560 997 3625 sit
1019 3559 1165 3642 quid
1189 3558 1520 3623 minimum
1546 3560 1609 3621 et
1632 3558 1755 3621 vile
1779 3559 2060 3639 respectu
2085 3556 2270 3639 pretii
2293 3556 2600 3639 promissi,
2627 3558 2751 3621 suf-

265 3663 390 3730 ficit
423 3666 505 3730 ad
546 3682 773 3729 veram
807 3662 1154 3727 simoniam.

348 3772 597 3837 Verum
635 3788 759 3835 non
792 3786 1160 3851 respuerem,
1210 3767 1263 3831 si
1301 3765 1442 3848 quis
1489 3767 1767 3849 negaret,
1803 3765 1994 3829 etiam
2039 3765 2104 3827 in
2143 3764 2259 3828 hoc
2294 3782 2443 3829 casu
2489 3764 2752 3830 interve-

263 3875 389 3941 nire
428 3878 679 3941 realem
726 3871 1073 3937 simoniam.
1112 3870 1320 3946 Ratio,
1357 3869 1505 3950 quia
1537 3868 1645 3949 qui
1683 3868 1864 3933 fictos
1897 3886 2117 3932 aureos
2163 3867 2292 3945 dat,
2318 3868 2419 3931 hic
2455 3888 2577 3933 non
2611 3888 2751 3933 cen-

265 3980 433 4043 setur
463 3980 626 4042 dare
661 3976 930 4058 pretium
976 3990 1174 4054 neque
1212 3971 1505 4036 habuisse
1550 3971 1960 4036 intentionem
2007 3971 2193 4035 dandi
2223 3971 2513 4055 pretium,
2555 3974 2748 4038 etiam

262 4083 633 4153 minimumz
672 4077 778 4142 sed
810 4077 1092 4140 censetur
1143 4075 1418 4139 voluisse
1470 4074 1632 4139 fictis
1664 4074 1792 4139 illis
1841 4075 2043 4139 aureis
2097 4075 2380 4140 fraudem
2429 4078 2638 4160 tegere
2687 4076 2755 4140 et

263 4184 509 4266 perinde
543 4182 739 4257 foret,
775 4198 847 4243 ac
878 4179 928 4243 si
968 4179 1106 4261 quis
1156 4177 1527 4243 obtinuisset
1574 4178 1936 4243 beneficium
1986 4178 2290 4261 promisso
2336 4178 2750 4263 chirographo

262 4305 363 4351 seu
410 4285 656 4352 scheda
705 4283 997 4347 bancaria
1043 4282 1107 4345 et
1151 4279 1290 4345 dein
1324 4281 1503 4363 quasi
1535 4282 1907 4364 impleturus
1940 4281 2020 4357 id,
2056 4281 2221 4362 quod
2267 4280 2409 4345 ficte
2440 4281 2747 4364 promisit,

263 4387 433 4455 daret
464 4386 778 4455 schedam
811 4405 920 4450 seu
949 4384 1431 4468 chirographum
1468 4383 1791 4457 falsatum,
1825 4383 1989 4466 quod
2030 4402 2065 4446 a
2103 4383 2346 4447 nemine
2381 4383 2699 4465 recipitur.

346 4492 660 4578 Superest
711 4508 878 4574 ergo,
936 4488 1010 4551 ut
1056 4506 1287 4571 poenae
1333 4486 1732 4551 incurrantur
1783 4487 1851 4549 1⁰
1890 4486 1966 4550 ob
2019 4485 2350 4550 simoniam
2406 4485 2634 4550 realem
2681 4487 2747 4551 et

368 4649 677 4693 ΒΑιιιωι.
704 4666 755 4675 --
772 4643 941 4687 Horat.
971 4642 1108 4686 Tom.
1137 4641 1205 4685 n.
2583 4639 2637 4682 24
