3497 5147
787 337 898 394 378
991 354 1202 394 mser.
1234 355 1311 396 VI.
1340 355 1503 395 sncr.
1532 355 1570 393 1.
1598 353 1683 392 DE:
1710 350 1901 392 pruno
1927 349 2145 391 PRAnc.
2171 349 2502 392 nncAnoor.
2527 351 2661 392 cse—
2685 353 2746 393 11.
2769 353 2900 396 nun.
2924 355 3003 394 111.
3058 342 3179 418 [493]

788 451 1056 533 episcopi
1104 450 1351 531 quidem
1398 449 1854 533 dispensatione
1903 467 2057 530 opus
2105 466 2256 526 esse,
2303 468 2446 513 cum
2477 449 2649 513 nulla
2695 451 2883 516 subsit
2911 453 3084 536 culpa,
3114 455 3177 518 ob

786 572 974 634 quam
999 572 1071 616 ea
1102 552 1465 617 inhabilitas
1511 552 1719 617 induci
1768 551 2005 615 debeat.
2040 549 2213 614 Num
2244 551 2394 616 haec
2427 553 2632 635 opinio
2665 553 2849 618 alium
2877 557 3182 639 quempiam

786 656 1156 718 sectatorem
1187 657 1369 719 nacta
1418 656 1519 732 sit,
1557 655 1796 739 ignoro.
1832 655 1918 717 At
1950 654 2065 716 1100
2114 671 2234 717 11011
2266 653 2648 738 ignoramuS,
2703 675 2873 739 aegre
2915 658 3181 721 conciliari

784 776 963 841 posse
994 777 1136 821 cum
1174 755 1306 840 cap.
1343 757 1417 820 Si
1443 757 1713 821 alicuius
1747 758 1851 820 59.
1887 754 1960 818 de
1992 753 2342 830 Electione‚
2376 757 2486 821 ubi
2516 757 2768 822 dicitur:
2812 784 2846 816 «
2875 757 2936 822 Si
2963 759 3183 823 alicuius

786 860 1146 924 electionem
1178 862 1430 942 propter
1461 860 1811 937 simoniam,
1840 877 1910 923 00
1943 858 2271 943 ignorante
2292 879 2362 923 ac
2392 862 2606 925 ratum
2636 879 2754 926 non
2785 861 3027 924 habente
3054 880 3186 925 com-

785 961 1059 1038 missam,
1096 962 1428 1046 contigerit
1465 962 1800 1045 reprobari,
1842 980 1984 1025 cum
2031 981 2102 1026 eo
2152 981 2338 1045 super
2358 962 2777 1042 praelatione,
2810 962 2882 1027 ad
2925 981 3088 1044 quam
3112 964 3189 1025 ta·

782 1064 927 1128 liter
963 1063 1152 1127 fuerit
1176 1064 1426 1142 electus,
1460 1065 1571 1128 illa
1611 1065 1741 1128 vice
1775 1082 1896 1127 non
1934 1064 2144 1145 potest
2177 1065 2521 1148 Episcopus
2553 1065 2915 1148 dispensare.
2937 1063 3187 1143 Quamvis

785 1167 945 1231 circa
983 1186 1145 1243 eum,
1180 1153 1287 1248 qui
1334 1167 1693 1251 ignoranter
1722 1166 1943 1248 recipit
1972 1166 2239 1246 simplex
2276 1167 2641 1233 beneficium
2695 1187 2799 1251 per
2842 1167 3190 1231 simoniacam

786 1273 1179 1356 pravitatem,
1202 1277 1352 1354 post
1396 1273 1657 1337 libe-ram
1703 1275 2208 1355 resiynationem,
2256 1273 2556 1355 Episcopi
2597 1274 2964 1354 dispensatio
3019 1271 3192 1334 tolere-

788 1378 892 1437 tur
923 1401 984 1437 ».
1019 1374 1188 1453 Quae
1236 1379 1549 1458 postrema
1582 1377 1767 1440 verba
1791 1376 1917 1439 imo
1950 1395 2115 1440 mere
2151 1374 2412 1439 tolerari
2441 1376 2557 1440 hoc
2587 1378 2793 1460 ipsum
2816 1376 3027 1448 dicunt,
3057 1371 3192 1455 quod

784 1477 982 1560 possit
1012 1478 1351 1561 Episcopus
1399 1479 1769 1561 dispensare.
1805 1479 1969 1563 Ergo
2004 1499 2040 1542 a
2071 1478 2317 1543 fortiori
2348 1482 2463 1543 etc.
2497 1478 2627 1544 Nec
2671 1479 2848 1544 firma
2879 1478 3095 1542 videtur
3121 1476 3195 1539 al-

782 1581 915 1645 lata
947 1581 1109 1644 ratio
1144 1581 1448 1657 Valensis,
1490 1602 1666 1663 quae,
1703 1583 1798 1645 uti
1824 1583 2016 1665 patet,
2040 1582 2226 1646 nimis
2258 1583 2567 1664 probaret,
2605 1603 2822 1666 nempe
2857 1581 3009 1646 idem
3037 1580 3197 1643 dicen·

784 1682 931 1747 dum
972 1683 1026 1746 si
1059 1684 1287 1767 agatur
1323 1684 1396 1747 de
1427 1682 1860 1748 Praelatione.

965 1785 1034 1846 2⁰
1065 1783 1323 1863 Quando
1359 1787 1568 1850 autem
1604 1787 1716 1851 aut
1746 1787 1975 1851 sciente
1999 1787 2363 1852 beneficiato
2413 1788 2744 1852 obtentum
2791 1787 2873 1852 sit
2917 1784 3198 1850 simoniace

783 1886 1145 1951 beneficium
1195 1887 1471 1970 simplex,
1539 1892 1650 1953 aut
1700 1889 2065 1954 beneficium
2116 1891 2443 1954 obtentum
2488 1890 2745 1972 quidem
2791 1888 3097 1955 simoniace
3135 1883 3202 1948 sit

783 1989 1111 2072 ignorante
1158 1989 1565 2063 beneficiariO,
1614 1991 1977 2055 beneficium
2016 1993 2226 2056 tamen
2259 2012 2380 2056 non
2414 1993 2498 2056 sit
2547 1993 2831 2077 simplex,
2880 1991 2979 2056 sed
3017 1987 3201 2070 duplex

782 2090 908 2170 (uti
952 2089 1297 2170 loquuntur
1345 2093 1760 2176 canonistae);
1811 2095 1959 2158 tunc
2007 2113 2129 2158 11011
2176 2096 2383 2178 potest
2413 2096 2740 2179 episcopus
2772 2089 3206 2179 dispensarent

784 2192 929 2255 talis
963 2192 1325 2257 beneficium
1373 2193 1529 2258 illud
1577 2195 1837 2260 retinere
1863 2198 2079 2279 possit,
2116 2199 2338 2261 saltem
2372 2199 2604 2281 (quoad
2636 2199 2971 2264 secundum
3003 2192 3204 2272 casum)

782 2294 900 2357 illa
947 2297 1074 2358 vice
1121 2296 1220 2359 vel
1267 2297 1339 2361 de
1386 2316 1547 2362 novo
1596 2300 1929 2380 acquirere,
1988 2300 2092 2364 sed
2138 2301 2575 2366 recurrendum
2622 2322 2738 2386 pro
2803 2296 3207 2384 dispensatione

782 2398 878 2462 est
924 2398 1001 2461 ad
1048 2399 1413 2464 Pontificem
1462 2401 1836 2466 Romanum.
1874 2400 1939 2464 Si
1964 2403 2175 2465 tamen
2222 2403 2394 2485 prius
2428 2405 2607 2468 alteri
2658 2405 3007 2472 conferatur
3039 2403 3094 2465 et
3119 2398 3206 2461 ite-

781 2520 921 2564 rum
968 2521 1188 2566 vacare
1226 2503 1586 2588 contigerit3
1622 2504 1854 2587 poterit
1893 2505 2042 2567 111110
2074 2504 2335 2568 conferri
2367 2506 2481 2584 illi,
2509 2506 2616 2589 qui
2651 2507 2982 2572 simoniam
3011 2503 3081 2567 ab
3108 2499 3206 2563 alio

780 2606 1175 2670 commissam
1223 2606 1566 2689 ignoravit:
1602 2606 1917 2671 Reiffenst.
1958 2607 1999 2670 l.
2035 2627 2086 2672 0.
2122 2629 2180 2671 11.
2219 2609 2367 2672 337.

869 2706 1048 2786 Quod
1097 2708 1306 2771 antem
1354 2708 1623 2772 diximus
1669 2711 2110 2775 recurrendum
2158 2729 2287 2776 esse
2349 2711 2427 2775 ad
2495 2713 2738 2795 Papam
2786 2732 2896 2797 pro
2944 2711 3210 2792 dispensa·

778 2809 946 2872 tione
992 2809 1236 2890 quando
1287 2809 1653 2873 beneficium
1702 2810 1927 2894 duplex
1975 2813 2240 2877 simonia
2290 2814 2616 2878 obtentum
2664 2816 2753 2880 sit
2786 2814 2864 2879 ab
2912 2812 3028 2877 alio
3072 2826 3209 2873 eom-

780 2911 970 2975 missa
1019 2913 1082 2975 et
1126 2913 1454 2996 ignorante
1502 2912 1919 2991 beneficiario,
1956 2915 2018 2978 id
2063 2916 2538 3001 intelligendum
2563 2919 2661 2983 est
2693 2918 2770 2983 de
2803 2937 2970 2994 casu,
3007 2931 3116 2995 quo
3148 2907 3210 2973 ob

780 3014 1110 3079 simoniam
1159 3016 1416 3079 alterius
1463 3015 1680 3080 electio
1730 3035 1840 3080 seu
1885 3018 2138 3082 collatio
2195 3019 2383 3083 fuerit
2431 3040 2553 3099 per
2610 3021 2991 3084 sententiam
3042 3029 3213 3097 repro-

781 3117 928 3179 bata
977 3118 1163 3197 atque
1210 3117 1523 3180 declarata
1554 3117 1767 3193 11111ος
1802 3139 1946 3183 nam
1986 3121 2037 3184 si
2071 3140 2177 3203 per
2215 3121 2587 3185 sententiam
2625 3142 2752 3187 non
2801 3121 2991 3186 fuerit
3019 3119 3075 3182 in
3099 3114 3210 3178 foro

780 3220 1028 3281 externo
1074 3218 1403 3298 reprobata
1451 3218 1597 3282 talis
1637 3219 1912 3285 beneficii
1943 3222 2235 3304 provisiO,
2276 3222 2466 3287 etiam
2512 3242 2623 3306 pro
2669 3223 2798 3287 illa
2845 3224 2974 3287 vice
3017 3220 3217 3301 dispen-

779 3338 915 3383 sare
963 3320 1192 3401 poterit
1238 3320 1599 3405 Episcopus,
1634 3324 1797 3404 quod
1836 3324 1976 3405 quis
2009 3325 2379 3404 clefynitatmn
2426 3343 2672 3408 quoque
2723 3329 2840 3390 aut
2889 3320 3212 3390 beneficium

778 3424 1066 3487 curatum
1100 3442 1206 3505 per
1238 3422 1567 3488 simoniam
1602 3425 1859 3489 alterius
1889 3427 2052 3491 bona
2083 3426 2200 3491 fide
2234 3427 2558 3492 obtentum
2596 3429 2870 3494 retinere
2903 3448 3010 3493 seu
3040 3421 3215 3509 potius

778 3524 850 3590 de
911 3545 1070 3590 novo
1134 3527 1448 3608 acquirere
1513 3528 1740 3604 valeat,
1792 3529 1844 3592 si
1891 3530 2062 3611 prius
2108 3530 2264 3594 illud
2329 3531 2620 3615 resignet.
2671 3531 2815 3597 Hoc
2875 3532 3033 3596 enim
3078 3526 3214 3590 clare

777 3630 1017 3693 eruitur
1064 3649 1134 3692 ex
1172 3630 1373 3713 prima
1420 3634 1597 3714 parte
1636 3650 1767 3714 cap.
1821 3630 1892 3694 Si
1934 3630 2224 3711 alicuius,
2274 3632 2439 3715 quod
2487 3634 2675 3716 paulo
2710 3636 2864 3699 aute
2896 3632 3215 3699 retulimus.

864 3731 1044 3805 493.
1072 3736 1515 3820 Quodcumque
1564 3738 1813 3802 tandem
1860 3739 2221 3804 beneficium
2254 3740 2381 3805 sive
2420 3741 2679 3825 simplex
2713 3743 2850 3807 sive
2901 3740 3114 3824 duplex
3135 3733 3217 3799 ob·

776 3839 1023 3900 tentum
1070 3838 1258 3902 fuerit
1304 3841 1634 3904 simoniace
1674 3842 1902 3905 sciente
1947 3841 2076 3919 illo,
2105 3842 2213 3923 qui
2243 3844 2528 3924 provisus
2563 3845 2676 3921 est,
2708 3845 3091 3928 Episcopum
3119 3855 3216 3902 non

776 3957 955 4021 posse
1001 3939 1352 4022 dispensare
1399 3961 1541 4007 cum
1587 3943 1996 4021 beneficiario,
2046 3946 2119 4008 ut
2167 3943 2321 4008 illud
2368 3945 2731 4011 beneficium
2766 3947 2872 4011 vel
2905 3949 3054 4012 tunc
3093 3937 3221 4006 reti-

775 4062 915 4106 nere
955 4044 1049 4107 vel
1085 4043 1207 4107 alia
1246 4045 1376 4108 vice
1411 4045 1483 4109 (10
1516 4064 1674 4110 novo
1702 4047 2016 4129 acquirere
2047 4047 2202 4111 illud
2235 4048 2461 4111 iterum
2493 4048 2720 4127 valeat,
2758 4049 3096 4114 tenendum
3124 4042 3218 4107 est.

864 4146 946 4208 Et
977 4146 1226 4228 quidem
1264 4166 1373 4229 pro
1412 4147 1545 4212 foro
1585 4151 1853 4224 externO,
1895 4150 2132 4213 cert-um
2180 4151 2275 4214 est
2307 4150 2469 4233 apud
2504 4169 2741 4215 omnes:
2779 4152 3015 4235 quippe
3059 4147 3226 4213 simo-

775 4249 945 4311 niace
974 4250 1292 4330 acquirens
1314 4250 1694 4327 beneficium,
1716 4271 1820 4331 per
1839 4251 1934 4314 ius
1959 4271 2282 4315 commune
2308 4254 2371 4315 et
2392 4253 2741 4335 pontificias
2762 4252 3225 4319 constitutiones

778 4352 855 4415 ad
886 4352 1047 4416 idem
1082 4354 1483 4417 obtinendum
1514 4354 1793 4418 redditur
1824 4360 2119 4438 perpetuo
2151 4357 2460 4421 inhabilis.

863 4454 925 4519 Si
966 4474 1108 4519 vero
1165 4456 1248 4519 sit
1304 4456 1565 4519 simonia
1615 4457 1879 4527 occulta,
1916 4458 2169 4539 quidam
2218 4462 2605 4533 censuerunt,
2651 4478 2836 4543 posse
2871 4459 3227 4541 Episcopum

774 4556 1145 4639 dispensare,
1181 4556 1359 4637 quasi
1394 4557 1540 4619 haec
1574 4556 1840 4622 facultas
1874 4558 1985 4623 fiat
2018 4560 2357 4644 Episcopis,
2394 4562 2541 4627 dum
2590 4562 2816 4626 decret.
2857 4562 2921 4626 6.
2974 4556 3229 4624 Trident
