3497 5147
413 362 594 433 [1225]
861 376 1074 417 'raama
1100 376 1207 417 vn.
1234 374 1395 417 siner.
1423 375 1504 415 iv.
1527 375 1613 414 nm
1641 374 1957 416 mmmmm
1984 375 2422 416 Pnomnrnorm
2756 361 2865 417 895

415 493 630 557 nempe
659 471 992 537 efficaciter
1019 469 1374 555 impeditur,
1408 471 1538 534 sive
1560 470 1746 535 verbo
1779 471 1908 536 sive
1937 471 2124 549 facto,
2158 492 2233 537 ne
2264 472 2419 536 liber
2450 472 2738 537 tradatur
2764 473 2869 537 cui

415 575 750 640 tradendus
796 574 893 637 est
937 573 1036 637 vel
1079 590 1155 636 ne
1199 572 1601 637 comburatur
1646 575 1758 637 aut
1802 573 2086 650 intereat,
2121 593 2264 638 cum
2308 572 2371 637 id
2419 592 2490 637 ex
2538 575 2864 657 praecepto

413 677 766 743 faciendum
795 676 909 740 est.
943 672 1005 739 S.
1037 672 1222 758 Alph.
1256 695 1315 738 n.
1351 675 1501 738 285.
1534 673 1705 738 Haec
1741 675 1837 739 est
1867 695 1975 759 per
2004 695 2068 740 se
2105 677 2314 761 gravis
2351 676 2556 759 culpa.

507 775 716 849 1223.
752 776 1093 857 Impressio
1123 776 1375 841 tandem
1408 775 1605 842 vetita
1635 778 1731 840 est
1762 777 1951 842 editio
1997 777 2141 841 libri
2188 797 2296 861 per
2342 778 2560 861 typos3
2608 778 2866 859 ideoque

415 901 538 946 non
582 881 717 946 sola
761 878 1112 962 descriptiO‚
1162 879 1631 943 amanuensium
1679 898 1870 957 more,
1919 881 2064 944 novi
2109 881 2494 964 exemplaris.
2547 880 2713 965 Lege
2760 881 2878 944 hac

416 982 778 1067 prohibente
806 980 1271 1064 impressionem
1295 980 1584 1045 tenentur
1612 981 1678 1043 1⁰
1702 999 1932 1059 omneS‚
1960 983 2066 1064 qui
2093 983 2170 1047 ad
2195 1002 2331 1047 eam
2356 982 2631 1065 proxime
2663 1000 2875 1064 coope-

416 1086 667 1149 rantur:
718 1085 789 1147 2ο
833 1082 942 1164 qui
987 1101 1203 1146 eorum
1250 1100 1465 1165 operas
1511 1082 1896 1161 conducunt3
1936 1103 2082 1148 nam
2129 1086 2192 1149 et
2237 1086 2304 1149 hi
2350 1084 2644 1149 dicuntur
2683 1084 2872 1167 vulgo

416 1187 785 1270 imprimere.
834 1182 1069 1248 Prioris
1115 1184 1356 1268 generis
1386 1185 1552 1261 sunt,
1600 1185 1709 1266 qui
1739 1186 1924 1270 typos
1954 1188 2352 1269 componunt,
2403 1186 2658 1270 tingunt
2708 1185 2877 1248 atra-

417 1291 647 1366 mento,
696 1288 944 1352 chartas
989 1285 1408 1350 madefaciunt
1438 1287 1553 1350 etc.
1589 1284 1914 1352 Corrector
1961 1289 2184 1351 saltem
2229 1288 2478 1351 tenetur
2522 1287 2679 1371 lege,
2729 1304 2878 1367 qua-

419 1394 599 1456 tenus
643 1389 800 1474 legit
836 1388 1231 1470 (d’Annibale
1260 1388 1304 1451 l.
1353 1407 1405 1451 c.
1438 1387 1568 1452 not.
1620 1388 1775 1471 25.).
1809 1387 2087 1453 Alterius
2118 1389 2359 1473 generis
2390 1390 2539 1453 sunt
2584 1389 2878 1472 typogra-

418 1495 597 1578 phuS,
630 1492 831 1557 editor
858 1491 1022 1568 libri,
1055 1489 1165 1572 qui
1188 1491 1594 1571 utrorumque
1628 1508 1848 1574 operas
1871 1491 2205 1556 conducere
2228 1491 2625 1575 intelligitur,
2655 1491 2876 1553 auctor

420 1615 663 1678 quoque
694 1594 856 1670 libri,
891 1594 945 1658 si
975 1593 1108 1658 eius
1145 1612 1299 1656 cura
1333 1591 1539 1655 editur
1567 1592 1741 1656 liber.
1778 1593 1878 1657 Ita
1914 1592 2281 1657 d'Annibale
2317 1594 2360 1657 l.
2397 1612 2448 1657 c.
2483 1614 2543 1658 n.
2579 1593 2685 1656 38.

509 1698 669 1777 Quid
704 1697 757 1760 si
803 1696 943 1777 quis
989 1694 1289 1778 praecipit
1333 1693 1477 1757 libri
1521 1693 2037 1776 impressionem?
2075 1695 2297 1759 Potest
2343 1696 2482 1777 quis
2528 1694 2592 1758 id
2639 1692 2875 1777 praeci-

421 1821 580 1885 pere,
613 1799 763 1882 quin
798 1800 1010 1863 tamen
1044 1816 1186 1861 vere
1221 1797 1466 1860 dicatur
1495 1796 1847 1879 imprimere
1877 1798 2268 1881 (stampare),
2308 1800 2462 1881 puta
2497 1798 2628 1861 Rex
2656 1797 2876 1860 iubens

423 1904 621 1969 edicto
668 1920 781 1966 suo
814 1899 961 1964 libri
997 1898 1348 1963 editionem.
1388 1897 1525 1963 Nisi
1556 1918 1702 1983 ergo
1736 1899 1928 1963 etiam
1965 1899 2338 1963 manda-ntae
2373 1900 2510 1984 lege
2549 1898 2876 1974 feriantur,

422 2026 545 2071 non
589 2004 836 2069 videtur
876 2000 1235 2066 huiusmodi
1280 2001 1656 2085 praecipiens
1703 2020 2026 2066 censuram
2071 2002 2380 2065 incurrere
2415 2000 2720 2064 inflictam
2766 2000 2878 2062 im-

423 2108 754 2195 pressionis
800 2105 1178 2171 auctoribus

516 2206 726 2281 1224.
756 2207 1150 2273 Facultatem
1178 2206 1423 2291 legendi
1458 2206 1648 2272 libros
1697 2226 1734 2272 a
1766 2207 2047 2272 Romano
2080 2207 2379 2272 Pontifice
2416 2208 2513 2271 vel
2551 2225 2600 2270 a.
2641 2203 2867 2289 Congr.

422 2314 765 2399 prohibitos
810 2311 932 2394 ipsi
977 2327 1223 2392 quoque
1267 2308 1554 2391 Episcopi
1599 2312 1804 2393 petere
1866 2310 2120 2385 debent3
2166 2310 2268 2373 lex
2325 2309 2488 2373 enim
2541 2307 2869 2372 Pontificia

424 2419 610 2499 atque
642 2413 1008 2479 universalis
1055 2430 1265 2477 omnes
1315 2411 1573 2495 obligat.
1600 2411 1772 2476 Solet
1799 2415 2010 2477 tamen
2040 2412 2119 2475 iis
2165 2414 2304 2476 tum
2349 2412 2512 2476 inter
2540 2410 2871 2475 facultates

423 2518 764 2587 ordinarias
797 2519 936 2582 tum
965 2514 1130 2581 inter
1159 2513 1677 2581 extraordinarias
1710 2515 1861 2579 haec
1905 2534 2150 2598 quoque
2182 2514 2449 2579 facultas
2495 2514 2635 2597 plus
2669 2513 2878 2578 minus

427 2622 634 2705 ampla
665 2618 932 2684 concedi.
966 2615 1028 2682 S.
1060 2617 1246 2701 Alph.
1277 2638 1338 2682 n.
1376 2618 1524 2682 299.
1560 2614 1653 2680 Of.
1686 2614 1927 2681 Sabetti
1960 2637 2057 2700 op.
2092 2618 2197 2682 cit.
2231 2639 2290 2681 n.
2328 2618 2478 2682 979.
2514 2636 2572 2698 q.
2614 2617 2672 2680 7.

514 2721 866 2804 Quaeritur,
894 2739 973 2784 an
1004 2739 1146 2783 cum
1178 2719 1364 2783 datur
1390 2720 1642 2784 licentia
1687 2719 1932 2803 legendi
1959 2720 2153 2785 libros
2198 2722 2354 2803 puta
2398 2719 2869 2797 haereticorum,

428 2826 505 2890 ad
538 2843 751 2890 eorum
797 2840 1032 2887 errores
1077 2821 1506 2898 confutandoS,
1540 2822 1637 2885 vel
1683 2821 1876 2885 libros
1924 2822 2182 2886 obscena
2227 2822 2590 2896 tractanteS,
2630 2823 2879 2904 propter

426 2927 706 2993 studium
752 2924 1206 3000 Humanitatis,
1254 2925 1462 3006 peccet
1507 2925 1724 2988 contra
1768 2924 1990 3008 legem,
2040 2924 2150 3005 qui
2191 2925 2365 3009 legat
2412 2924 2617 2989 solum
2666 2943 2737 2986 ex
2782 2942 2884 2987 cu-

424 3030 728 3096 riositate.
778 3025 1034 3092 Certum
1080 3026 1193 3107 est,
1242 3026 1959 3110 excommunicationem,
2010 3026 2064 3091 si
2109 3046 2234 3108 qua
2279 3031 2392 3105 est,
2441 3046 2565 3091 non
2625 3026 2876 3090 incurri.

426 3131 682 3198 Certum
727 3130 962 3215 pariter
1004 3130 1118 3207 est,
1154 3129 1318 3211 quod
1356 3128 1410 3194 si
1439 3129 1713 3194 lecturus
1761 3129 1993 3194 sentiat
2023 3148 2086 3193 se
2136 3129 2445 3195 obiectum
2489 3128 2570 3193 iri
2606 3127 2877 3211 periculo

428 3237 523 3301 vel
570 3234 811 3326 erroris·
839 3231 1162 3298 hauriendi
1209 3233 1309 3296 vel
1352 3232 1713 3297 inhonestae
1760 3230 2191 3314 concipiendae
2252 3231 2613 3308 affectionis,
2664 3230 2881 3294 contra

428 3337 780 3402 naturalem
821 3335 1027 3416 legem
1063 3334 1341 3416 peccabit
1387 3353 1498 3416 pro
1543 3335 1786 3398 ratione
1833 3333 2111 3417 periculi,
2159 3332 2260 3396 cui
2306 3352 2368 3397 se
2417 3335 2648 3415 absque
2694 3350 2884 3397 causa

433 3437 701 3522 exponit.

522 3540 610 3603 At
635 3539 853 3602 contra
886 3536 1090 3620 legem
1121 3535 1600 3599 ecclesiasticam
1631 3553 1754 3600 non
1785 3537 2024 3618 peccat3
2066 3537 2212 3619 quia
2244 3537 2564 3620 permissio
2597 3537 2765 3602 facta
2790 3538 2886 3600 est

434 3640 820 3719 universalis,
868 3639 1080 3703 valens
1126 3655 1237 3720 pro
1284 3636 1563 3717 quolibet
1606 3655 1774 3701 casu·
1824 3635 1982 3701 Sane
2028 3638 2347 3722 permissio
2396 3639 2886 3722 praesumptioni

431 3741 725 3807 innititur
784 3740 1098 3807 absentiae
1157 3738 1415 3823 periculi
1460 3739 1526 3804 in
1568 3740 1848 3823 legente;
1895 3739 2154 3822 ideoque
2210 3759 2282 3803 ea
2343 3741 2663 3823 permissio
2719 3743 2891 3806 valet

436 3845 649 3922 etiam,
680 3862 824 3908 cum
853 3844 993 3925 quis
1023 3862 1096 3907 ex
1132 3841 1496 3907 curiositate
1527 3842 1703 3927 legit.
1737 3839 1801 3905 S.
1833 3840 2018 3925 Alph.
2053 3862 2113 3905 n.
2148 3843 2297 3907 291.

525 3947 767 4030 Excipe,
814 3945 937 4009 nisi
980 3945 1303 4029 permissio
1349 3964 1492 4009 cum
1535 3945 1912 4010 limitatione
1944 3945 2094 4009 data
2124 3945 2227 4023 sit,
2268 3946 2342 4008 ut
2378 3944 2533 4008 liber
2569 3945 2774 4010 solum
2803 3948 2888 4010 le-

437 4052 647 4135 gatur,
682 4067 825 4113 cum
851 4048 1184 4112 necessitas
1217 4048 1331 4112 aut
1360 4047 1607 4112 utilitas
1643 4047 1707 4111 id
1741 4047 2037 4129 postulet.

530 4146 737 4222 1225.
766 4148 832 4214 Si
863 4150 1091 4234 agatur
1122 4148 1195 4212 de
1224 4150 1400 4215 libris
1424 4170 1547 4216 non
1578 4149 1712 4215 iure
1744 4150 2156 4216 ecclesiastico
2189 4149 2538 4234 prohibitiS,
2564 4149 2637 4212 de
2669 4149 2896 4230 quibus

440 4256 648 4320 tamen
698 4253 985 4318 dubitare
1031 4250 1178 4315 licet
1209 4271 1288 4316 an
1332 4252 1501 4318 fideli
1545 4252 1782 4338 legenti
1819 4253 1986 4317 noxii
2018 4252 2142 4318 sint
2172 4252 2390 4330 futuri,
2430 4251 2751 4317 recolenda
2799 4254 2894 4315 est

437 4358 654 4442 regula
687 4355 926 4420 tradita
959 4374 996 4420 a
1029 4350 1224 4437 Cong.
1251 4372 1299 4417 s.
1328 4354 1759 4437 Inquisitionis
1792 4374 1952 4421 anno
1982 4356 2172 4420 1832.
2208 4356 2285 4420 ad
2319 4356 2654 4439 Episcopos
2678 4352 2900 4418 Helve-

440 4461 585 4537 tiae,
611 4459 719 4541 qui
755 4457 1255 4542 postulaverant:
1305 4480 1341 4516 α
1373 4456 1470 4522 An
1500 4458 1730 4538 fideles,
1767 4459 1942 4525 salva
1979 4460 2372 4538 conscientia,
2406 4461 2609 4544 legere
2659 4458 2902 4541 possint
