3497 5147
643 291 753 344 466
789 303 1004 344 τΒΑοτ.
1030 303 1110 344 vr.
1138 300 1299 343 sno-r.
1330 301 1393 342 11.
1419 300 1505 339 nn
1530 299 1810 341 saeui-mo
1837 297 2055 339 Panno.
2080 296 2409 338 nncsnom.
2436 297 2566 338 car.
2598 297 2687 336 111.
2712 296 2856 338 nun.
2882 296 2920 336 1.
2971 281 3113 350 [6031

645 399 751 464 sed
818 398 1130 479 quodnam
1174 402 1382 460 votum
1417 395 1713 460 sollemne
1784 395 2048 459 dirimat
2091 399 2478 459 contractum
2534 399 2756 474 postea
2808 394 3116 457 matrimo-

647 503 826 564 nium
850 522 872 577 ,·
919 500 1099 584 plura
1145 500 1310 564 enim
1346 518 1418 563 ea
1466 500 1671 563 aetate
1717 498 2074 563 ferebantur
2127 499 2277 561 vota
2316 497 2661 572 sollemnia,
2724 516 2916 578 quam
2963 514 3114 578 quae

649 603 951 686 deinceps.
987 602 1288 666 Doctrina
1313 601 1619 665 Bonifacii
1652 600 1804 664 haec
1827 602 1939 664 est.
1983 627 2014 656 «
2049 599 2180 664 Nos
2219 599 2609 665 attendentes
2649 599 2814 681 quod
2840 599 2973 664 voti
3002 598 3117 662 sol-

651 706 943 770 lemnitas
981 725 1052 770 ex
1100 705 1234 770 sola
1280 704 1728 769 constItutione
1776 704 2082 767 Ecclesiae
2130 704 2226 767 est
2274 703 2589 768 inventa...
2639 704 2980 786 praesentis
3025 702 3119 766 de-

654 807 1018 872 clarandum
1051 806 1335 872 ducimus
1382 806 1634 871 oraculo
1668 805 2038 870 sanctionis:
2079 804 2236 869 illud
2261 805 2466 869 solum
2504 807 2725 869 votum
2756 805 2974 869 debere
3005 805 3119 868 dici

656 911 953 976 sollemne
977 910 1284 992 quantum
1309 908 1387 972 ad
1417 909 1561 991 post
1591 911 1982 972 contractum
2006 908 2480 972 matrimonium
2503 907 2936 982 dirimendum,
2963 907 3126 989 quod

657 1012 1156 1077 sollemnizatum
1191 1012 1382 1075 fuerit
1427 1031 1533 1094 per
1580 1011 2031 1094 susceptionem
2058 1011 2216 1075 sacri
2249 1010 2480 1075 ordinis
2512 1013 2625 1074 aut
2657 1029 2765 1093 per
2809 1010 3129 1093 professio·

658 1137 801 1180 nem
838 1135 1188 1199 expressam
1236 1116 1333 1179 vel
1380 1115 1640 1179 tacitam
1687 1113 1919 1178 factam
1968 1113 2154 1178 alicui
2201 1114 2274 1178 de
2310 1114 2717 1198 religionibus
2763 1133 2872 1196 per
2925 1112 3126 1178 sedem

659 1220 1089 1301 Apostolicam
1137 1219 1495 1302 approbatis
1528 1243 1589 1281 ».
1647 1243 1680 1274 «
1715 1216 1893 1296 Quod
1941 1216 2309 1280 tantundem
2350 1218 2464 1293 est,
2514 1236 2584 1281 ac
2631 1217 2686 1280 si
2717 1216 2989 1292 dixisset,
3038 1216 3130 1279 ait

661 1323 734 1385 de
782 1321 957 1385 Buck
1004 1341 1062 1404 p.
1108 1322 1292 1384 lOO.:
1342 1340 1539 1402 quum
1583 1319 2095 1403 impedimentum
2141 1319 2434 1383 dirimens
2480 1321 2972 1395 matrimonium,
3017 1339 3131 1383 an-

662 1443 883 1487 nexum
933 1423 1080 1487 voto
1128 1422 1413 1487 sollemni
1444 1422 1759 1487 castitatis
1789 1441 1912 1485 non
1959 1421 2199 1486 nitatur
2230 1424 2378 1487 voto
2418 1421 2523 1486 sed
2554 1422 2994 1498 sollemnitate,
3032 1440 3134 1483 ra·

661 1525 896 1590 tionem
943 1525 1130 1589 huius
1161 1523 1358 1607 ipsius
1396 1524 1839 1589 sollemnitatis
1887 1527 2204 1605 sequatur,
2247 1525 2512 1608 oportet.
2569 1523 2773 1603 Quare
2822 1543 2965 1588 cum
3008 1523 3133 1587 sol-

661 1626 953 1691 lemnitas
987 1627 1064 1689 ab
1095 1625 1368 1690 Ecclesia
1392 1625 1687 1690 instituta
1720 1626 1824 1702 sit,
1860 1626 2075 1710 negari
2105 1643 2229 1691 non
2260 1628 2468 1709 potest
2497 1626 2750 1691 effectus
2781 1626 2970 1690 huius
3002 1626 3136 1689 voti

662 1730 727 1792 in
760 1729 893 1792 eius
927 1727 1186 1793 arbitrio
1235 1746 1366 1791 esse
1413 1730 1475 1791 et
1520 1727 2033 1809 impedimentum
2083 1727 2335 1811 proinde
2381 1728 2674 1792 dirimens
2713 1728 2794 1792 ab
2827 1729 2961 1792 eius
3004 1729 3136 1791 sta-

662 1831 821 1894 tutis
859 1828 1181 1912 pendere...
1232 1848 1296 1893 se
1357 1829 1571 1910 itaque
1608 1831 1886 1893 statuere
1946 1830 2102 1894 illud
2151 1830 2354 1895 solum
2400 1830 2615 1895 debere
2671 1830 2793 1895 dici
2840 1831 3140 1895 sollemne

664 1931 871 2014 quoad
917 1931 1204 1996 effectum
1251 1930 1576 1995 dirimendi
1622 1933 2097 1997 matrimonium
2142 1932 2307 2015 quod
2379 1934 2522 2016 post
2583 1951 2655 1997 ea
2702 1933 3135 2006 contrahatur,

665 2033 832 2117 quod
863 2033 1362 2098 sollemnizatum
1392 2033 1582 2098 fuerit
1612 2037 1727 2098 etc.
1764 2060 1825 2098 ».

757 2136 875 2202 Est
903 2156 1049 2221 ergo
1085 2136 1215 2201 voti
1248 2136 1634 2201 sollemnitas
1675 2138 1753 2200 ab
1798 2137 2194 2203 institutione
2242 2138 2568 2216 Ecclesiae,
2610 2138 3138 2221 quemadmodum

668 2240 745 2304 ab
792 2238 1191 2304 institutione
1237 2239 1438 2304 civilis
1472 2240 1870 2304 auctoritatis
1904 2243 1998 2304 est
2029 2240 2417 2305 sollemnitas
2450 2242 2910 2319 contractuum,
2950 2243 3142 2305 testa-

668 2345 1022 2408 mentorum
1048 2345 1163 2407 etc.
1206 2339 1533 2427 Congruit,
1569 2341 1837 2423 quidem,
1867 2343 1919 2405 si
1942 2343 2096 2406 certi
2120 2343 2371 2407 effectus
2403 2343 2717 2408 tribuendi
2748 2345 2930 2408 erant
2950 2343 3140 2412 votis,

667 2449 743 2510 ut
786 2446 883 2510 his
938 2445 1419 2510 honestarentur
1475 2445 1686 2528 potius
1739 2445 2066 2509 sollemnia
2112 2465 2302 2527 quam
2348 2446 2683 2530 simplicia;
2733 2446 2841 2512 sed
2888 2446 3143 2510 tandem

670 2549 836 2632 quod
883 2549 948 2613 hi
981 2549 1232 2614 effectus
1280 2550 1485 2613 essent
1531 2548 1628 2612 vel
1660 2548 1917 2629 quinam
1949 2551 2171 2625 essent,
2203 2549 2268 2613 in
2309 2549 2567 2615 arbitrio
2600 2550 2910 2615 Ecclesiae
2946 2549 3146 2614 situm

669 2655 825 2717 erat.
859 2650 1031 2730 Quae
1077 2651 1403 2734 propterea
1450 2650 1659 2733 potuit
1707 2650 1958 2715 effectus
1997 2652 2139 2716 illos
2172 2671 2328 2733 quos
2366 2654 2502 2736 ipsa
2535 2654 2698 2719 votis
2737 2652 3147 2718 sollemnibus

672 2754 985 2830 attribuit,
1036 2753 1306 2818 tribuere
1354 2754 1517 2819 votis
1550 2753 1924 2835 quibusdam
1970 2754 2372 2837 simplicibus,
2413 2756 2563 2837 quin
2617 2755 2966 2821 desinerent
3011 2773 3148 2819 aese

677 2855 1004 2937 simplicia.
1043 2855 1209 2919 Audi
1254 2855 1579 2939 Laymann
1617 2855 1703 2919 sic
1750 2857 2223 2937 prosequentem
2267 2855 2310 2919 l.
2367 2875 2417 2920 c.
2483 2883 2518 2914 α
2551 2856 2753 2936 Quare
2799 2858 2964 2922 sicut
3009 2858 3149 2921 iure

672 2958 924 3042 speciali
969 2960 1286 3023 statutum
1332 2961 1445 3036 est,
1480 2959 1553 3021 ut
1585 2977 1643 3020 v,
1677 2979 1739 3040 g.
1769 2959 2215 3023 testamentum
2260 2960 2467 3024 minus
2499 2960 2796 3025 sollemne
2824 2960 2988 3025 inter
3026 2960 3149 3023 mi-

672 3061 814 3126 lites
839 3061 1088 3144 perinde
1112 3060 1390 3125 validum
1417 3060 1588 3124 sitae
1613 3060 1930 3135 sollemne,
1956 3060 2049 3124 Ita
2074 3060 2263 3125 etiam
2290 3061 2589 3126 constitui
2619 3062 2832 3144 potuit
2854 3064 2920 3126 et
2940 3061 3146 3144 reipsa

674 3164 1089 3228 constitutum
1122 3164 1218 3228 est
1249 3182 1285 3227 a
1318 3162 1620 3246 Gregorio
1653 3161 1831 3225 XIII.
1852 3162 1915 3225 in
1940 3162 2128 3226 Bulla
2151 3161 2543 3228 Ascendente
2565 3162 2863 3242 Domine,
2890 3166 2962 3229 ut
2996 3168 3150 3227 vota

677 3265 1004 3348 simplicia,
1045 3284 1203 3347 quae
1234 3265 1297 3329 in
1331 3262 1639 3329 Societate
1685 3265 1831 3328 Iesu
1877 3264 1975 3328 edi
2022 3265 2242 3343 solent,
2276 3265 2678 3330 traditionem
2714 3285 2788 3330 ex
2820 3270 2997 3349 parte
3042 3283 3154 3329 vo·

679 3367 959 3432 ventium
989 3367 1455 3432 irrevocabilem
1487 3368 1846 3431 contineant
1878 3386 2175 3450 verosque
2214 3368 2537 3452 religiosos
2569 3368 2844 3433 efficiant
2868 3369 3152 3449 aliosque

675 3469 926 3537 effectus
973 3469 1297 3553 plerosque
1344 3471 1635 3534 votorum
1681 3469 2077 3534 sollemnium
2123 3472 2599 3551 consequantur.
2637 3469 2803 3534 Nam
2834 3471 2899 3535 in
2930 3470 3152 3553 primis

675 3573 978 3637 inducunt
1023 3571 1500 3654 incapacitatem
1548 3570 1624 3634 ad
1672 3571 1922 3653 nuptias
1958 3572 2052 3635 ita
2099 3573 2171 3635 ut
2217 3573 2688 3637 matrimonium
2724 3592 2850 3638 non
2898 3577 3154 3638 tantum

677 3675 895 3739 illicite
926 3673 1030 3738 sed
1066 3673 1259 3738 etiam
1296 3672 1565 3737 invalide
1600 3673 1676 3737 ab
1708 3672 2069 3738 huiusmodi
2120 3674 2427 3759 religiosis
2460 3676 2889 3741 contrahatur.
2917 3676 3154 3742 Deinde

676 3778 731 3841 si
785 3776 934 3839 vota
982 3774 1289 3858 simplicia
1336 3775 1462 3839 sint
1508 3775 1775 3857 publica,
1825 3795 1984 3856 quae
2032 3796 2067 3840 a
2118 3774 2599 3842 Coadiutoribus
2646 3782 2899 3843 nostrae
2945 3778 3154 3845 Socie-

679 3878 832 3943 tatis
881 3876 978 3940 edi
1024 3876 1246 3953 solent,
1295 3876 1699 3941 introducunt
1745 3878 1939 3941 etiam
2000 3878 2461 3943 inhabilitatem
2507 3897 2616 3943 seu
2670 3881 3154 3964 incapacitatem

677 3980 1120 4059 cuiuscumque
1167 3977 1425 4042 dominii
1473 3979 1775 4043 bonorum
1825 3980 1888 4043 in
1934 3980 2318 4063 particulari.
2367 3980 2560 4062 quue
2608 3982 2818 4047 totum
2865 4003 2938 4048 ex
2967 3983 3156 4047 eccle-

677 4082 929 4149 siastica
978 4080 1447 4146 constitutione.
1496 4081 1755 4146 Interim
1803 4102 1945 4148 vero
1996 4082 2176 4148 hodie
2223 4084 2544 4167 proprium
2606 4090 2818 4150 manet
2864 4086 3155 4152 sollemni

680 4184 1061 4270 professioni,
1102 4183 1266 4265 quod
1316 4183 1393 4247 ab
1442 4183 1698 4265 antiquo
1747 4185 1875 4249 iam
1923 4186 2194 4270 vigebat,
2245 4188 2317 4249 ut
2363 4186 2835 4252 matrimonium
2883 4188 3157 4272 (ratum)

687 4290 870 4352 antea
914 4288 1307 4352 contractum
1354 4284 1608 4349 dirimat
1656 4287 1852 4368 (quod
1914 4287 1977 4351 id
2023 4287 2140 4352 soli
2201 4287 2569 4370 professioni
2613 4288 2676 4352 in
2723 4290 3028 4375 religione
3073 4293 3158 4356 ab

683 4389 1043 4471 Apostolica
1091 4386 1244 4453 Sede
1291 4388 1633 4471 approbata
1682 4392 2016 4472 competat,
2076 4390 2173 4453 est
2231 4409 2302 4455 ex
2349 4390 2657 4456 Ecclesiae
2702 4392 3162 4477 institutione),

685 4492 901 4557 deinde
950 4496 1022 4559 ut
1067 4512 1140 4558 ex
1178 4492 1412 4557 virtute
1460 4492 1591 4556 eius
1630 4493 1850 4577 religio
1899 4494 2173 4558 vicissim
2205 4492 2497 4579 religioso
2547 4493 2861 4579 obligetur
2899 4495 2979 4561 ad
3012 4515 3170 4563 eum
