<?xml version="1.0" encoding="UTF-8"?>
<!DOCTYPE html PUBLIC "-//W3C//DTD XHTML 1.0 Transitional//EN"
    "http://www.w3.org/TR/xhtml1/DTD/xhtml1-transitional.dtd">
<html xmlns="http://www.w3.org/1999/xhtml" xml:lang="en" lang="en">
 <head>
  <title>
</title>
<meta http-equiv="Content-Type" content="text/html;charset=utf-8" />
  <meta name='ocr-system' content='tesseract 3.04.00' />
  <meta name='ocr-capabilities' content='ocr_page ocr_carea ocr_par ocr_line ocrx_word'/>
</head>
<body>
  <div class='ocr_page' id='page_1' title='image "./opustheologicum00ballgoog/opustheologicum00ballgoog_0600.png"; bbox 0 0 3497 5147; ppageno 0'>
   <div class='ocr_carea' id='block_1_1' title="bbox 369 253 2843 323">
    <p class='ocr_par' dir='ltr' id='par_1_1' title="bbox 369 253 2843 323">
     <span class='ocr_line' id='line_1_1' title="bbox 369 253 2843 323; baseline 0.003 -14"><span class='ocrx_word' id='word_1_1' title='bbox 369 253 514 323; x_wconf 84' lang='grc'>[805]</span> <span class='ocrx_word' id='word_1_2' title='bbox 988 267 1158 316; x_wconf 68' lang='lat' dir='ltr'>Qum</span> <span class='ocrx_word' id='word_1_3' title='bbox 1195 269 1513 312; x_wconf 72' lang='lat' dir='ltr'>nouam</span> <span class='ocrx_word' id='word_1_4' title='bbox 1549 269 1631 311; x_wconf 71' lang='grc' dir='ltr'>ΑΒ</span> <span class='ocrx_word' id='word_1_5' title='bbox 1670 269 2012 314; x_wconf 60' lang='lat' dir='ltr'>num-noun</span> <span class='ocrx_word' id='word_1_6' title='bbox 2050 272 2231 316; x_wconf 65' lang='lat' dir='ltr'>sacar</span> <span class='ocrx_word' id='word_1_7' title='bbox 2735 263 2843 318; x_wconf 81' lang='lat'>593</span> 
     </span>
    </p>
   </div>
   <div class='ocr_carea' id='block_1_2' title="bbox 365 366 2884 1989">
    <p class='ocr_par' dir='ltr' id='par_1_2' title="bbox 365 366 2849 637">
     <span class='ocr_line' id='line_1_2' title="bbox 454 366 2849 452; baseline 0.003 -22"><span class='ocrx_word' id='word_1_8' title='bbox 454 366 727 431; x_wconf 81' lang='lat' dir='ltr'>Adverte</span> <span class='ocrx_word' id='word_1_9' title='bbox 777 367 1010 445; x_wconf 89' lang='lat' dir='ltr'>autem,</span> <span class='ocrx_word' id='word_1_10' title='bbox 1058 368 1161 431; x_wconf 82' lang='lat' dir='ltr'>vix</span> <span class='ocrx_word' id='word_1_11' title='bbox 1209 368 1593 434; x_wconf 72' lang='lat' dir='ltr'>occasionem</span> <span class='ocrx_word' id='word_1_12' title='bbox 1640 368 1854 438; x_wconf 79' lang='lat' dir='ltr'><strong>adesse</strong></span> <span class='ocrx_word' id='word_1_13' title='bbox 1901 369 1976 434; x_wconf 89' lang='lat' dir='ltr'>de</span> <span class='ocrx_word' id='word_1_14' title='bbox 2022 370 2120 434; x_wconf 86' lang='lat' dir='ltr'>his</span> <span class='ocrx_word' id='word_1_15' title='bbox 2166 370 2481 434; x_wconf 87' lang='lat' dir='ltr'>iudicandi</span> <span class='ocrx_word' id='word_1_16' title='bbox 2542 372 2663 436; x_wconf 89' lang='lat' dir='ltr'>nisi</span> <span class='ocrx_word' id='word_1_17' title='bbox 2693 377 2849 452; x_wconf 77' lang='lat' dir='ltr'>post</span> 
     </span>
     <span class='ocr_line' id='line_1_3' title="bbox 365 470 2847 555; baseline 0.002 -22"><span class='ocrx_word' id='word_1_18' title='bbox 365 470 620 550; x_wconf 78' lang='lat' dir='ltr'>factum,</span> <span class='ocrx_word' id='word_1_19' title='bbox 654 471 719 534; x_wconf 88' lang='lat' dir='ltr'>et</span> <span class='ocrx_word' id='word_1_20' title='bbox 750 471 895 553; x_wconf 90' lang='lat' dir='ltr'>post</span> <span class='ocrx_word' id='word_1_21' title='bbox 939 470 1181 534; x_wconf 83' lang='lat' dir='ltr'>factum</span> <span class='ocrx_word' id='word_1_22' title='bbox 1227 470 1356 534; x_wconf 90' lang='lat' dir='ltr'>iam</span> <span class='ocrx_word' id='word_1_23' title='bbox 1402 470 1703 536; x_wconf 88' lang='lat' dir='ltr'>iudicium</span> <span class='ocrx_word' id='word_1_24' title='bbox 1751 471 1977 554; x_wconf 78' lang='lat' dir='ltr'>pendet</span> <span class='ocrx_word' id='word_1_25' title='bbox 2025 489 2062 535; x_wconf 88' lang='lat' dir='ltr'>a</span> <span class='ocrx_word' id='word_1_26' title='bbox 2109 471 2508 549; x_wconf 82' lang='lat' dir='ltr'>conscientia,</span> <span class='ocrx_word' id='word_1_27' title='bbox 2543 492 2667 555; x_wconf 90' lang='lat' dir='ltr'>qua</span> <span class='ocrx_word' id='word_1_28' title='bbox 2705 476 2847 555; x_wconf 85' lang='lat' dir='ltr'>quis</span> 
     </span>
     <span class='ocr_line' id='line_1_4' title="bbox 365 574 679 637; baseline 0 -2"><span class='ocrx_word' id='word_1_29' title='bbox 365 590 518 636; x_wconf 90' lang='lat' dir='ltr'>usus</span> <span class='ocrx_word' id='word_1_30' title='bbox 565 574 679 637; x_wconf 86' lang='lat' dir='ltr'>est.</span> 
     </span>
    </p>

    <p class='ocr_par' dir='ltr' id='par_1_3' title="bbox 365 674 2884 1683">
     <span class='ocr_line' id='line_1_5' title="bbox 457 674 2840 760; baseline 0.001 -21"><span class='ocrx_word' id='word_1_31' title='bbox 457 675 549 739; x_wconf 90' lang='lat' dir='ltr'>De</span> <span class='ocrx_word' id='word_1_32' title='bbox 594 674 1143 740; x_wconf 80' lang='lat' dir='ltr'>excommunicatis</span> <span class='ocrx_word' id='word_1_33' title='bbox 1190 693 1336 741; x_wconf 82' lang='lat' dir='ltr'>vero</span> <span class='ocrx_word' id='word_1_34' title='bbox 1383 678 1497 741; x_wconf 89' lang='lat' dir='ltr'>aut</span> <span class='ocrx_word' id='word_1_35' title='bbox 1540 674 1889 741; x_wconf 75' lang='lat' dir='ltr'>interdictis</span> <span class='ocrx_word' id='word_1_36' title='bbox 1937 694 1987 741; x_wconf 92' lang='lat' dir='ltr'>s.</span> <span class='ocrx_word' id='word_1_37' title='bbox 2027 677 2214 760; x_wconf 89' lang='lat' dir='ltr'>Alph.</span> <span class='ocrx_word' id='word_1_38' title='bbox 2248 697 2308 741; x_wconf 92' lang='lat' dir='ltr'>n.</span> <span class='ocrx_word' id='word_1_39' title='bbox 2344 678 2496 741; x_wconf 84' lang='lat'><strong>325.</strong></span> <span class='ocrx_word' id='word_1_40' title='bbox 2546 680 2840 756; x_wconf 87' lang='lat' dir='ltr'>testatur,</span> 
     </span>
     <span class='ocr_line' id='line_1_6' title="bbox 367 779 2844 862; baseline 0 -19"><span class='ocrx_word' id='word_1_41' title='bbox 367 795 693 843; x_wconf 90' lang='lat' dir='ltr'>commune</span> <span class='ocrx_word' id='word_1_42' title='bbox 737 796 870 843; x_wconf 88' lang='lat' dir='ltr'>esse</span> <span class='ocrx_word' id='word_1_43' title='bbox 914 781 1136 842; x_wconf 76' lang='lat' dir='ltr'>contra</span> <span class='ocrx_word' id='word_1_44' title='bbox 1165 798 1425 859; x_wconf 76' lang='lat' dir='ltr'>paucos,</span> <span class='ocrx_word' id='word_1_45' title='bbox 1474 798 1596 844; x_wconf 91' lang='lat' dir='ltr'>non</span> <span class='ocrx_word' id='word_1_46' title='bbox 1644 798 1895 862; x_wconf 86' lang='lat' dir='ltr'>peccare</span> <span class='ocrx_word' id='word_1_47' title='bbox 1957 779 2263 845; x_wconf 86' lang='lat' dir='ltr'>eiusmodi</span> <span class='ocrx_word' id='word_1_48' title='bbox 2324 779 2605 845; x_wconf 89' lang='lat' dir='ltr'>homines</span> <span class='ocrx_word' id='word_1_49' title='bbox 2654 782 2844 845; x_wconf 87' lang='lat' dir='ltr'>omit—</span> 
     </span>
     <span class='ocr_line' id='line_1_7' title="bbox 368 881 2841 967; baseline 0.001 -22"><span class='ocrx_word' id='word_1_50' title='bbox 368 881 552 947; x_wconf 89' lang='lat' dir='ltr'>tendo</span> <span class='ocrx_word' id='word_1_51' title='bbox 576 881 858 959; x_wconf 84' lang='lat' dir='ltr'>Missam,</span> <span class='ocrx_word' id='word_1_52' title='bbox 878 881 1126 946; x_wconf 89' lang='lat' dir='ltr'>etiamsi</span> <span class='ocrx_word' id='word_1_53' title='bbox 1147 882 1473 967; x_wconf 75' lang='lat' dir='ltr'>negligant</span> <span class='ocrx_word' id='word_1_54' title='bbox 1495 883 1953 948; x_wconf 86' lang='lat' dir='ltr'>absolutionem</span> <span class='ocrx_word' id='word_1_55' title='bbox 1978 881 2105 965; x_wconf 84' lang='lat' dir='ltr'>(vel</span> <span class='ocrx_word' id='word_1_56' title='bbox 2128 881 2504 957; x_wconf 84' lang='lat' dir='ltr'>libertatem,</span> <span class='ocrx_word' id='word_1_57' title='bbox 2524 883 2578 947; x_wconf 90' lang='lat' dir='ltr'>si</span> <span class='ocrx_word' id='word_1_58' title='bbox 2601 902 2841 948; x_wconf 89' lang='lat' dir='ltr'>carcere</span> 
     </span>
     <span class='ocr_line' id='line_1_8' title="bbox 368 975 2884 1069; baseline 0.001 -22"><span class='ocrx_word' id='word_1_59' title='bbox 368 981 629 1067; x_wconf 89' lang='lat' dir='ltr'>detenti)</span> <span class='ocrx_word' id='word_1_60' title='bbox 667 983 815 1066; x_wconf 87' lang='lat' dir='ltr'>quia</span> <span class='ocrx_word' id='word_1_61' title='bbox 850 1002 975 1048; x_wconf 92' lang='lat' dir='ltr'>non</span> <span class='ocrx_word' id='word_1_62' title='bbox 1007 985 1104 1049; x_wconf 86' lang='lat' dir='ltr'>est</span> <span class='ocrx_word' id='word_1_63' title='bbox 1141 984 1444 1069; x_wconf 75' lang='lat' dir='ltr'>obligatio</span> <span class='ocrx_word' id='word_1_64' title='bbox 1492 984 1809 1050; x_wconf 82' lang='lat' dir='ltr'>auferendi</span> <span class='ocrx_word' id='word_1_65' title='bbox 1853 984 2297 1068; x_wconf 88' lang='lat' dir='ltr'>impedimenta</span> <span class='ocrx_word' id='word_1_66' title='bbox 2331 986 2603 1049; x_wconf 84' lang='lat' dir='ltr'>remota:</span> <span class='ocrx_word' id='word_1_67' title='bbox 2652 985 2838 1050; x_wconf 90' lang='lat' dir='ltr'>modo</span> <span class='ocrx_word' id='word_1_68' title='bbox 2873 975 2884 988; x_wconf 81' lang='lat'>&#39;</span> 
     </span>
     <span class='ocr_line' id='line_1_9' title="bbox 365 1085 2837 1172; baseline 0.001 -23"><span class='ocrx_word' id='word_1_69' title='bbox 365 1103 486 1150; x_wconf 92' lang='lat' dir='ltr'>non</span> <span class='ocrx_word' id='word_1_70' title='bbox 517 1085 658 1151; x_wconf 89' lang='lat' dir='ltr'>ideo</span> <span class='ocrx_word' id='word_1_71' title='bbox 687 1086 1014 1171; x_wconf 86' lang='lat' dir='ltr'>negligant</span> <span class='ocrx_word' id='word_1_72' title='bbox 1047 1086 1524 1162; x_wconf 84' lang='lat' dir='ltr'>absolutionem,</span> <span class='ocrx_word' id='word_1_73' title='bbox 1562 1106 1639 1152; x_wconf 93' lang='lat' dir='ltr'>ne</span> <span class='ocrx_word' id='word_1_74' title='bbox 1674 1087 2006 1151; x_wconf 90' lang='lat' dir='ltr'>teneantur</span> <span class='ocrx_word' id='word_1_75' title='bbox 2034 1087 2191 1172; x_wconf 90' lang='lat' dir='ltr'>lege.</span> <span class='ocrx_word' id='word_1_76' title='bbox 2223 1086 2432 1168; x_wconf 85' lang='lat' dir='ltr'>Atque</span> <span class='ocrx_word' id='word_1_77' title='bbox 2462 1086 2528 1150; x_wconf 88' lang='lat' dir='ltr'>id</span> <span class='ocrx_word' id='word_1_78' title='bbox 2560 1086 2837 1170; x_wconf 88' lang='lat' dir='ltr'>profecto</span> 
     </span>
     <span class='ocr_line' id='line_1_10' title="bbox 368 1186 2840 1274; baseline -0 -22"><span class='ocrx_word' id='word_1_79' title='bbox 368 1186 843 1263; x_wconf 85' lang='lat' dir='ltr'>admittendum,</span> <span class='ocrx_word' id='word_1_80' title='bbox 892 1189 946 1252; x_wconf 90' lang='lat' dir='ltr'>si</span> <span class='ocrx_word' id='word_1_81' title='bbox 991 1207 1065 1253; x_wconf 91' lang='lat' dir='ltr'>ea</span> <span class='ocrx_word' id='word_1_82' title='bbox 1125 1187 1508 1273; x_wconf 84' lang='lat' dir='ltr'>negligentia</span> <span class='ocrx_word' id='word_1_83' title='bbox 1566 1190 1652 1254; x_wconf 83' lang='lat' dir='ltr'>sit</span> <span class='ocrx_word' id='word_1_84' title='bbox 1709 1192 1960 1274; x_wconf 89' lang='lat' dir='ltr'>propter</span> <span class='ocrx_word' id='word_1_85' title='bbox 2012 1190 2440 1272; x_wconf 89' lang='lat' dir='ltr'>contemptum</span> <span class='ocrx_word' id='word_1_86' title='bbox 2496 1188 2683 1273; x_wconf 75' lang='lat' dir='ltr'>legIS:</span> <span class='ocrx_word' id='word_1_87' title='bbox 2734 1187 2840 1252; x_wconf 85' lang='lat' dir='ltr'>sed</span> 
     </span>
     <span class='ocr_line' id='line_1_11' title="bbox 366 1290 2841 1376; baseline 0 -22"><span class='ocrx_word' id='word_1_88' title='bbox 366 1290 534 1370; x_wconf 88' lang='lat' dir='ltr'>quid,</span> <span class='ocrx_word' id='word_1_89' title='bbox 576 1290 629 1355; x_wconf 86' lang='lat' dir='ltr'>si</span> <span class='ocrx_word' id='word_1_90' title='bbox 677 1290 755 1355; x_wconf 90' lang='lat' dir='ltr'>ob</span> <span class='ocrx_word' id='word_1_91' title='bbox 799 1291 1141 1368; x_wconf 88' lang='lat' dir='ltr'>levitatem,</span> <span class='ocrx_word' id='word_1_92' title='bbox 1180 1293 1257 1356; x_wconf 91' lang='lat' dir='ltr'>ut</span> <span class='ocrx_word' id='word_1_93' title='bbox 1300 1310 1391 1356; x_wconf 84' lang='lat' dir='ltr'>ex.</span> <span class='ocrx_word' id='word_1_94' title='bbox 1431 1312 1525 1376; x_wconf 91' lang='lat' dir='ltr'>gr.</span> <span class='ocrx_word' id='word_1_95' title='bbox 1561 1291 1702 1356; x_wconf 86' lang='lat' dir='ltr'>aliis</span> <span class='ocrx_word' id='word_1_96' title='bbox 1751 1292 2261 1375; x_wconf 82' lang='lat' dir='ltr'>occupationibus</span> <span class='ocrx_word' id='word_1_97' title='bbox 2307 1292 2555 1374; x_wconf 89' lang='lat' dir='ltr'>tempus</span> <span class='ocrx_word' id='word_1_98' title='bbox 2600 1290 2841 1374; x_wconf 91' lang='lat' dir='ltr'>impen-</span> 
     </span>
     <span class='ocr_line' id='line_1_12' title="bbox 365 1391 2840 1477; baseline 0 -22"><span class='ocrx_word' id='word_1_99' title='bbox 365 1391 570 1471; x_wconf 86' lang='lat' dir='ltr'>datur,</span> <span class='ocrx_word' id='word_1_100' title='bbox 604 1413 679 1457; x_wconf 94' lang='lat' dir='ltr'>ne</span> <span class='ocrx_word' id='word_1_101' title='bbox 723 1393 1187 1458; x_wconf 90' lang='lat' dir='ltr'>incommodum</span> <span class='ocrx_word' id='word_1_102' title='bbox 1233 1393 1533 1459; x_wconf 85' lang='lat' dir='ltr'>subeatur</span> <span class='ocrx_word' id='word_1_103' title='bbox 1577 1395 1838 1459; x_wconf 87' lang='lat' dir='ltr'>exeundi</span> <span class='ocrx_word' id='word_1_104' title='bbox 1891 1394 2075 1459; x_wconf 90' lang='lat' dir='ltr'>domo</span> <span class='ocrx_word' id='word_1_105' title='bbox 2115 1395 2276 1459; x_wconf 69' lang='lat' dir='ltr'>etc?</span> <span class='ocrx_word' id='word_1_106' title='bbox 2323 1392 2391 1458; x_wconf 88' lang='lat' dir='ltr'>Si</span> <span class='ocrx_word' id='word_1_107' title='bbox 2437 1394 2840 1477; x_wconf 89' lang='lat' dir='ltr'>praeceptum</span> 
     </span>
     <span class='ocr_line' id='line_1_13' title="bbox 366 1493 2836 1580; baseline 0 -23"><span class='ocrx_word' id='word_1_108' title='bbox 366 1512 489 1558; x_wconf 91' lang='lat' dir='ltr'>non</span> <span class='ocrx_word' id='word_1_109' title='bbox 536 1493 777 1580; x_wconf 91' lang='lat' dir='ltr'>obligat</span> <span class='ocrx_word' id='word_1_110' title='bbox 824 1496 1062 1560; x_wconf 83' lang='lat' dir='ltr'>auferre</span> <span class='ocrx_word' id='word_1_111' title='bbox 1108 1496 1552 1579; x_wconf 86' lang='lat' dir='ltr'>impedimenta</span> <span class='ocrx_word' id='word_1_112' title='bbox 1594 1499 1858 1573; x_wconf 88' lang='lat' dir='ltr'>remota,</span> <span class='ocrx_word' id='word_1_113' title='bbox 1889 1515 2013 1561; x_wconf 93' lang='lat' dir='ltr'>non</span> <span class='ocrx_word' id='word_1_114' title='bbox 2060 1495 2350 1562; x_wconf 83' lang='lat' dir='ltr'>videntur</span> <span class='ocrx_word' id='word_1_115' title='bbox 2385 1496 2452 1559; x_wconf 91' lang='lat' dir='ltr'>hi</span> <span class='ocrx_word' id='word_1_116' title='bbox 2498 1494 2836 1559; x_wconf 87' lang='lat' dir='ltr'>damnandi</span> 
     </span>
     <span class='ocr_line' id='line_1_14' title="bbox 367 1596 2529 1683; baseline 0 -24"><span class='ocrx_word' id='word_1_117' title='bbox 367 1596 589 1661; x_wconf 87' lang='lat' dir='ltr'>saltem</span> <span class='ocrx_word' id='word_1_118' title='bbox 621 1598 832 1682; x_wconf 87' lang='lat' dir='ltr'>gravis</span> <span class='ocrx_word' id='word_1_119' title='bbox 870 1599 1125 1681; x_wconf 86' lang='lat' dir='ltr'>peccati,</span> <span class='ocrx_word' id='word_1_120' title='bbox 1160 1601 1414 1683; x_wconf 85' lang='lat' dir='ltr'>propter</span> <span class='ocrx_word' id='word_1_121' title='bbox 1451 1599 1568 1664; x_wconf 92' lang='lat' dir='ltr'>hoc</span> <span class='ocrx_word' id='word_1_122' title='bbox 1598 1600 1998 1683; x_wconf 83' lang='lat' dir='ltr'>praeceptum</span> <span class='ocrx_word' id='word_1_123' title='bbox 2027 1617 2150 1663; x_wconf 90' lang='lat' dir='ltr'>non</span> <span class='ocrx_word' id='word_1_124' title='bbox 2188 1600 2529 1663; x_wconf 84' lang='lat' dir='ltr'>servatum.</span> 
     </span>
    </p>

    <p class='ocr_par' dir='ltr' id='par_1_4' title="bbox 367 1698 2840 1989">
     <span class='ocr_line' id='line_1_15' title="bbox 457 1698 2840 1784; baseline -0.001 -20"><span class='ocrx_word' id='word_1_125' title='bbox 457 1698 633 1779; x_wconf 79' lang='lat' dir='ltr'>Quod</span> <span class='ocrx_word' id='word_1_126' title='bbox 680 1718 825 1765; x_wconf 85' lang='lat' dir='ltr'>vero</span> <span class='ocrx_word' id='word_1_127' title='bbox 874 1720 922 1764; x_wconf 75' lang='lat' dir='ltr'>s,</span> <span class='ocrx_word' id='word_1_128' title='bbox 957 1701 1143 1784; x_wconf 89' lang='lat' dir='ltr'>Alph.</span> <span class='ocrx_word' id='word_1_129' title='bbox 1191 1702 1234 1764; x_wconf 92' lang='lat' dir='ltr'>l.</span> <span class='ocrx_word' id='word_1_130' title='bbox 1270 1720 1321 1766; x_wconf 89' lang='lat' dir='ltr'>c.</span> <span class='ocrx_word' id='word_1_131' title='bbox 1362 1720 1505 1766; x_wconf 90' lang='lat' dir='ltr'>cum</span> <span class='ocrx_word' id='word_1_132' title='bbox 1552 1699 1757 1767; x_wconf 85' lang='lat' dir='ltr'>Collet</span> <span class='ocrx_word' id='word_1_133' title='bbox 1803 1701 2033 1777; x_wconf 86' lang='lat' dir='ltr'>subdit,</span> <span class='ocrx_word' id='word_1_134' title='bbox 2069 1699 2471 1781; x_wconf 61' lang='lat' dir='ltr'>probabam</span> <span class='ocrx_word' id='word_1_135' title='bbox 2516 1699 2712 1763; x_wconf 90' lang='lat' dir='ltr'>teneri</span> <span class='ocrx_word' id='word_1_136' title='bbox 2760 1699 2840 1762; x_wconf 88' lang='lat' dir='ltr'>ad</span> 
     </span>
     <span class='ocr_line' id='line_1_16' title="bbox 368 1800 2837 1887; baseline 0 -22"><span class='ocrx_word' id='word_1_137' title='bbox 368 1801 822 1867; x_wconf 87' lang='lat' dir='ltr'>absolutionem</span> <span class='ocrx_word' id='word_1_138' title='bbox 854 1803 1268 1885; x_wconf 86' lang='lat' dir='ltr'>quaerendam</span> <span class='ocrx_word' id='word_1_139' title='bbox 1314 1804 1514 1880; x_wconf 91' lang='lat' dir='ltr'>illum,</span> <span class='ocrx_word' id='word_1_140' title='bbox 1549 1804 1661 1886; x_wconf 91' lang='lat' dir='ltr'>qui</span> <span class='ocrx_word' id='word_1_141' title='bbox 1707 1803 1890 1868; x_wconf 88' lang='lat' dir='ltr'>facile</span> <span class='ocrx_word' id='word_1_142' title='bbox 1935 1803 2143 1887; x_wconf 88' lang='lat' dir='ltr'>potest</span> <span class='ocrx_word' id='word_1_143' title='bbox 2189 1821 2327 1867; x_wconf 90' lang='lat' dir='ltr'>eam</span> <span class='ocrx_word' id='word_1_144' title='bbox 2376 1800 2671 1879; x_wconf 89' lang='lat' dir='ltr'>obtinere,</span> <span class='ocrx_word' id='word_1_145' title='bbox 2706 1800 2837 1865; x_wconf 90' lang='lat' dir='ltr'>iam</span> 
     </span>
     <span class='ocr_line' id='line_1_17' title="bbox 367 1903 2285 1989; baseline 0.001 -22"><span class='ocrx_word' id='word_1_146' title='bbox 367 1903 637 1987; x_wconf 86' lang='lat' dir='ltr'>pertinet</span> <span class='ocrx_word' id='word_1_147' title='bbox 679 1904 755 1968; x_wconf 85' lang='lat' dir='ltr'>ad</span> <span class='ocrx_word' id='word_1_148' title='bbox 802 1906 1173 1970; x_wconf 89' lang='lat' dir='ltr'>sententiam</span> <span class='ocrx_word' id='word_1_149' title='bbox 1220 1925 1562 1989; x_wconf 86' lang='lat' dir='ltr'>paucorum</span> <span class='ocrx_word' id='word_1_150' title='bbox 1608 1909 1827 1972; x_wconf 88' lang='lat' dir='ltr'>contra</span> <span class='ocrx_word' id='word_1_151' title='bbox 1873 1923 2285 1971; x_wconf 89' lang='lat' dir='ltr'>communem.</span> 
     </span>
    </p>
   </div>
   <div class='ocr_carea' id='block_1_3' title="bbox 364 2044 2832 2356">
    <p class='ocr_par' dir='ltr' id='par_1_5' title="bbox 364 2044 2832 2356">
     <span class='ocr_line' id='line_1_18' title="bbox 478 2044 2830 2113; baseline 0 -15"><span class='ocrx_word' id='word_1_152' title='bbox 478 2044 756 2099; x_wconf 79' lang='lat' dir='ltr'><strong>XXXVIII.</strong></span> <span class='ocrx_word' id='word_1_153' title='bbox 797 2049 844 2098; x_wconf 79' lang='lat'>2.</span> <span class='ocrx_word' id='word_1_154' title='bbox 875 2049 1009 2110; x_wconf 82' lang='lat' dir='ltr'>Item,</span> <span class='ocrx_word' id='word_1_155' title='bbox 1054 2044 1138 2112; x_wconf 87' lang='lat' dir='ltr'>qui</span> <span class='ocrx_word' id='word_1_156' title='bbox 1178 2046 1462 2100; x_wconf 84' lang='lat' dir='ltr'>custodiunt</span> <span class='ocrx_word' id='word_1_157' title='bbox 1486 2055 1668 2112; x_wconf 86' lang='lat' dir='ltr'>castra,</span> <span class='ocrx_word' id='word_1_158' title='bbox 1694 2050 1884 2108; x_wconf 84' lang='lat' dir='ltr'>urbem,</span> <span class='ocrx_word' id='word_1_159' title='bbox 1911 2061 2125 2112; x_wconf 79' lang='lat' dir='ltr'>gregem,</span> <span class='ocrx_word' id='word_1_160' title='bbox 2151 2046 2357 2100; x_wconf 74' lang='lat' dir='ltr'>iurantes</span> <span class='ocrx_word' id='word_1_161' title='bbox 2383 2049 2462 2099; x_wconf 82' lang='lat' dir='ltr'>vel</span> <span class='ocrx_word' id='word_1_162' title='bbox 2491 2059 2697 2113; x_wconf 84' lang='lat' dir='ltr'>puerum</span> <span class='ocrx_word' id='word_1_163' title='bbox 2725 2046 2830 2111; x_wconf 85' lang='lat' dir='ltr'>(qui</span> 
     </span>
     <span class='ocr_line' id='line_1_19' title="bbox 369 2128 2832 2199; baseline 0 -17"><span class='ocrx_word' id='word_1_164' title='bbox 369 2128 418 2182; x_wconf 91' lang='lat' dir='ltr'>in</span> <span class='ocrx_word' id='word_1_165' title='bbox 459 2133 642 2197; x_wconf 88' lang='lat' dir='ltr'>templo</span> <span class='ocrx_word' id='word_1_166' title='bbox 678 2130 874 2196; x_wconf 84' lang='lat' dir='ltr'>quietus</span> <span class='ocrx_word' id='word_1_167' title='bbox 912 2137 960 2185; x_wconf 91' lang='lat' dir='ltr'>et</span> <span class='ocrx_word' id='word_1_168' title='bbox 998 2130 1104 2185; x_wconf 84' lang='lat' dir='ltr'>sine</span> <span class='ocrx_word' id='word_1_169' title='bbox 1144 2130 1516 2199; x_wconf 77' lang='lat' dir='ltr'>perturbatione</span> <span class='ocrx_word' id='word_1_170' title='bbox 1555 2132 1764 2185; x_wconf 82' lang='lat' dir='ltr'>aliorum</span> <span class='ocrx_word' id='word_1_171' title='bbox 1804 2131 2046 2186; x_wconf 76' lang='lat' dir='ltr'>contineri</span> <span class='ocrx_word' id='word_1_172' title='bbox 2085 2147 2180 2185; x_wconf 85' lang='lat' dir='ltr'>non</span> <span class='ocrx_word' id='word_1_173' title='bbox 2208 2133 2392 2198; x_wconf 80' lang='lat' dir='ltr'>potest)</span> <span class='ocrx_word' id='word_1_174' title='bbox 2415 2134 2494 2184; x_wconf 82' lang='lat' dir='ltr'>vel</span> <span class='ocrx_word' id='word_1_175' title='bbox 2520 2132 2718 2184; x_wconf 89' lang='lat' dir='ltr'>domum</span> <span class='ocrx_word' id='word_1_176' title='bbox 2745 2138 2832 2184; x_wconf 82' lang='lat' dir='ltr'>aut</span> 
     </span>
     <span class='ocr_line' id='line_1_20' title="bbox 366 2215 2832 2283; baseline -0.001 -13"><span class='ocrx_word' id='word_1_177' title='bbox 366 2215 523 2280; x_wconf 73' lang='lat' dir='ltr'>aegris</span> <span class='ocrx_word' id='word_1_178' title='bbox 560 2215 738 2269; x_wconf 79' lang='lat' dir='ltr'>solatio</span> <span class='ocrx_word' id='word_1_179' title='bbox 776 2222 905 2279; x_wconf 85' lang='lat' dir='ltr'>sunt,</span> <span class='ocrx_word' id='word_1_180' title='bbox 946 2223 1029 2270; x_wconf 87' lang='lat' dir='ltr'>aut</span> <span class='ocrx_word' id='word_1_181' title='bbox 1056 2231 1265 2283; x_wconf 79' lang='lat' dir='ltr'>coquere</span> <span class='ocrx_word' id='word_1_182' title='bbox 1285 2219 1467 2271; x_wconf 85' lang='lat' dir='ltr'>debent</span> <span class='ocrx_word' id='word_1_183' title='bbox 1494 2223 1544 2271; x_wconf 86' lang='lat' dir='ltr'>et</span> <span class='ocrx_word' id='word_1_184' title='bbox 1568 2217 1745 2271; x_wconf 80' lang='lat' dir='ltr'>similia</span> <span class='ocrx_word' id='word_1_185' title='bbox 1772 2231 1965 2279; x_wconf 85' lang='lat' dir='ltr'>curare,</span> <span class='ocrx_word' id='word_1_186' title='bbox 1992 2231 2117 2283; x_wconf 81' lang='lat' dir='ltr'>quae</span> <span class='ocrx_word' id='word_1_187' title='bbox 2143 2215 2304 2270; x_wconf 88' lang='lat' dir='ltr'>omitti</span> <span class='ocrx_word' id='word_1_188' title='bbox 2333 2230 2426 2270; x_wconf 91' lang='lat' dir='ltr'>non</span> <span class='ocrx_word' id='word_1_189' title='bbox 2454 2222 2676 2282; x_wconf 83' lang='lat' dir='ltr'>possunt.</span> <span class='ocrx_word' id='word_1_190' title='bbox 2709 2217 2832 2268; x_wconf 89' lang='lat' dir='ltr'>Bon.</span> 
     </span>
     <span class='ocr_line' id='line_1_21' title="bbox 364 2301 898 2356; baseline 0 0"><span class='ocrx_word' id='word_1_191' title='bbox 364 2301 485 2356; x_wconf 86' lang='lat' dir='ltr'>Con.</span> <span class='ocrx_word' id='word_1_192' title='bbox 512 2316 559 2355; x_wconf 91' lang='lat' dir='ltr'>n.</span> <span class='ocrx_word' id='word_1_193' title='bbox 591 2303 677 2354; x_wconf 83' lang='grc'>86.</span> <span class='ocrx_word' id='word_1_194' title='bbox 702 2307 752 2356; x_wconf 86' lang='lat' dir='ltr'>et</span> <span class='ocrx_word' id='word_1_195' title='bbox 777 2303 898 2356; x_wconf 70' lang='lat'>3⁴4.</span> 
     </span>
    </p>
   </div>
   <div class='ocr_carea' id='block_1_4' title="bbox 365 2406 2844 4028">
    <p class='ocr_par' dir='ltr' id='par_1_6' title="bbox 454 2406 1395 2495">
     <span class='ocr_line' id='line_1_22' title="bbox 454 2406 1395 2495; baseline 0.001 -20"><span class='ocrx_word' id='word_1_196' title='bbox 454 2406 638 2482; x_wconf 73' lang='lat'><strong>804.</strong></span> <span class='ocrx_word' id='word_1_197' title='bbox 674 2410 860 2476; x_wconf 88' lang='lat' dir='ltr'>Clara</span> <span class='ocrx_word' id='word_1_198' title='bbox 905 2415 1054 2476; x_wconf 88' lang='lat' dir='ltr'>sunt</span> <span class='ocrx_word' id='word_1_199' title='bbox 1099 2430 1282 2495; x_wconf 87' lang='lat' dir='ltr'>penes</span> <span class='ocrx_word' id='word_1_200' title='bbox 1319 2412 1395 2476; x_wconf 89' lang='lat' dir='ltr'>A.</span> 
     </span>
    </p>

    <p class='ocr_par' dir='ltr' id='par_1_7' title="bbox 365 2511 2835 2906">
     <span class='ocr_line' id='line_1_23' title="bbox 454 2511 2833 2597; baseline -0.002 -19"><span class='ocrx_word' id='word_1_201' title='bbox 454 2513 673 2594; x_wconf 87' lang='lat' dir='ltr'>Quoad</span> <span class='ocrx_word' id='word_1_202' title='bbox 705 2532 829 2593; x_wconf 88' lang='lat' dir='ltr'>eos,</span> <span class='ocrx_word' id='word_1_203' title='bbox 854 2516 962 2597; x_wconf 88' lang='lat' dir='ltr'>qui</span> <span class='ocrx_word' id='word_1_204' title='bbox 994 2514 1352 2580; x_wconf 87' lang='lat' dir='ltr'>custodiant</span> <span class='ocrx_word' id='word_1_205' title='bbox 1383 2514 1619 2592; x_wconf 86' lang='lat' dir='ltr'>urbem,</span> <span class='ocrx_word' id='word_1_206' title='bbox 1653 2515 1860 2579; x_wconf 87' lang='lat' dir='ltr'>castra</span> <span class='ocrx_word' id='word_1_207' title='bbox 1891 2516 2030 2592; x_wconf 89' lang='lat' dir='ltr'>etc.,</span> <span class='ocrx_word' id='word_1_208' title='bbox 2065 2531 2211 2580; x_wconf 87' lang='lat' dir='ltr'>vera</span> <span class='ocrx_word' id='word_1_209' title='bbox 2243 2515 2339 2579; x_wconf 91' lang='lat' dir='ltr'>est</span> <span class='ocrx_word' id='word_1_210' title='bbox 2369 2511 2676 2578; x_wconf 88' lang='lat' dir='ltr'>sententia</span> <span class='ocrx_word' id='word_1_211' title='bbox 2706 2511 2833 2575; x_wconf 89' lang='lat' dir='ltr'>Au-</span> 
     </span>
     <span class='ocr_line' id='line_1_24' title="bbox 365 2614 2835 2703; baseline -0.002 -21"><span class='ocrx_word' id='word_1_212' title='bbox 365 2617 590 2693; x_wconf 82' lang='lat' dir='ltr'>ctoris;</span> <span class='ocrx_word' id='word_1_213' title='bbox 616 2617 722 2683; x_wconf 91' lang='lat' dir='ltr'>sed</span> <span class='ocrx_word' id='word_1_214' title='bbox 747 2618 799 2682; x_wconf 85' lang='lat' dir='ltr'>si</span> <span class='ocrx_word' id='word_1_215' title='bbox 831 2617 1270 2703; x_wconf 85' lang='lat' dir='ltr'>deobligantur</span> <span class='ocrx_word' id='word_1_216' title='bbox 1292 2618 1401 2699; x_wconf 90' lang='lat' dir='ltr'>qui</span> <span class='ocrx_word' id='word_1_217' title='bbox 1431 2617 1588 2681; x_wconf 86' lang='lat' dir='ltr'>illud</span> <span class='ocrx_word' id='word_1_218' title='bbox 1616 2617 1891 2682; x_wconf 90' lang='lat' dir='ltr'>officium</span> <span class='ocrx_word' id='word_1_219' title='bbox 1923 2619 2222 2693; x_wconf 83' lang='lat' dir='ltr'>exercent,</span> <span class='ocrx_word' id='word_1_220' title='bbox 2249 2635 2372 2681; x_wconf 90' lang='lat' dir='ltr'>non</span> <span class='ocrx_word' id='word_1_221' title='bbox 2397 2614 2835 2698; x_wconf 89' lang='lat' dir='ltr'>deobligantur</span> 
     </span>
     <span class='ocr_line' id='line_1_25' title="bbox 366 2717 2835 2804; baseline -0.002 -19"><span class='ocrx_word' id='word_1_222' title='bbox 366 2722 575 2785; x_wconf 90' lang='lat' dir='ltr'>tamen</span> <span class='ocrx_word' id='word_1_223' title='bbox 613 2720 978 2804; x_wconf 89' lang='lat' dir='ltr'>superiores,</span> <span class='ocrx_word' id='word_1_224' title='bbox 1029 2720 1137 2803; x_wconf 91' lang='lat' dir='ltr'>qui</span> <span class='ocrx_word' id='word_1_225' title='bbox 1182 2720 1472 2784; x_wconf 90' lang='lat' dir='ltr'>tenentur</span> <span class='ocrx_word' id='word_1_226' title='bbox 1517 2737 1752 2795; x_wconf 85' lang='lat' dir='ltr'>curare,</span> <span class='ocrx_word' id='word_1_227' title='bbox 1802 2721 1875 2783; x_wconf 91' lang='lat' dir='ltr'>ut</span> <span class='ocrx_word' id='word_1_228' title='bbox 1919 2719 2185 2783; x_wconf 88' lang='lat' dir='ltr'>libemm</span> <span class='ocrx_word' id='word_1_229' title='bbox 2230 2721 2478 2801; x_wconf 89' lang='lat' dir='ltr'>tempus</span> <span class='ocrx_word' id='word_1_230' title='bbox 2527 2717 2835 2794; x_wconf 77' lang='lat' dir='ltr'>omnibuS,</span> 
     </span>
     <span class='ocr_line' id='line_1_26' title="bbox 366 2820 1527 2906; baseline -0.002 -20"><span class='ocrx_word' id='word_1_231' title='bbox 366 2824 672 2905; x_wconf 74' lang='lat' dir='ltr'>quantum</span> <span class='ocrx_word' id='word_1_232' title='bbox 709 2822 842 2887; x_wconf 88' lang='lat' dir='ltr'>fieri</span> <span class='ocrx_word' id='word_1_233' title='bbox 873 2824 1101 2906; x_wconf 88' lang='lat' dir='ltr'>potest,</span> <span class='ocrx_word' id='word_1_234' title='bbox 1135 2820 1527 2887; x_wconf 84' lang='lat' dir='ltr'>concedatur.</span> 
     </span>
    </p>

    <p class='ocr_par' dir='ltr' id='par_1_8' title="bbox 367 2922 2841 3112">
     <span class='ocr_line' id='line_1_27' title="bbox 456 2922 2841 3010; baseline -0.001 -22"><span class='ocrx_word' id='word_1_235' title='bbox 456 2924 627 2989; x_wconf 89' lang='lat' dir='ltr'>Nota</span> <span class='ocrx_word' id='word_1_236' title='bbox 671 2925 807 2991; x_wconf 87' lang='lat' dir='ltr'>heic</span> <span class='ocrx_word' id='word_1_237' title='bbox 851 2942 1055 2991; x_wconf 87' lang='lat' dir='ltr'>mores</span> <span class='ocrx_word' id='word_1_238' title='bbox 1102 2924 1325 3010; x_wconf 85' lang='lat' dir='ltr'>dignos</span> <span class='ocrx_word' id='word_1_239' title='bbox 1372 2924 1593 3000; x_wconf 86' lang='lat' dir='ltr'>atheis,</span> <span class='ocrx_word' id='word_1_240' title='bbox 1641 2923 1752 3006; x_wconf 90' lang='lat' dir='ltr'>qui</span> <span class='ocrx_word' id='word_1_241' title='bbox 1796 2924 2013 3008; x_wconf 77' lang='lat' dir='ltr'>vigent</span> <span class='ocrx_word' id='word_1_242' title='bbox 2057 2924 2220 2987; x_wconf 88' lang='lat' dir='ltr'>inter</span> <span class='ocrx_word' id='word_1_243' title='bbox 2265 2925 2475 3007; x_wconf 88' lang='lat' dir='ltr'>copias</span> <span class='ocrx_word' id='word_1_244' title='bbox 2508 2922 2841 2988; x_wconf 84' lang='lat' dir='ltr'>Gallorum</span> 
     </span>
     <span class='ocr_line' id='line_1_28' title="bbox 367 3027 915 3112; baseline -0.002 -20"><span class='ocrx_word' id='word_1_245' title='bbox 367 3030 433 3092; x_wconf 89' lang='lat' dir='ltr'>et</span> <span class='ocrx_word' id='word_1_246' title='bbox 475 3028 652 3112; x_wconf 88' lang='lat' dir='ltr'>regni</span> <span class='ocrx_word' id='word_1_247' title='bbox 697 3027 915 3092; x_wconf 86' lang='lat' dir='ltr'>italici.</span> 
     </span>
    </p>

    <p class='ocr_par' dir='ltr' id='par_1_9' title="bbox 369 3126 2837 3511">
     <span class='ocr_line' id='line_1_29' title="bbox 458 3126 2835 3213; baseline -0.002 -19"><span class='ocrx_word' id='word_1_248' title='bbox 458 3128 519 3194; x_wconf 91' lang='lat' dir='ltr'>S.</span> <span class='ocrx_word' id='word_1_249' title='bbox 553 3128 741 3213; x_wconf 83' lang='lat' dir='ltr'>Alph.</span> <span class='ocrx_word' id='word_1_250' title='bbox 774 3150 836 3193; x_wconf 93' lang='lat' dir='ltr'>n.</span> <span class='ocrx_word' id='word_1_251' title='bbox 869 3130 1020 3193; x_wconf 84' lang='lat'><strong>326.</strong></span> <span class='ocrx_word' id='word_1_252' title='bbox 1053 3132 1255 3207; x_wconf 89' lang='lat' dir='ltr'>notat,</span> <span class='ocrx_word' id='word_1_253' title='bbox 1304 3129 1521 3195; x_wconf 86' lang='lat' dir='ltr'>debere</span> <span class='ocrx_word' id='word_1_254' title='bbox 1567 3130 1927 3195; x_wconf 87' lang='lat' dir='ltr'>alternatim</span> <span class='ocrx_word' id='word_1_255' title='bbox 1976 3128 2283 3204; x_wconf 85' lang='lat' dir='ltr'>omittere,</span> <span class='ocrx_word' id='word_1_256' title='bbox 2332 3127 2388 3192; x_wconf 92' lang='lat' dir='ltr'>si</span> <span class='ocrx_word' id='word_1_257' title='bbox 2432 3127 2641 3209; x_wconf 80' lang='lat' dir='ltr'>plures</span> <span class='ocrx_word' id='word_1_258' title='bbox 2688 3126 2835 3201; x_wconf 86' lang='lat' dir='ltr'>sint,</span> 
     </span>
     <span class='ocr_line' id='line_1_30' title="bbox 370 3229 2837 3315; baseline -0.002 -18"><span class='ocrx_word' id='word_1_259' title='bbox 370 3250 637 3313; x_wconf 87' lang='lat' dir='ltr'>quorum</span> <span class='ocrx_word' id='word_1_260' title='bbox 685 3232 912 3315; x_wconf 83' lang='lat' dir='ltr'>aliquis</span> <span class='ocrx_word' id='word_1_261' title='bbox 957 3233 1267 3298; x_wconf 87' lang='lat' dir='ltr'>custodire</span> <span class='ocrx_word' id='word_1_262' title='bbox 1314 3232 1634 3315; x_wconf 89' lang='lat' dir='ltr'>quidpiam</span> <span class='ocrx_word' id='word_1_263' title='bbox 1680 3232 1920 3296; x_wconf 88' lang='lat' dir='ltr'>debeat.</span> <span class='ocrx_word' id='word_1_264' title='bbox 1954 3230 2082 3296; x_wconf 93' lang='lat' dir='ltr'>Nec</span> <span class='ocrx_word' id='word_1_265' title='bbox 2128 3248 2306 3313; x_wconf 89' lang='lat' dir='ltr'>posse</span> <span class='ocrx_word' id='word_1_266' title='bbox 2343 3229 2549 3293; x_wconf 79' lang='lat' dir='ltr'>virum</span> <span class='ocrx_word' id='word_1_267' title='bbox 2595 3246 2837 3311; x_wconf 89' lang='lat' dir='ltr'>semper</span> 
     </span>
     <span class='ocr_line' id='line_1_31' title="bbox 369 3332 2835 3420; baseline -0.002 -22"><span class='ocrx_word' id='word_1_268' title='bbox 369 3333 462 3415; x_wconf 91' lang='lat' dir='ltr'>(in</span> <span class='ocrx_word' id='word_1_269' title='bbox 497 3336 675 3418; x_wconf 87' lang='lat' dir='ltr'>casu)</span> <span class='ocrx_word' id='word_1_270' title='bbox 712 3352 929 3420; x_wconf 87' lang='lat' dir='ltr'>cogere</span> <span class='ocrx_word' id='word_1_271' title='bbox 972 3353 1248 3411; x_wconf 84' lang='lat' dir='ltr'>uxorem,</span> <span class='ocrx_word' id='word_1_272' title='bbox 1283 3336 1358 3399; x_wconf 92' lang='lat' dir='ltr'>ut</span> <span class='ocrx_word' id='word_1_273' title='bbox 1402 3334 1572 3398; x_wconf 89' lang='lat' dir='ltr'>domi</span> <span class='ocrx_word' id='word_1_274' title='bbox 1617 3352 1689 3398; x_wconf 89' lang='lat' dir='ltr'>ea</span> <span class='ocrx_word' id='word_1_275' title='bbox 1736 3334 1811 3397; x_wconf 91' lang='lat' dir='ltr'>de</span> <span class='ocrx_word' id='word_1_276' title='bbox 1847 3351 2036 3406; x_wconf 82' lang='lat' dir='ltr'>causa</span> <span class='ocrx_word' id='word_1_277' title='bbox 2082 3332 2368 3395; x_wconf 86' lang='lat' dir='ltr'>maneat:</span> <span class='ocrx_word' id='word_1_278' title='bbox 2409 3347 2588 3411; x_wconf 89' lang='lat' dir='ltr'>posse</span> <span class='ocrx_word' id='word_1_279' title='bbox 2620 3332 2835 3393; x_wconf 87' lang='lat' dir='ltr'>autem</span> 
     </span>
     <span class='ocr_line' id='line_1_32' title="bbox 370 3433 2242 3511; baseline -0.003 -11"><span class='ocrx_word' id='word_1_280' title='bbox 370 3434 691 3501; x_wconf 88' lang='lat' dir='ltr'>dominum</span> <span class='ocrx_word' id='word_1_281' title='bbox 735 3455 983 3502; x_wconf 89' lang='lat' dir='ltr'>manere</span> <span class='ocrx_word' id='word_1_282' title='bbox 1028 3438 1218 3511; x_wconf 88' lang='lat' dir='ltr'>domi,</span> <span class='ocrx_word' id='word_1_283' title='bbox 1259 3438 1332 3501; x_wconf 88' lang='lat' dir='ltr'>ut</span> <span class='ocrx_word' id='word_1_284' title='bbox 1376 3436 1649 3500; x_wconf 87' lang='lat' dir='ltr'>famulus</span> <span class='ocrx_word' id='word_1_285' title='bbox 1697 3435 1958 3498; x_wconf 84' lang='lat' dir='ltr'>Missam</span> <span class='ocrx_word' id='word_1_286' title='bbox 2007 3433 2242 3498; x_wconf 87' lang='lat' dir='ltr'>audiat.</span> 
     </span>
    </p>

    <p class='ocr_par' dir='ltr' id='par_1_10' title="bbox 369 3529 2840 3829">
     <span class='ocr_line' id='line_1_33' title="bbox 460 3529 2840 3624; baseline -0.004 -21"><span class='ocrx_word' id='word_1_287' title='bbox 460 3538 661 3603; x_wconf 89' lang='lat' dir='ltr'>Notat</span> <span class='ocrx_word' id='word_1_288' title='bbox 691 3558 740 3603; x_wconf 77' lang='lat' dir='ltr'>e.</span> <span class='ocrx_word' id='word_1_289' title='bbox 777 3541 963 3624; x_wconf 86' lang='lat' dir='ltr'>Alph.</span> <span class='ocrx_word' id='word_1_290' title='bbox 997 3539 1277 3605; x_wconf 83' lang='lat' dir='ltr'>excusari</span> <span class='ocrx_word' id='word_1_291' title='bbox 1308 3538 1710 3603; x_wconf 88' lang='lat' dir='ltr'>adsistentem</span> <span class='ocrx_word' id='word_1_292' title='bbox 1741 3536 2008 3613; x_wconf 81' lang='lat' dir='ltr'>infirme,</span> <span class='ocrx_word' id='word_1_293' title='bbox 2035 3536 2182 3598; x_wconf 89' lang='lat' dir='ltr'>licet</span> <span class='ocrx_word' id='word_1_294' title='bbox 2214 3534 2375 3597; x_wconf 86' lang='lat' dir='ltr'>alius</span> <span class='ocrx_word' id='word_1_295' title='bbox 2413 3530 2657 3596; x_wconf 89' lang='lat' dir='ltr'>adesset</span> <span class='ocrx_word' id='word_1_296' title='bbox 2687 3529 2840 3594; x_wconf 89' lang='lat' dir='ltr'>assi·</span> 
     </span>
     <span class='ocr_line' id='line_1_34' title="bbox 371 3631 2839 3726; baseline -0.004 -20"><span class='ocrx_word' id='word_1_297' title='bbox 371 3642 560 3718; x_wconf 79' lang='lat' dir='ltr'>stenS,</span> <span class='ocrx_word' id='word_1_298' title='bbox 586 3641 691 3706; x_wconf 87' lang='lat' dir='ltr'>sed</span> <span class='ocrx_word' id='word_1_299' title='bbox 720 3641 1004 3707; x_wconf 89' lang='lat' dir='ltr'>infirmus</span> <span class='ocrx_word' id='word_1_300' title='bbox 1035 3643 1288 3726; x_wconf 87' lang='lat' dir='ltr'>putaret</span> <span class='ocrx_word' id='word_1_301' title='bbox 1317 3640 1490 3705; x_wconf 85' lang='lat' dir='ltr'>illius</span> <span class='ocrx_word' id='word_1_302' title='bbox 1523 3638 1947 3704; x_wconf 86' lang='lat' dir='ltr'>assistentiam</span> <span class='ocrx_word' id='word_1_303' title='bbox 1979 3655 2109 3701; x_wconf 88' lang='lat' dir='ltr'>esse</span> <span class='ocrx_word' id='word_1_304' title='bbox 2140 3633 2550 3699; x_wconf 87' lang='lat' dir='ltr'>necessariam</span> <span class='ocrx_word' id='word_1_305' title='bbox 2580 3634 2642 3698; x_wconf 92' lang='lat' dir='ltr'>et</span> <span class='ocrx_word' id='word_1_306' title='bbox 2680 3631 2839 3696; x_wconf 87' lang='lat' dir='ltr'>alias</span> 
     </span>
     <span class='ocr_line' id='line_1_35' title="bbox 369 3735 2790 3829; baseline -0.005 -20"><span class='ocrx_word' id='word_1_307' title='bbox 369 3762 626 3829; x_wconf 82' lang='lat' dir='ltr'>gravem</span> <span class='ocrx_word' id='word_1_308' title='bbox 661 3746 981 3828; x_wconf 86' lang='lat' dir='ltr'>pateretur</span> <span class='ocrx_word' id='word_1_309' title='bbox 1015 3744 1365 3810; x_wconf 87' lang='lat' dir='ltr'>tristitiam.</span> <span class='ocrx_word' id='word_1_310' title='bbox 1406 3743 1552 3808; x_wconf 90' lang='lat' dir='ltr'>Ideo</span> <span class='ocrx_word' id='word_1_311' title='bbox 1588 3743 1664 3806; x_wconf 91' lang='lat' dir='ltr'>A.</span> <span class='ocrx_word' id='word_1_312' title='bbox 1698 3741 1904 3806; x_wconf 88' lang='lat' dir='ltr'>utitur</span> <span class='ocrx_word' id='word_1_313' title='bbox 1937 3740 2140 3804; x_wconf 83' lang='lat' dir='ltr'>verbis</span> <span class='ocrx_word' id='word_1_314' title='bbox 2185 3762 2221 3797; x_wconf 66' lang='grc' dir='ltr'><strong>α</strong></span> <span class='ocrx_word' id='word_1_315' title='bbox 2255 3735 2328 3802; x_wconf 84' lang='lat' dir='ltr'>Si</span> <span class='ocrx_word' id='word_1_316' title='bbox 2362 3735 2589 3802; x_wconf 79' lang='lat' dir='ltr'>solatio</span> <span class='ocrx_word' id='word_1_317' title='bbox 2617 3736 2707 3800; x_wconf 74' lang='lat' dir='ltr'>sit</span> <span class='ocrx_word' id='word_1_318' title='bbox 2729 3760 2790 3797; x_wconf 85' lang='lat'>».</span> 
     </span>
    </p>

    <p class='ocr_par' dir='ltr' id='par_1_11' title="bbox 367 3838 2844 4028">
     <span class='ocr_line' id='line_1_36' title="bbox 459 3838 2844 3930; baseline -0.003 -20"><span class='ocrx_word' id='word_1_319' title='bbox 459 3846 651 3911; x_wconf 83' lang='lat' dir='ltr'>Addit</span> <span class='ocrx_word' id='word_1_320' title='bbox 679 3865 729 3912; x_wconf 88' lang='lat' dir='ltr'>s.</span> <span class='ocrx_word' id='word_1_321' title='bbox 763 3847 950 3930; x_wconf 84' lang='lat' dir='ltr'><strong>Alph.</strong></span> <span class='ocrx_word' id='word_1_322' title='bbox 983 3846 1133 3912; x_wconf 89' lang='lat' dir='ltr'>ibid.</span> <span class='ocrx_word' id='word_1_323' title='bbox 1167 3846 1447 3913; x_wconf 83' lang='lat' dir='ltr'>excusari</span> <span class='ocrx_word' id='word_1_324' title='bbox 1484 3848 1548 3911; x_wconf 93' lang='lat' dir='ltr'>et</span> <span class='ocrx_word' id='word_1_325' title='bbox 1576 3846 1780 3921; x_wconf 89' lang='lat' dir='ltr'>illum,</span> <span class='ocrx_word' id='word_1_326' title='bbox 1813 3844 1923 3926; x_wconf 90' lang='lat' dir='ltr'>qui</span> <span class='ocrx_word' id='word_1_327' title='bbox 1960 3844 2229 3918; x_wconf 84' lang='lat' dir='ltr'>veretur,</span> <span class='ocrx_word' id='word_1_328' title='bbox 2268 3859 2334 3906; x_wconf 85' lang='lat' dir='ltr'>se</span> <span class='ocrx_word' id='word_1_329' title='bbox 2363 3838 2729 3906; x_wconf 81' lang='lat' dir='ltr'>traductum</span> <span class='ocrx_word' id='word_1_330' title='bbox 2761 3838 2844 3902; x_wconf 83' lang='lat' dir='ltr'>iri</span> 
     </span>
     <span class='ocr_line' id='line_1_37' title="bbox 367 3944 2370 4028; baseline -0.002 -15"><span class='ocrx_word' id='word_1_331' title='bbox 367 3948 431 4013; x_wconf 82' lang='lat' dir='ltr'>in</span> <span class='ocrx_word' id='word_1_332' title='bbox 464 3964 788 4028; x_wconf 82' lang='lat' dir='ltr'>carcerem,</span> <span class='ocrx_word' id='word_1_333' title='bbox 823 3950 874 4013; x_wconf 91' lang='lat' dir='ltr'>si</span> <span class='ocrx_word' id='word_1_334' title='bbox 914 3950 1092 4014; x_wconf 84' lang='lat' dir='ltr'>exeat</span> <span class='ocrx_word' id='word_1_335' title='bbox 1121 3950 1325 4028; x_wconf 88' lang='lat' dir='ltr'>domo,</span> <span class='ocrx_word' id='word_1_336' title='bbox 1359 3949 1469 4015; x_wconf 90' lang='lat' dir='ltr'>ubi</span> <span class='ocrx_word' id='word_1_337' title='bbox 1503 3950 1682 4014; x_wconf 90' lang='lat' dir='ltr'>latet.</span> <span class='ocrx_word' id='word_1_338' title='bbox 1710 3948 1793 4011; x_wconf 85' lang='lat' dir='ltr'>Et</span> <span class='ocrx_word' id='word_1_339' title='bbox 1823 3947 1939 4013; x_wconf 90' lang='lat' dir='ltr'>hoc</span> <span class='ocrx_word' id='word_1_340' title='bbox 1970 3944 2218 4011; x_wconf 84' lang='lat' dir='ltr'>evidens</span> <span class='ocrx_word' id='word_1_341' title='bbox 2254 3946 2370 4009; x_wconf 88' lang='lat' dir='ltr'>est.</span> 
     </span>
    </p>
   </div>
   <div class='ocr_carea' id='block_1_5' title="bbox 365 4080 2840 4316">
    <p class='ocr_par' dir='ltr' id='par_1_12' title="bbox 365 4080 2840 4316">
     <span class='ocr_line' id='line_1_38' title="bbox 476 4080 2840 4159; baseline -0.005 -15"><span class='ocrx_word' id='word_1_342' title='bbox 476 4092 720 4146; x_wconf 83' lang='lat' dir='ltr'><strong>XXXlX.</strong></span> <span class='ocrx_word' id='word_1_343' title='bbox 749 4093 797 4143; x_wconf 87' lang='grc'>3.</span> <span class='ocrx_word' id='word_1_344' title='bbox 828 4094 965 4156; x_wconf 87' lang='lat' dir='ltr'>ltem,</span> <span class='ocrx_word' id='word_1_345' title='bbox 992 4091 1070 4144; x_wconf 89' lang='lat' dir='ltr'>cui</span> <span class='ocrx_word' id='word_1_346' title='bbox 1111 4091 1378 4159; x_wconf 82' lang='lat' dir='ltr'>periculum</span> <span class='ocrx_word' id='word_1_347' title='bbox 1405 4097 1481 4145; x_wconf 85' lang='lat' dir='ltr'>est</span> <span class='ocrx_word' id='word_1_348' title='bbox 1501 4090 1667 4155; x_wconf 73' lang='lat' dir='ltr'>gravis</span> <span class='ocrx_word' id='word_1_349' title='bbox 1693 4088 1981 4144; x_wconf 80' lang='lat' dir='ltr'>offensionis</span> <span class='ocrx_word' id='word_1_350' title='bbox 2017 4086 2195 4151; x_wconf 81' lang='lat' dir='ltr'>mariti,</span> <span class='ocrx_word' id='word_1_351' title='bbox 2235 4092 2489 4153; x_wconf 85' lang='lat' dir='ltr'>parentum</span> <span class='ocrx_word' id='word_1_352' title='bbox 2510 4086 2588 4135; x_wconf 81' lang='lat' dir='ltr'>vel</span> <span class='ocrx_word' id='word_1_353' title='bbox 2616 4080 2840 4134; x_wconf 88' lang='lat' dir='ltr'>domino-</span> 
     </span>
     <span class='ocr_line' id='line_1_39' title="bbox 366 4166 2839 4239; baseline -0.005 -9"><span class='ocrx_word' id='word_1_354' title='bbox 366 4182 492 4230; x_wconf 69' lang='lat' dir='ltr'>rum.</span> <span class='ocrx_word' id='word_1_355' title='bbox 520 4175 721 4230; x_wconf 77' lang='lat' dir='ltr'>Hem-ic.</span> <span class='ocrx_word' id='word_1_356' title='bbox 748 4177 890 4229; x_wconf 78' lang='lat' dir='ltr'>suar.</span> <span class='ocrx_word' id='word_1_357' title='bbox 918 4175 1025 4229; x_wconf 75' lang='lat' dir='ltr'>Fsst.</span> <span class='ocrx_word' id='word_1_358' title='bbox 1055 4177 1086 4228; x_wconf 88' lang='grc' dir='ltr'>Ι.</span> <span class='ocrx_word' id='word_1_359' title='bbox 1113 4190 1157 4229; x_wconf 90' lang='lat' dir='ltr'>c.</span> <span class='ocrx_word' id='word_1_360' title='bbox 1185 4191 1233 4229; x_wconf 92' lang='lat' dir='ltr'>n.</span> <span class='ocrx_word' id='word_1_361' title='bbox 1264 4179 1384 4229; x_wconf 81' lang='lat'><strong>226.</strong></span> <span class='ocrx_word' id='word_1_362' title='bbox 1410 4175 1463 4229; x_wconf 88' lang='lat' dir='ltr'>Si</span> <span class='ocrx_word' id='word_1_363' title='bbox 1489 4181 1649 4229; x_wconf 85' lang='lat' dir='ltr'>tamen</span> <span class='ocrx_word' id='word_1_364' title='bbox 1675 4174 1726 4227; x_wconf 88' lang='lat' dir='ltr'>id</span> <span class='ocrx_word' id='word_1_365' title='bbox 1760 4178 1862 4227; x_wconf 77' lang='lat' dir='ltr'>tere</span> <span class='ocrx_word' id='word_1_366' title='bbox 1899 4187 2094 4239; x_wconf 81' lang='lat' dir='ltr'>semper</span> <span class='ocrx_word' id='word_1_367' title='bbox 2124 4173 2277 4233; x_wconf 79' lang='lat' dir='ltr'>fieret,</span> <span class='ocrx_word' id='word_1_368' title='bbox 2305 4172 2367 4224; x_wconf 87' lang='lat' dir='ltr'>de</span> <span class='ocrx_word' id='word_1_369' title='bbox 2392 4168 2489 4222; x_wconf 80' lang='lat' dir='ltr'>alio</span> <span class='ocrx_word' id='word_1_370' title='bbox 2517 4166 2678 4221; x_wconf 86' lang='lat' dir='ltr'>medio</span> <span class='ocrx_word' id='word_1_371' title='bbox 2706 4168 2839 4219; x_wconf 82' lang='lat' dir='ltr'>labo-</span> 
     </span>
     <span class='ocr_line' id='line_1_40' title="bbox 365 4263 755 4316; baseline -0.003 -2"><span class='ocrx_word' id='word_1_372' title='bbox 365 4263 568 4315; x_wconf 80' lang='lat' dir='ltr'>randum</span> <span class='ocrx_word' id='word_1_373' title='bbox 607 4268 755 4316; x_wconf 81' lang='lat' dir='ltr'>esset.</span> 
     </span>
    </p>
   </div>
   <div class='ocr_carea' id='block_1_6' title="bbox 458 4362 2839 4451">
    <p class='ocr_par' dir='ltr' id='par_1_13' title="bbox 458 4362 2839 4451">
     <span class='ocr_line' id='line_1_41' title="bbox 458 4362 2839 4451; baseline -0.007 -10"><span class='ocrx_word' id='word_1_374' title='bbox 458 4366 638 4441; x_wconf 72' lang='lat'><strong>805.</strong></span> <span class='ocrx_word' id='word_1_375' title='bbox 663 4369 883 4435; x_wconf 89' lang='lat' dir='ltr'>Monet</span> <span class='ocrx_word' id='word_1_376' title='bbox 912 4370 1030 4434; x_wconf 91' lang='lat' dir='ltr'>hoc</span> <span class='ocrx_word' id='word_1_377' title='bbox 1074 4370 1213 4434; x_wconf 87' lang='lat' dir='ltr'>loco</span> <span class='ocrx_word' id='word_1_378' title='bbox 1245 4388 1295 4433; x_wconf 94' lang='lat' dir='ltr'>s.</span> <span class='ocrx_word' id='word_1_379' title='bbox 1321 4369 1505 4451; x_wconf 89' lang='lat' dir='ltr'>Alph.</span> <span class='ocrx_word' id='word_1_380' title='bbox 1541 4367 1704 4451; x_wconf 89' lang='lat' dir='ltr'>quod</span> <span class='ocrx_word' id='word_1_381' title='bbox 1744 4369 2089 4444; x_wconf 83' lang='lat' dir='ltr'>excusetur,</span> <span class='ocrx_word' id='word_1_382' title='bbox 2116 4366 2226 4449; x_wconf 90' lang='lat' dir='ltr'>qui</span> <span class='ocrx_word' id='word_1_383' title='bbox 2251 4384 2288 4429; x_wconf 92' lang='lat' dir='ltr'>a</span> <span class='ocrx_word' id='word_1_384' title='bbox 2311 4362 2507 4428; x_wconf 85' lang='lat' dir='ltr'>Missa</span> <span class='ocrx_word' id='word_1_385' title='bbox 2541 4363 2735 4440; x_wconf 88' lang='lat' dir='ltr'>abest,</span> <span class='ocrx_word' id='word_1_386' title='bbox 2765 4362 2839 4425; x_wconf 89' lang='lat' dir='ltr'>ut</span> 
     </span>
    </p>
   </div>
   <div class='ocr_carea' id='block_1_7' title="bbox 370 4461 2837 4634">
    <p class='ocr_par' dir='ltr' id='par_1_14' title="bbox 370 4461 2837 4634">
     <span class='ocr_line' id='line_1_42' title="bbox 370 4461 2837 4554; baseline -0.004 -19"><span class='ocrx_word' id='word_1_387' title='bbox 370 4470 673 4554; x_wconf 85' lang='lat' dir='ltr'>impediat</span> <span class='ocrx_word' id='word_1_388' title='bbox 698 4473 864 4536; x_wconf 83' lang='lat' dir='ltr'>rixas</span> <span class='ocrx_word' id='word_1_389' title='bbox 912 4473 1026 4536; x_wconf 89' lang='lat' dir='ltr'>aut</span> <span class='ocrx_word' id='word_1_390' title='bbox 1069 4471 1242 4535; x_wconf 82' lang='lat' dir='ltr'>furta</span> <span class='ocrx_word' id='word_1_391' title='bbox 1289 4471 1633 4535; x_wconf 88' lang='lat' dir='ltr'>alienorum</span> <span class='ocrx_word' id='word_1_392' title='bbox 1680 4487 1927 4552; x_wconf 85' lang='lat' dir='ltr'>quoque</span> <span class='ocrx_word' id='word_1_393' title='bbox 1962 4470 2298 4534; x_wconf 84' lang='lat' dir='ltr'>bonorum:</span> <span class='ocrx_word' id='word_1_394' title='bbox 2331 4466 2497 4549; x_wconf 88' lang='lat' dir='ltr'>quod</span> <span class='ocrx_word' id='word_1_395' title='bbox 2534 4466 2711 4548; x_wconf 88' lang='lat' dir='ltr'>pater</span> <span class='ocrx_word' id='word_1_396' title='bbox 2759 4461 2837 4526; x_wconf 89' lang='lat' dir='ltr'>ad</span> 
     </span>
     <span class='ocr_line' id='line_1_43' title="bbox 533 4582 2678 4634; baseline -0.003 -2"><span class='ocrx_word' id='word_1_397' title='bbox 533 4589 814 4634; x_wconf 57' lang='lat' dir='ltr'>Rammium.</span> <span class='ocrx_word' id='word_1_398' title='bbox 841 4612 896 4622; x_wconf 92' lang='lat'>—</span> <span class='ocrx_word' id='word_1_399' title='bbox 924 4588 1096 4633; x_wconf 69' lang='lat' dir='ltr'>,Hm-al.</span> <span class='ocrx_word' id='word_1_400' title='bbox 1126 4588 1263 4632; x_wconf 76' lang='lat' dir='ltr'>Tem.</span> <span class='ocrx_word' id='word_1_401' title='bbox 1292 4587 1361 4631; x_wconf 91' lang='lat'>11.</span> <span class='ocrx_word' id='word_1_402' title='bbox 2621 4582 2678 4625; x_wconf 79' lang='lat'>38</span> 
     </span>
    </p>
   </div>
  </div>
 </body>
</html>
