3497 5147
276 365 409 440 [468]
989 376 1259 418 summa.
1300 377 1383 416 nn
1420 377 1789 419 nummisma
1829 381 1992 420 vnxa
2626 370 2736 425 355

277 474 460 544 pacisci.
488 475 634 530 Ratio
671 482 762 538 est,
787 473 898 540 quia
938 487 1034 527 non
1070 475 1215 527 datur
1255 479 1482 538 tanquam
1521 473 1730 540 pretium
1771 473 2039 540 spiritualis
2080 476 2243 542 officii,
2281 479 2367 530 sed
2397 492 2637 544 personae
2679 480 2726 534 in

278 561 466 616 alterius
500 559 703 624 gratiam
742 566 1007 626 occupatae
1045 573 1133 612 nec
1161 573 1249 624 pro
1278 558 1559 625 operatione
1581 559 1842 625 spirituali,
1874 569 1924 614 ut
1951 561 2220 627 spiritualis
2258 571 2349 628 est,
2376 566 2459 616 sed
2494 571 2544 618 ut
2582 565 2630 618 in
2660 569 2724 618 al·

279 644 419 700 terius
453 643 661 709 gratiam
688 651 946 711 suscepta:
976 641 1277 710 proindeque
1304 657 1399 696 non
1425 649 1497 696 est
1522 646 1848 712 eleemosyna,
1877 648 1960 699 sed
2002 646 2220 700 debitum
2258 645 2490 702 iustitiae.
2519 652 2720 715 suarez,

280 732 435 796 Laym.
462 733 493 782 Ι.
526 729 573 783 4.
602 736 664 782 tr.
697 731 778 781 10.
803 742 909 794 cap.
938 729 1023 780 ult.
1052 734 1144 780 etc.
1173 735 1342 780 contra
1370 726 1509 790 Rich,
1536 731 1675 792 sylv.
1705 738 1798 783 etc.

356 866 533 941 468.
566 871 659 935 Ι)3
682 870 799 934 1130
843 888 909 933 13
951 869 1251 934 nonnulla
1294 869 1575 951 superius
1622 871 1773 934 436.
1823 872 1986 937 dicta
2033 876 2198 937 311111.
2250 873 2467 954 Quoad
2518 877 2730 942 Sacra-

279 977 477 1039 menta
509 991 559 1038 s.
594 972 779 1055 Alph.
815 990 874 1035 n.
912 972 1059 1035 103.
1101 991 1159 1053 q.
1202 975 1260 1034 5.
1296 971 1464 1048 dicit,
1498 991 1569 1036 ex
1601 991 1648 1036 3.
1683 973 1926 1038 Thema
1970 994 2092 1040 non
2140 977 2340 1052 licere,
2391 979 2582 1042 etiam
2626 1001 2729 1042 ur-

279 1079 445 1158 yente
474 1075 859 1146 necessitate,
899 1072 1044 1137 dare
1081 1073 1404 1155 pecuniam
1441 1073 1758 1140 Sacerdoti
1787 1077 2022 1142 nolenti
2069 1079 2348 1161 alioquin
2393 1081 2504 1145 illa
2537 1082 2728 1146 admi·

280 1178 551 1242 nistrare.

363 1282 597 1346 Verum
629 1298 750 1344 11011
783 1279 1029 1344 videtur
1061 1279 1343 1345 absolute
1388 1279 1451 1344 id
1498 1299 1545 1344 3.
1581 1281 1852 1346 Thomas
1883 1283 2182 1349 docuisse.
2217 1285 2380 1350 Nam
2412 1286 2503 1351 ita
2535 1287 2723 1351 habet

280 1387 333 1449 2.
366 1387 423 1448 2.
474 1404 535 1466 q.
589 1383 736 1446 100.
788 1383 904 1446 art.
957 1383 1017 1445 2.
1068 1381 1144 1445 ad
1197 1384 1291 1445 1.:
1332 1405 1368 1440 ‹
1399 1382 1762 1456 Dicendum,
1811 1387 1974 1467 quod
2023 1388 2084 1450 in
2142 1406 2291 1453 casu
2337 1389 2721 1454 necessitatis

279 1487 530 1570 quilibet
575 1484 786 1568 potest
845 1483 1178 1567 baptizare.
1234 1483 1317 1548 Et
1370 1484 1517 1565 quia
1562 1486 1734 1550 nullo
1781 1488 1965 1552 modo
2014 1490 2108 1553 est
2168 1490 2559 1573 peccandum,
2610 1510 2719 1574 pro

276 1590 481 1656 eodem
528 1589 624 1652 est
669 1584 1039 1663 habendum,
1089 1586 1141 1649 si
1186 1585 1469 1651 sacerdos
1517 1587 1746 1669 absque
1785 1590 1982 1670 pretio
2030 1591 2343 1673 baptizare
2375 1611 2498 1656 non
2547 1593 2716 1670 velit,

274 1712 339 1757 ac
382 1693 432 1756 si
479 1711 605 1756 non
652 1692 815 1754 esset
859 1688 966 1770 qui
1012 1688 1377 1771 baptizaret.
1418 1689 1594 1753 Unde
1638 1690 1743 1753 ille
1791 1691 1897 1771 qui
1943 1692 2107 1775 gerit
2155 1713 2366 1758 curam
2415 1695 2609 1776 pueri,
2657 1695 2720 1759 in

276 1795 388 1859 tali
431 1812 581 1857 casu
624 1792 794 1856 licite
842 1791 1049 1873 potest
1103 1809 1243 1854 eum
1302 1791 1615 1873 baptizare
1676 1793 1774 1856 vel
1822 1811 1856 1856 a
1913 1813 2300 1877 quocumque
2349 1796 2471 1861 3110
2519 1795 2717 1860 facere

278 1895 596 1977 baptizari.
652 1891 870 1957 Posset
915 1894 1126 1955 tamen
1178 1890 1350 1955 licite
1397 1911 1623 1973 aquam
1687 1913 1724 1957 a
1780 1895 2094 1959 sacerdote
2156 1915 2372 1976 emere,
2422 1917 2580 1979 quae
2628 1901 2722 1963 est

266 2016 496 2081 purum
543 1995 909 2060 elementum
955 1995 1291 2076 corporale.
1331 1994 1396 2059 Si
1443 1997 1653 2059 autem
1686 1998 1849 2060 esset
1881 1996 2153 2074 adultus,
2188 1999 2294 2080 qui
2341 1999 2721 2082 baptismum

269 2099 641 2164 desideraret
686 2100 748 2162 et
801 2097 1153 2161 immineret
1196 2097 1419 2162 mortis
1472 2098 1814 2179 periculum
1861 2117 1971 2164 nec
2016 2099 2299 2165 sacerdos
2347 2102 2534 2166 vellet
2579 2122 2723 2167 eum

265 2204 391 2268 sine
440 2202 641 2286 pretio
688 2201 1024 2284 baptizare,
1062 2199 1327 2276 deberet,
1361 2201 1415 2264 si
1446 2205 1672 2283 posset,
1708 2222 1815 2285 per
1847 2202 2042 2267 alium
2073 2202 2405 2285 baptizari:
2456 2205 2620 2287 quod
2668 2206 2721 2270 si

264 2326 377 2371 non
404 2308 619 2389 posset
649 2305 728 2369 ad
761 2303 957 2368 alium
988 2302 1211 2367 habere
1244 2322 1581 2378 recursum,
1614 2305 1788 2369 nullo
1812 2304 1996 2370 modo
2029 2305 2277 2370 deberet
2306 2308 2575 2390 pretium
2608 2329 2721 2392 pro

265 2409 575 2493 baptismo
608 2408 773 2483 dare,
815 2405 920 2470 sed
958 2405 1167 2489 potius
1193 2405 1423 2487 absque
1459 2406 1769 2489 baptismo
1794 2407 2105 2472 decedere:
2138 2408 2532 2488 suppleretur
2556 2413 2723 2474 enim

258 2513 316 2575 ei
358 2511 673 2595 baptismo
724 2508 1013 2587 flaminiS,
1061 2506 1227 2590 quod
1274 2508 1329 2572 ei
1390 2527 1459 2571 ex
1521 2512 1906 2575 sacramento
1954 2509 2192 2575 deesset
2237 2535 2300 2576 ».
2349 2512 2438 2576 Ex
2494 2514 2719 2595 quibus

258 2617 450 2698 petet,
484 2634 540 2680 s.
580 2614 888 2679 Thomam
912 2613 1165 2676 eatenus
1204 2610 1399 2676 dicere
1424 2612 1735 2689 illicitum,
1770 2614 2077 2694 quatenus
2110 2613 2280 2677 aliud
2319 2616 2597 2698 suppetit
2628 2636 2721 2681 33-

251 2718 402 2783 111113
456 2715 761 2783 medium.
825 2713 1023 2796 Atqui
1066 2713 1175 2778 ubi
1221 2713 1498 2796 suppetit
1541 2714 1844 2779 eiusmodi
1889 2714 2181 2792 medium,
2222 2716 2350 2780 iam
2399 2720 2546 2782 tunc
2596 2738 2720 2784 non

252 2822 423 2885 adest
464 2818 765 2884 absoluta
796 2816 1148 2891 necessitas,
1198 2815 1544 2879 cuiusmodi
1591 2815 1752 2880 foret
1788 2837 1845 2879 v.
1896 2838 1987 2901 gr.
2024 2818 2075 2881 si
2108 2819 2368 2883 instaret
2400 2840 2569 2885 mors
2605 2822 2721 2887 filii

247 2927 308 2988 et
337 2926 637 3006 parentes
668 2919 973 2984 nescirent
995 2916 1251 2982 modum
1282 2916 1670 2999 baptizandi3
1706 2918 1807 2982 vel
1837 2918 1976 2983 siin
2001 2919 2221 2983 11101113
2247 2922 2517 3003 periculo
2551 2924 2721 3005 quis·

251 3027 416 3109 piam
456 3045 532 3090 se
565 3023 770 3088 solum
804 3020 1095 3085 attritum
1127 3019 1379 3102 putaret
1415 3021 1477 3083 et
1507 3019 1812 3104 indigeret
1843 3021 2232 3086 absolutione
2264 3026 2717 3089 sacramentali.

328 3128 501 3213 Ergo
549 3144 598 3190 s.
636 3124 908 3188 Thomas
954 3139 1076 3186 non
1125 3120 1372 3186 videtur
1407 3122 1774 3198 001111311113,
1824 3122 2048 3186 33113111
2094 3124 2338 3204 (111311ᾶο
2387 3125 2599 3209 agitur
2645 3126 2721 3190 de

242 3235 523 3298 extrema.
559 3229 943 3294 necessitate.

326 3335 642 3415 Ceterum
676 3330 1023 3397 communis
1049 3331 1144 3394 est
1175 3329 1308 3392 DD.
1343 3329 1666 3407 sententia,
1693 3348 1883 3410 quam
1907 3331 1971 3393 31
2001 3349 2049 3394 3.
2084 3330 2268 3412 Alph.
2295 3331 2440 3394 ibid.
2479 3334 2713 3398 rectam

244 3439 413 3519 dicit,
447 3438 519 3504 id
568 3435 774 3501 licere.
816 3432 1024 3510 Ratio,
1064 3431 1212 3514 quia
1259 3430 1365 3512 qui
1413 3429 1521 3493 dat
1566 3432 1889 3514 pecuniam
1935 3450 2057 3496 non
2089 3432 2226 3494 vult
2257 3435 2714 3499 sacramentum

242 3561 464 3619 emere,
518 3538 632 3606 sed
692 3536 988 3601 redimere
1036 3532 1445 3607 vexationem,
1491 3533 1567 3595 ut
1617 3533 1824 3613 inquit
1869 3551 1917 3597 3.
1974 3532 2181 3615 Α11111.,
2237 3534 2598 3614 permittens
2645 3556 2716 3601 ex

243 3645 409 3709 iusta
445 3659 652 3709 causa
683 3638 1003 3723 peccatum
1035 3635 1315 3701 alterius.

323 3746 567 3813 Subdit
590 3763 641 3809 s.
669 3742 890 3825 Alph.:
930 3765 966 3798 «
1002 3739 1165 3804 Hinc
1196 3738 1399 3802 Diana
1429 3739 1493 3801 et
1523 3736 1850 3801 Hurtadus
1882 3736 2115 3813 dicunt,
2150 3738 2264 3802 hoc
2294 3738 2475 3802 licere
2508 3740 2713 3821 quoad

239 3850 648 3915 sacramenta
686 3843 981 3927 baptismi
1018 3842 1082 3907 et
1110 3840 1544 3925 poenitentiae,
1584 3842 1655 3905 ut
1686 3840 1893 3922 plures
1942 3840 2075 3903 DD.
2110 3841 2349 3917 volunt,
2384 3841 2488 3906 sed
2520 3843 2709 3907 etiam

230 3954 292 4017 in
338 3954 492 4017 aliis
544 3946 976 4022 sacramentis,
1025 3944 1101 4010 ut
1130 3942 1438 4008 consentit
1483 3942 1733 4007 Lessius
1781 3943 1844 4006 et
1890 3961 2013 4007 non
2058 3943 2241 4008 modo
2289 3944 2351 4009 in
2390 3964 2535 4011 casu
2566 3968 2710 4030 yra-

230 4056 535 4120 vissimae
586 4048 1063 4126 necessitatis,...
1096 4046 1201 4110 sed
1250 4046 1442 4111 etiam
1473 4045 1859 4110 necessitatis
1890 4046 2187 4130 gravis...
2222 4067 2279 4112 v.
2313 4068 2407 4133 gr.
2443 4050 2497 4113 si
2528 4051 2708 4115 debes

229 4160 493 4244 implere
528 4155 934 4241 praeceptum
965 4170 1206 4216 annuae
1235 4150 1634 4216 confessionis
1658 4153 1720 4214 et
1744 4151 2216 4229 001111111111101113,
2252 4154 2365 4216 3111
2388 4154 2440 4218 si
2471 4155 2705 4237 peteres

226 4262 569 4327 viaticum
605 4258 717 4322 aut
753 4255 1111 4319 Extremam
1139 4252 1528 4331 Unctionem,
1556 4254 1654 4318 vel
1686 4272 1847 4319 esses
1895 4254 1958 4317 in
2005 4256 2255 4337 peccato
2301 4257 2574 4335 mortali,
2610 4258 2709 4323 vel

228 4366 420 4431 etiam
471 4379 693 4429 carere
717 4358 965 4423 deberes
989 4355 1294 4438 fiequenti
1316 4374 1435 4420 usu
1458 4357 2009 4434 sacramentorum,
2037 4356 2296 4438 denique
2318 4359 2562 4439 quoties
2584 4380 2706 4427 non

228 4486 438 4550 posses
492 4465 638 4530 sine
668 4459 850 4546 gravi
879 4458 1269 4524 incommodo
1299 4476 1504 4523 carere
1537 4459 1745 4541 aliquo
1779 4459 2165 4523 sacramento
2197 4484 2259 4523 ».

313 4569 521 4651 Quae,
562 4563 780 4629 subdit
811 4581 861 4628 s.
899 4560 1106 4644 Alph„
1155 4559 1444 4625 videntur
1490 4579 1635 4624 sane
1682 4561 2004 4624 cohaerere
2036 4579 2178 4624 cum
2225 4561 2505 4628 doctrina
2553 4564 2707 4628 alias
