3497 5147
759 368 864 423 134
937 384 1149 424 TRAc‘r.
1181 385 1233 423 v.
1267 383 1429 424 3111οΤ.
1459 384 1547 423 111.
1575 384 1660 423 mn
1687 383 2007 424 cnm'rA'rrs
2030 384 2421 426 parascaeve.
2450 383 2645 426 CAPUT
2674 384 2736 422 11.
2766 384 2908 424 Dim.
2940 385 3001 423 11.
3077 370 3215 446 [lffl]

846 481 936 545 De
962 481 1076 545 hoc
1099 499 1248 544 casu
1271 480 1532 562 aliisque
1557 481 1838 563 pluribus
1863 481 2064 544 multa
2090 481 2335 564 egregie
2360 480 2642 562 disputat
2674 477 2898 561 Sporer
2924 484 3107 544 tract.
3132 481 3208 545 11.

753 585 825 648 in
857 584 914 649 I.
949 585 1279 665 Praecept.
1316 603 1448 667 cap.
1486 584 1568 662 6.,
1610 603 1768 665 quae
1802 583 2049 648 omnino
2089 583 2350 647 videnda
2383 585 2550 647 sunt.

865 739 1003 792 ΧΧΙ.
1031 741 1078 792 3.
1110 737 1211 791 Etsi
1250 738 1414 803 quivis
1456 743 1678 792 teneatur
1715 737 1911 791 inimico
1952 737 2140 791 veniam
2181 736 2390 803 legitime
2431 737 2612 804 petenti
2654 753 2747 790 non
2788 744 2973 790 tantum
3014 737 3212 792 interius

755 823 1021 887 remittere,
1043 827 1127 876 sed
1151 823 1295 876 ctiam
1318 832 1520 878 externa
1542 821 1844 875 remissionis
1866 822 1999 885 signa
2022 825 2279 875 ostendere
2295 829 2466 886 :negat
2485 829 2645 875 tamen
2665 824 2803 876 'rt-nt.
2827 824 2856 876 Ι.
2877 824 2893 873 -t
2907 824 2957 874 5.
2976 837 3017 875 0.
3037 824 3085 875 5.
3102 825 3148 876 11.
3164 825 3209 877 5.

755 923 816 962 ex
846 910 975 961 Azor
1001 916 1048 960 et
1076 906 1183 961 Fitt.
1212 906 1365 960 teneri
1404 906 1566 960 statim
1605 913 1861 973 postquam
1902 905 2106 959 offensio
2146 914 2220 960 est
2257 906 2422 972 ittam
2450 923 2508 960 eo
2547 908 2676 973 quod
2705 905 2769 961 sit
2808 921 2888 960 res
2918 906 3127 960 violenta
3165 915 3212 960 et

753 1008 901 1060 supra
925 992 1230 1056 fragilitatem
1259 995 1532 1045 humanam.
1556 992 1658 1044 Non
1686 998 1881 1044 tenetur
1900 998 2062 1045 antem
2091 991 2338 1044 remittere
2356 991 2733 1045 satisfactionem
2754 1006 2844 1057 pro
2873 994 3068 1055 damno,
3089 991 3131 1045 si
3151 994 3208 1046 ab

755 1092 814 1130 eo
842 1078 903 1130 sit
932 1079 1115 1131 laesus:
1138 1077 1235 1129 imo
1256 1091 1344 1129 nec
1364 1092 1470 1128 eam
1491 1083 1767 1143 acceptare,
1790 1074 1832 1128 si
1858 1078 2053 1129 offerat:
2077 1078 2163 1129 sed
2183 1075 2328 1129 etiam
2355 1074 2558 1128 iuridice
2580 1082 2741 1141 potest
2765 1075 3206 1141 compensationem

754 1172 936 1231 petere,
955 1167 1219 1218 dummodo
1245 1164 1293 1217 in
1321 1172 1529 1230 utroque
1555 1179 1669 1217 casu
1699 1169 1905 1230 ponatur
1931 1163 2112 1227 odium,
2140 1170 2191 1217 ut
2218 1166 2395 1216 docent
2430 1164 2618 1218 Valent.
2643 1165 2761 1216 Nav.
2785 1166 2953 1228 Laym.
2979 1165 3011 1217 l.
3039 1166 3085 1216 2.
3111 1172 3140 1217 t.
3163 1166 3207 1217 3.

754 1265 796 1304 c.
823 1251 868 1302 t.
891 1252 1032 1317 Quod
1056 1250 1097 1302 si
1125 1256 1281 1303 tamen
1310 1264 1462 1316 poena
1488 1249 1552 1303 sit
1576 1251 1716 1301 valde
1738 1248 1915 1312 gravis,
1942 1248 2250 1312 νει-1111110110,
2276 1264 2327 1300 ca
2338 1247 2797 1315 pitiS,mutitationis
2820 1264 2975 1314 neque
2998 1251 3129 1301 laeso
3150 1263 3207 1302 ex

754 1349 811 1387 ea
837 1336 1144 1388 commodum
1174 1333 1444 1400 proveniat,
1471 1348 1564 1385 non
1593 1333 1790 1385 videtur
1829 1347 1903 1398 ea,
1926 1334 2213 1398 deprecante
2242 1334 2413 1393 altero,
2441 1331 2543 1385 sine
2571 1339 2769 1397 peccato
2797 1332 3039 1385 vindictae
3068 1347 3207 1398 posse

754 1420 934 1487 expeti.
951 1419 1197 1483 Similiter,
1220 1419 1261 1472 si
1282 1418 1561 1483 satisfaciat,
1582 1425 1815 1483 quantum
1842 1424 2018 1484 potest,
2040 1419 2100 1470 ad
2120 1417 2185 1482 id,
2212 1420 2338 1483 qnod
2365 1431 2457 1470 non
2484 1425 2657 1483 potest,
2675 1433 2784 1470 eunt
2810 1433 3000 1480 urgere,
3018 1417 3208 1472 videtur

752 1512 921 1558 contra
947 1504 1210 1569 caritatem,
1241 1512 1292 1558 ut
1317 1506 1460 1556 docet
1485 1505 1623 1568 Sylv.
1652 1509 1700 1555 et
1729 1502 1836 1554 Fitt.
1866 1509 1900 1555 t.
1932 1506 2018 1554 28.
2045 1519 2087 1554 c.
2126 1506 2164 1555 Ι.
2193 1518 2240 1567 q.
2270 1506 2318 1554 9.

843 1611 998 1684 180.
1027 1614 1376 1678 1οΤ01101111·
1411 1613 1727 1676 remittere
1752 1611 2020 1674 interius
2056 1611 2247 1675 etiam
2280 1628 2401 1675 non
2426 1611 2659 1694 petenti
2693 1612 2954 1675 veniam.
2985 1612 3065 1675 Et
3097 1612 3206 1676 1100

752 1716 874 1782 duo
907 1715 1357 1798 complectitur.
1393 1714 1672 1778 Primum
1705 1713 2080 1795 neyativmn,
2107 1732 2189 1777 30.
2218 1714 2289 1777 111
2313 1714 2580 1795 deponat
2606 1732 2785 1777 omne
2810 1714 3043 1789 odium,
3078 1733 3207 1777 ran·

753 1839 976 1893 corem,
1012 1837 1270 1900 pravum
1304 1818 1612 1892 affectum,
1645 1816 2168 1893 malevolentiam,
2211 1815 2516 1880 vindictae
2546 1816 2822 1879 iniustae
2860 1817 3205 1900 appetitum

753 1921 910 2001 (scil.
940 1922 1156 1983 utnon
1189 1918 1339 1981 velit
1373 1919 1484 1981 aut
1516 1918 1852 1982 vindictam
1880 1937 1984 2000 per
2029 1937 2093 1981 se
2127 1936 2385 1994 sumere,
2423 1920 2536 1981 aut
2569 1918 2646 1981 ab
2682 1918 2821 1982 aliis
2852 1919 3112 2001 iniuste)
3142 1921 3201 1982 01

755 2041 875 2086 11110
911 2022 1092 2085 verbo
1127 2022 1200 2084 ut
1233 2039 1351 2084 non
1392 2020 1543 2083 velit
1574 2020 1629 2083 ei
1662 2020 1862 2084 ullum
1886 2019 2124 2082 malum
2150 2019 2378 2083 iniuste
2408 2019 2814 2084 inferendum.
2850 2021 2931 2083 Et
2960 2021 3076 2083 hoc
3106 2021 3205 2084 de-

753 2123 933 2187 betur
966 2123 1154 2186 etiam
1195 2125 1336 2184 ante
1369 2122 1682 2184 externam
1720 2121 2280 2185 reconciliationem
2330 2124 2516 2203 atque
2562 2121 2890 2185 inimicitia
2922 2122 3198 2186 durant-e.

842 2226 1125 2289 Alterum
1149 2224 1488 2302 positivum
1518 2224 1613 2286 est
1645 2223 1821 2285 actus
1854 2222 2101 2299 amoriS,
2142 2224 2306 2304 quod
2348 2224 2497 2288 velit
2526 2224 2645 2306 ipsi
2683 2224 2987 2288 salutaria
3023 2225 3201 2289 bona.

752 2328 928 2408 Quod
946 2329 1153 2391 tamen
1179 2326 1252 2390 de
1277 2327 1598 2409 praecepto
1623 2325 2096 2409 intelligendum
2119 2346 2191 2390 ex
2212 2327 2390 2390 iuxta
2414 2328 2697 2410 regulam
2720 2328 2878 2391 alias
2902 2327 3199 2392 traditam

749 2452 889 2496 cum
923 2451 971 2495 s.
1006 2431 1244 2494 Thema
1284 2450 1417 2512 sup.
1454 2450 1512 2493 n.
1546 2429 1713 2504 171„
1750 2427 1841 2491 Of.
1878 2425 2050 2510 Spor.
2087 2429 2269 2493 tract.
2305 2430 2387 2492 II.
2423 2430 2492 2491 in
2523 2429 2854 2508 Praecept.
2888 2430 2938 2493 I.
2973 2449 3108 2513 cap.
3144 2431 3199 2494 6.

749 2556 809 2600 11.
860 2537 964 2600 42.

839 2643 902 2709 Si
940 2643 1255 2727 poenitens
1293 2641 1460 2704 dicat
1506 2640 1661 2704 velle
1708 2659 1773 2703 se
1818 2639 2150 2723 ignoscere,
2185 2640 2287 2704 sed
2338 2660 2459 2705 non
2506 2659 2683 2725 posse
2732 2643 3048 2706 oblivisci:
3086 2661 3200 2707 non

749 2747 967 2820 odisse,
1009 2745 1112 2807 3011
1158 2762 1279 2807 non
1327 2761 1503 2825 posse
1551 2742 1838 2824 aspicere,
1891 2743 2145 2824 alloqui,
2196 2744 2502 2807 salutare:
2553 2746 2734 2808 caute
2779 2744 3197 2809 incedendum.

746 2848 936 2931 Saepe
969 2847 1131 2911 enim
1164 2844 1465 2909 eiusmodi
1495 2845 1774 2909 homines
1806 2864 1928 2909 non
1962 2844 2245 2908 feruntur
2292 2865 2361 2909 ex
2408 2845 2650 2909 interno
2699 2866 2840 2909 vero
2880 2866 2951 2909 ac
2986 2846 3202 2911 volun-

745 2951 904 3015 tario
955 2949 1093 3015 odio
1143 2949 1206 3012 in
1252 2947 1619 3031 proximum,
1653 2947 1759 3011 sed
1792 2947 1994 3011 solum
2027 2966 2099 3011 ex
2132 2948 2476 3011 vehementi
2517 2949 2912 3030 phantastica
2944 2950 3199 3032 impres-

744 3055 933 3131 sione,
983 3052 1247 3116 maxime
1293 3050 1346 3114 si
1394 3050 1822 3114 melancholici
1860 3050 1986 3113 sint
2033 3049 2096 3112 et
2142 3048 2447 3126 cholerici,
2489 3069 2560 3114 ex
2608 3050 2867 3114 iniuriae
2916 3054 3197 3135 acceptae

743 3156 950 3222 vivida
981 3153 1426 3237 imaginatione
1456 3152 1634 3216 facile
1683 3152 1761 3215 ad
1807 3151 2039 3215 inimici
2088 3151 2575 3216 recordationem
2623 3154 2721 3216 vel
2767 3155 3089 3236 aspectum
3133 3155 3193 3219 in

740 3261 950 3324 motus
977 3255 1427 3331 amaritudinis,
1447 3254 1719 3319 rancoris
1759 3256 1872 3318 etc.
1899 3253 2210 3330 feruntur3
2246 3255 2353 3336 qui
2379 3255 2631 3337 quidam
2655 3258 2867 3321 motus
2891 3259 3194 3323 rationem

739 3363 1143 3448 praeveniunt
1177 3382 1247 3426 ac
1283 3361 1648 3444 perturbant
1679 3361 1741 3423 et
1768 3360 1828 3422 in
1855 3359 2033 3443 signa
2066 3360 2256 3423 etiam
2289 3362 2537 3425 externa
2570 3362 2893 3443 prodeunt,
2927 3363 3077 3428 licet
3098 3365 3192 3428 illi

737 3467 1060 3532 voluntate
1089 3465 1289 3548 reipsa
1321 3483 1440 3528 non
1468 3462 1876 3539 consentiant,
1907 3462 2011 3526 sed
2043 3462 2192 3526 facti
2227 3463 2325 3526 sui
2358 3464 2672 3546 compotes
2695 3464 3011 3529 resistant.
3033 3465 3187 3531 Cum

735 3570 833 3636 his
868 3589 1020 3652 opus
1057 3576 1151 3633 est
1183 3567 1484 3651 patientia
1516 3567 1579 3628 et
1610 3564 1956 3647 prudentia,
1986 3567 2048 3630 et
2080 3566 2242 3629 sicut
2274 3585 2394 3629 non
2427 3584 2664 3647 semper
2693 3567 3063 3633 credendum
3096 3570 3189 3633 est

732 3674 882 3758 ipsis
914 3673 1276 3749 dicentibuS,
1312 3690 1375 3735 se
1416 3670 1555 3734 odio
1580 3668 1754 3733 nullo
1778 3669 2004 3745 teneri;
2034 3670 2241 3733 tamen
2276 3669 2328 3733 si
2358 3670 2749 3753 interrogans
2774 3671 3185 3737 confessarius

734 3777 1145 3861 deprehendat
1175 3775 1396 3857 reipsa,
1432 3773 1588 3835 hanc
1620 3771 2087 3854 dispositionem
2123 3772 2312 3835 animi
2339 3791 2408 3834 ac
2442 3773 2649 3836 motus
2683 3772 2885 3837 solum
2936 3793 3007 3837 ex
3054 3776 3191 3839 hor-

733 3901 868 3946 rore
908 3900 978 3944 ac
1015 3876 1436 3943 recordatione
1458 3874 1740 3951 iniuriae,
1776 3893 1897 3938 non
1925 3893 1994 3937 ex
2026 3873 2463 3937 malevolentia
2488 3876 2827 3957 procedere,
2856 3879 3065 3958 potest
3088 3895 3190 3942 eos

733 3983 1066 4047 absolvere.
1105 3979 1278 4060 Spor.
1322 3977 1468 4039 ibib.
1505 3996 1563 4038 n.
1605 3975 1710 4038 44.

823 4082 955 4154 181.
1005 4079 1310 4145 Remissio
1361 4077 1624 4141 offensae
1673 4076 1853 4139 debet
1906 4094 2036 4139 esse
2092 4076 2281 4139 etiam
2329 4081 2607 4153 exteram,
2667 4080 2949 4146 videlicet
3008 4083 3193 4168 signi·

728 4186 1038 4252 ficandum
1087 4182 1180 4246 est
1230 4179 1438 4260 aliquo
1486 4177 1692 4253 modo,
1730 4178 1791 4241 10
1840 4178 2229 4242 inimicitiam
2277 4180 2647 4263 deposuisse.
2696 4183 2867 4248 Haec
2915 4186 3097 4269 signa
3141 4186 3191 4251 si

724 4289 1028 4369 negentur
1065 4282 1333 4345 numime
1367 4281 1533 4343 inter
1567 4278 1879 4360 aequale&
1907 4281 2110 4344 essent
2141 4281 2437 4347 indicium
2476 4284 2599 4348 odii
2637 4289 3086 4368 perseverantis
3124 4290 3186 4353 01

730 4386 1064 4455 obfirmati.

819 4489 1062 4552 Dicitur
1095 4487 1300 4549 tamen
1323 4485 1564 4564 petenti
1595 4486 1855 4548 veniam.
1882 4485 2065 4561 Nam,
2097 4491 2165 4552 ut
2190 4488 2394 4569 inquit
2426 4509 2473 4553 s.
2508 4490 2860 4556 Antoninus
2896 4497 3037 4575 post
3060 4496 3186 4558 Du-

725 4591 989 4657 randum
1024 4588 1193 4653 Seme.
1229 4590 1387 4671 part.
1418 4590 1476 4651 2.
1506 4589 1606 4652 111.
1638 4588 1696 4652 8.
1725 4608 1857 4673 cap.
1895 4590 1953 4652 2.
1986 4589 2041 4672 ἓ.
2085 4591 2175 4653 st:
2219 4616 2251 4647 «
2278 4592 2409 4654 Aut
2431 4592 2762 4657 iniuriator
2785 4596 3187 4662 exhibctcon-

728 4695 980 4780 dignam
999 4690 1484 4757 satisfactionem
1506 4692 1616 4756 aut
1641 4711 1783 4756 non.
1813 4690 1877 4756 Si
1903 4692 2147 4756 exhibet
2170 4694 2505 4757 secundnm
2522 4696 2941 4775 quantitatem
2967 4700 3183 4783 culpae
