3497 5147
309 341 440 415 [603]
1064 350 1216 399 Qun)
1255 350 1463 392 voa-mu
1500 352 1579 391 m·
1616 352 1980 400 Qnornpnax
2187 334 2194 340 '
2645 345 2754 397 465

312 451 515 513 mittitur,
542 456 594 502 ut
633 449 777 512 calix,
817 451 1156 512 eleemosyna:
1185 451 1279 500 hoc
1318 453 1498 509 autem,
1537 461 1644 500 cum
1686 447 1845 512 aliqua
1888 447 2096 501 bominis
2133 449 2278 515 aeti0,
2319 453 2398 504 vel
2439 453 2652 505 cessatio
2692 457 2755 507 ab

308 536 496 594 actione.
517 543 565 588 ut
589 542 757 586 votum
783 532 968 595 ieiunii,
996 530 1417 598 peregrinationis,
1443 529 1763 585 abstinentiae
1783 547 1810 585 a
1833 537 1958 586 lusu.
1982 533 2070 586 His
2091 533 2241 599 aliqui
2261 534 2529 599 adiungunt
2550 537 2754 591 Mixtum

306 635 361 672 ex
386 629 598 684 utroque,
623 629 673 670 ut
693 617 734 671 si
756 632 941 670 voveas
962 616 1399 683 peregrinationem
1422 631 1531 669 cuni
1555 615 1803 669 oblatione
1824 616 2031 670 alicuius
2058 617 2147 671 rei.
2176 618 2287 672 Vid.
2311 621 2445 673 Less.
2472 622 2503 673 1.
2527 626 2576 675 2.
2598 637 2641 674 c.
2677 623 2755 678 50.

385 752 554 827 6⁰3.
587 756 861 820 *Prima
907 754 1129 819 divisi0
1155 755 1322 818 clara
1356 755 1468 818 est.
1515 754 1731 818 Altera
1779 756 2108 819 materiam
2159 756 2583 839 suppeditaret
2631 757 2759 821 lon-

305 879 409 944 gae
445 858 853 941 disputationi
898 860 1148 940 propter
1194 857 1479 920 tenebras
1525 857 1579 920 ei
1630 856 1857 920 offusas
1893 857 1969 920 ab
2007 858 2344 941 ingeniosis
2384 858 2561 936 viris3
2597 878 2757 940 quae

304 961 632 1044 disputatio
665 964 874 1024 tamen
907 960 983 1023 ad
1017 958 1397 1041 theologiam
1443 960 1893 1041 speculativam
1932 960 2160 1041 potius,
2197 979 2386 1041 quam
2419 961 2756 1042 practicam

304 1064 574 1147 pertinet.
607 1061 1051 1138 NihilominuS,
1084 1061 1234 1143 quia
1265 1062 1329 1124 et
1359 1060 1571 1125 exinde
1598 1062 1909 1143 oportebit
1939 1061 2274 1126 identidem
2309 1063 2753 1146 argumentaii,

301 1183 708 1248 proponamus
739 1163 1008 1228 breviter
1033 1181 1423 1228 communem
1455 1164 1520 1226 et
1544 1182 1754 1226 veram
1787 1163 2153 1228 doctrinam.
2197 1164 2434 1229 Votum
2459 1165 2756 1229 sollemne

299 1267 533 1343 dicitur,
571 1267 662 1330 ait
697 1266 1020 1350 Laymann
1068 1264 1141 1327 dc
1175 1263 1360 1327 Statu
1404 1263 1614 1346 Bel-ey.
1665 1285 1715 1327 c.
1774 1267 1828 1328 1.
1863 1286 1921 1329 11.
1956 1267 2040 1342 4.,
2092 1267 2278 1332 sicuti
2317 1269 2381 1330 et
2427 1268 2757 1331 testamen-

298 1372 445 1444 tum,
508 1372 785 1452 pactum,
850 1366 1283 1432 iusiurandum
1332 1367 1646 1444 sollemne,
1698 1369 1798 1431 cui
1846 1387 1916 1432 ea
1964 1369 2165 1432 forma
2213 1388 2320 1433 seu
2368 1370 2756 1434 sollemnitas

295 1472 530 1554 publica
582 1470 930 1547 adhibetur,
963 1488 1153 1551 quam
1198 1470 1296 1534 ius
1344 1471 1695 1551 requirit».
1738 1471 1984 1536 Scilicet
2031 1471 2104 1535 de
2153 1472 2574 1536 sollemnitate
2623 1475 2755 1537 voti

292 1573 846 1657 philosophandum
894 1574 1008 1649 est,
1044 1572 1566 1654 quemadmodum
1616 1572 2132 1656 philosophamur
2195 1573 2268 1636 de
2332 1574 2756 1639 contractibus

291 1677 708 1752 sollemnibus,
765 1675 838 1739 de
900 1675 1294 1739 testamentis
1350 1674 1755 1738 sollemnibus
1812 1676 1927 1738 etc.
1985 1673 2387 1739 Sollemnitas
2434 1676 2596 1740 enim
2662 1679 2759 1741 est

288 1778 479 1842 forma
513 1777 826 1860 quaedam
876 1795 985 1840 seu
1033 1776 1387 1859 complexus
1420 1776 1900 1853 formalitatum,
1943 1795 2098 1858 quas
2131 1778 2477 1843 auctoritas
2509 1779 2758 1861 publica

290 1880 456 1944 addit
500 1880 673 1945 actui
706 1879 784 1943 ad
819 1877 1091 1944 eiusdem
1123 1877 1404 1942 decorem
1434 1880 1498 1942 et
1533 1880 1606 1942 ut
1637 1879 1752 1943 sub
1792 1879 2042 1961 speciali
2075 1880 2449 1962 reipublicae
2472 1881 2757 1945 custodia

285 1982 620 2047 collocetur
666 1986 729 2047 et
779 1985 1012 2066 certam
1060 1980 1399 2045 efficaciam
1437 1982 1663 2044 exerat.
1716 1980 1949 2045 Idcirco
2006 2005 2040 2039 «
2080 1982 2374 2047 sollemne
2426 1985 2538 2060 est,
2589 1983 2755 2065 quod

289 2085 413 2149 vim
446 2086 637 2150 habet
668 2104 790 2150 non
831 2085 1033 2149 solum
1083 2103 1119 2147 a
1166 2083 1413 2167 privata
1450 2102 1711 2166 persona
1760 2085 2001 2167 agente,
2035 2103 2251 2148 verum
2287 2084 2476 2149 etiam
2526 2087 2603 2149 ab
2651 2105 2757 2154 au-

281 2191 578 2255 ctoritate
626 2190 892 2273 publica,
920 2188 1048 2253 sive
1080 2189 1229 2253 haec
1255 2188 1630 2252 interveniat
1656 2207 1763 2271 per
1789 2207 2115 2270 personam
2141 2188 2454 2272 publicam
2487 2192 2617 2254 sive
2649 2210 2756 2272 per

276 2297 475 2359 certos
500 2294 671 2358 ritus
703 2295 767 2357 et
789 2292 1226 2368 caeremonias,
1261 2309 1420 2373 quae
1458 2291 1591 2354 iure
1628 2290 1904 2353 naturali
1938 2292 2281 2355 necessaria
2312 2310 2435 2355 non
2469 2291 2628 2368 sint3
2664 2292 2755 2355 ita

276 2399 347 2460 ut
379 2401 565 2461 actus
610 2397 724 2461 sub
772 2394 1075 2479 singulari
1121 2393 1404 2458 custodia
1450 2392 1825 2476 reipublicae
1859 2393 2100 2476 positus
2135 2393 2239 2466 sit,
2275 2394 2571 2475 quoniam
2602 2395 2753 2459 haec

269 2500 329 2562 in
378 2499 517 2564 eius
553 2498 941 2563 confectione
987 2499 1228 2581 partem
1276 2495 1500 2559 habuit
1546 2520 1605 2558 ».
1657 2494 1877 2560 Victor
1915 2494 1988 2559 de
2019 2495 2196 2559 Buck
2246 2496 2307 2559 in
2339 2495 2634 2578 Ispistola
2680 2498 2754 2560 cle

286 2602 596 2666 Votorum
638 2600 1052 2665 sollemnitate
1098 2620 1157 2682 p.
1198 2600 1303 2662 46.
1339 2599 1411 2662 In
1459 2600 1605 2662 actu
1652 2617 1798 2682 ergo
1833 2599 2119 2663 sollemni
2165 2599 2493 2663 intercedit
2538 2598 2753 2664 confir—

261 2706 463 2771 matio
512 2705 807 2789 publicae
839 2702 1257 2776 auctoritatis,
1293 2718 1451 2782 quae
1498 2701 1587 2763 ita
1622 2701 1736 2763 sub
1784 2701 2035 2783 speciali
2082 2721 2196 2766 sua
2242 2700 2525 2766 custodia
2570 2701 2752 2765 illum

264 2810 552 2893 suscipit,
597 2810 672 2872 ut
693 2826 837 2871 eum
884 2805 1116 2870 violare
1147 2803 1316 2868 nefas
1350 2803 1433 2867 sit
1470 2805 1720 2886 propter
1753 2803 2063 2885 publicam
2096 2824 2284 2887 quam
2316 2824 2389 2868 ex
2420 2803 2632 2869 eodem
2665 2805 2753 2868 in·

255 2914 558 2977 terventu
599 2913 821 2974 nactus
846 2912 961 2984 est,
986 2906 1189 2971 fidem.
1210 2905 1520 2970 Votorum
1554 2904 1806 2987 proinde
1832 2906 2219 2970 sollemnitas
2245 2906 2401 2970 nihil
2425 2906 2595 2970 aliud
2621 2926 2751 2971 esse

258 3015 515 3080 videtur
556 3032 755 3096 quam
788 3013 904 3077 sub
934 3011 1117 3075 certis
1150 3009 1606 3074 conditionibus
1631 3010 1857 3073 emisso
1883 3013 2031 3074 voto
2063 3011 2327 3075 accessio
2355 3010 2751 3075 auctoritatis

256 3118 590 3183 Ecclesiae
623 3118 833 3181 ratum
858 3114 1143 3179 habentis
1167 3114 1389 3177 votum
1429 3115 1491 3175 et
1525 3112 1917 3194 suscipientis
1961 3112 2119 3176 illud
2171 3112 2287 3177 sub
2318 3132 2432 3177 sua
2470 3112 2752 3176 custodia

252 3221 436 3303 eique
471 3219 754 3304 speciale
784 3217 968 3281 decus
1007 3218 1069 3280 et
1101 3214 1428 3297 specialem
1467 3214 1656 3278 etiam
1681 3215 2023 3279 efficaciam
2041 3216 2393 3279 tribuentis.
2428 3214 2492 3279 Si
2523 3213 2749 3278 idcirco

249 3322 543 3388 Ecclesia
591 3319 1035 3385 auctoritatem
1060 3335 1240 3381 suam
1263 3318 1578 3399 praestare
1603 3316 1782 3393 nolit,
1818 3335 2210 3400 quocumque
2234 3316 2364 3379 ritu
2401 3316 2573 3390 fiant,
2603 3318 2752 3379 vota

244 3430 437 3491 erunt
479 3422 825 3506 simplicia.

336 3527 720 3611 Conceptus
752 3524 1075 3607 propterea
1120 3520 1408 3604 proprius
1454 3520 1896 3584 sollemnitatis
1935 3521 2226 3585 votorum
2275 3521 2370 3583 est
2416 3519 2515 3583 hic
2560 3518 2752 3581 inter-

244 3635 485 3697 ventus
526 3626 987 3694 ecclesiasticae
1013 3623 1409 3687 auctoritatis
1434 3622 1498 3685 in
1531 3641 1745 3686 eorum
1770 3622 2228 3705 nuncupatione
2263 3623 2326 3684 et
2361 3618 2750 3685 confirmat—io

244 3753 477 3800 eorum
532 3750 651 3817 per
682 3729 938 3794 eandem
978 3726 1437 3801 auctoritatem,
1474 3743 1632 3807 quae
1664 3725 1781 3788 hoc
1829 3728 2009 3808 pacto
2060 3743 2130 3787 ea
2179 3724 2293 3787 sub
2341 3722 2591 3806 speciali
2637 3740 2752 3786 sua

239 3836 558 3903 custodia
601 3831 865 3914 suscipit
888 3832 951 3894 et
974 3827 1208 3894 tuetur.
1243 3827 1417 3891 Nihil
1444 3827 1613 3891 aliud
1653 3846 1809 3910 opus
1836 3829 1929 3891 est
1962 3827 2035 3891 ut
2067 3828 2286 3891 votum
2311 3827 2395 3890 sit
2417 3825 2748 3902 sollemne;

240 3941 529 4022 ideoque
567 3935 692 4001 etsi
723 3932 909 3998 ceteri
955 3931 1226 4007 effectus,
1259 3949 1311 3995 e.
1351 3950 1443 4015 gr.
1480 3929 1808 4013 diremptio
1858 3929 2262 4007 matrimonii,
2314 3929 2611 4007 deessent,
2654 3949 2756 3994 vo-

235 4045 383 4108 tum
418 4037 856 4107 nihilominus
886 4034 1183 4099 sollemne
1212 4032 1392 4098 foret.
1429 4029 1914 4118 Quapropterlhi
1948 4032 2054 4097 alii
2094 4034 2465 4115 quicumque
2504 4032 2754 4095 effectus

236 4164 367 4211 non
424 4141 742 4209 oriuntur
778 4138 1118 4202 necessario
1168 4156 1238 4200 ex
1284 4136 1419 4219 ipsa
1452 4136 1890 4213 sollemnitate,
1929 4135 2032 4200 sed
2087 4155 2122 4200 a
2170 4134 2497 4219 posteriori
2546 4132 2755 4211 aliqua

231 4249 379 4333 lege
418 4246 600 4311 voto
638 4239 924 4306 sollemni
949 4239 1220 4303 adiectos
1253 4237 1442 4302 fuisse
1476 4238 1776 4321 oportuit.

330 4350 532 4415 Haec
582 4343 790 4409 omnia
824 4341 1270 4407 confirmantur
1304 4339 1545 4403 decreto
1584 4340 1890 4404 Bonifacii
1943 4338 2114 4403 VIII.
2151 4359 2201 4401 c.
2250 4337 2433 4399 unico
2467 4333 2541 4398 de
2606 4333 2753 4397 Voto

234 4456 304 4517 in
331 4455 399 4515 6.
443 4451 613 4530 Qua
658 4447 720 4510 in
758 4465 823 4510 19
856 4444 1105 4509 adverte
1152 4461 1294 4505 cum
1336 4441 1547 4504 eodem
1582 4441 1654 4504 de
1687 4442 1862 4506 Buck
1889 4462 1946 4523 p.
1990 4442 2094 4504 98.
2131 4460 2296 4521 seqq.
2325 4437 2752 4521 quaestionem

227 4574 441 4638 quam
481 4549 742 4615 dirimit
774 4546 1078 4621 Pontifex,
1111 4561 1233 4607 non
1267 4560 1397 4607 esse
1434 4543 1678 4624 proprie
1712 4542 2025 4622 quodnam
2070 4542 2158 4604 sit
2191 4547 2389 4603 cotum
2435 4538 2749 4615 sollemne,

410 4676 708 4718 Bnumnmn
738 4693 789 4701 -
818 4667 991 4712 norat.
1022 4667 1173 4709 Tomo
1202 4665 1270 4707 11.
2536 4663 2592 4703 30
