3497 5147
694 330 806 386 210
890 345 1106 385 raAcr.
1134 344 1187 383 v.
1216 342 1376 383 secr.
1410 343 1498 381 111.
1526 342 1609 380 nn
1635 340 1958 382 canu-Arm
1985 339 2373 382 pannonum.
2401 338 2598 381 caper
2624 341 2688 380 11.
2719 342 2858 382 nun.
2888 343 2942 382 v.
3017 324 3168 401 [290]

787 442 1001 522 Neque
1038 440 1204 504 enim
1236 438 1501 520 spectari
1533 437 1732 515 debet,
1768 456 1847 501 an
1893 458 2120 503 munus
2156 439 2281 501 vim
2320 438 2548 502 habeat
2581 437 2858 514 fovendi3
2900 458 3046 505 nam
3077 445 3164 508 sic

695 543 900 627 magis
926 541 1161 606 fovebit
1186 543 1471 623 aspectus
1495 544 1558 604 et
1583 540 1718 604 ideo
1744 560 1867 605 non
1884 540 2096 604 liceret
2121 541 2356 622 aperire
2388 540 2675 605 ianuam:
2710 541 2815 605 sed
2847 546 3163 625 spectatur

698 646 863 709 actio
902 645 1037 727 ipsa
1070 646 1184 707 aut
1224 643 1532 726 aperiendi
1566 643 1818 706 ianuam
1853 645 1965 707 aut
2001 643 2231 708 ferendi
2263 664 2411 720 rem,
2444 663 2604 726 quae
2638 645 2800 709 actio
2834 649 2929 710 est
2961 667 3072 729 per
3100 667 3161 713 se

698 749 1067 813 indifferens,
1103 747 1230 810 Nec
1261 765 1309 809 S.
1351 745 1535 827 Alph.
1573 746 1766 810 alium
1807 746 2047 829 allegat
2081 749 2325 829 praeter
2357 744 2713 810 Concinam.

791 850 1008 930 Quoad
1038 849 1448 929 aperitionem
1470 849 1699 910 ianuae
1730 852 1920 930 negat
1945 847 2005 911 id
2038 848 2219 911 licere
2257 846 2440 913 Croix
2477 849 2641 930 apud
2672 866 2722 912 s.
2756 848 2942 931 Alph.
2968 870 3028 914 n.
3056 851 3158 913 66.

700 958 763 1019 et
801 955 865 1019 in
899 952 1172 1016 medium
1205 950 1439 1033 profert
1469 951 1966 1033 Propositionem
1992 952 2096 1014 51.
2124 949 2330 1014 damn.
2358 950 2436 1015 ab
2457 951 2815 1015 Innocentio
2840 951 2951 1015 XI.
2992 977 3026 1009 ‹
3052 953 3162 1016 Fa-

700 1057 931 1129 mulus,
973 1054 1080 1135 qui
1112 1052 1438 1117 submissis
1472 1052 1744 1116 humeris
1783 1052 2044 1117 scienter
2075 1053 2332 1117 adiuvat
2369 1054 2587 1118 herum
2625 1072 2808 1118 suum
2844 1056 3160 1120 ascendere

702 1178 808 1241 per
856 1158 1152 1220 fenestras
1201 1154 1276 1217 ad
1324 1154 1731 1236 stuprandam
1779 1155 2081 1239 virginem
2129 1158 2191 1219 et
2237 1157 2559 1220 multoties
2598 1155 2795 1221 eidem
2834 1158 3157 1234 subservit,

702 1259 1026 1323 deferendo
1059 1258 1311 1333 scalam,
1359 1256 1695 1335 aperiendo
1726 1258 2005 1333 ianuam,
2042 1261 2154 1321 aut
2184 1258 2331 1339 quid
2364 1259 2567 1322 simile
2589 1260 2989 1343 cooperando,
3036 1280 3158 1325 non

703 1364 916 1446 peccat
958 1361 1329 1437 mortaliter,
1379 1359 1432 1423 si
1480 1359 1541 1422 id
1588 1359 1779 1423 faciat
1823 1363 1997 1423 metu
2045 1361 2339 1425 notabilis
2386 1361 2762 1440 detrimenti,
2813 1366 2964 1445 puta
3012 1381 3088 1426 ne
3125 1384 3158 1425 a

701 1465 951 1529 domino
976 1464 1140 1526 male
1164 1462 1487 1536 tractetur,
1510 1480 1582 1524 ne
1608 1462 1804 1525 torvis
1830 1462 2026 1529 oculis
2051 1463 2408 1544 aspiciatur,
2430 1483 2504 1528 ne
2528 1464 2711 1529 domo
2738 1465 3083 1547 expellatur
3099 1491 3155 1528 ».

790 1566 850 1630 S.
891 1566 1075 1648 Alph.
1125 1566 1287 1627 recte
1335 1563 1680 1646 respondet,
1730 1565 1889 1628 hanc
1920 1565 2407 1647 propositionem
2439 1565 2592 1629 nihil
2626 1566 2703 1629 ad
2750 1586 2882 1631 rem
2929 1567 3155 1635 facere:

698 1671 847 1753 quia
872 1668 1058 1732 verba
1090 1705 1173 1712 -
1199 1666 1534 1745 aperiendo
1558 1666 1820 1728 ianuam
1853 1704 1934 1711 ——-
1969 1686 2039 1730 ex
2062 1668 2352 1731 contextu
2378 1667 2734 1755 significant
2757 1669 3156 1751 aperitionem

699 1774 931 1837 factam
965 1790 1070 1854 per
1103 1771 1249 1845 vim,
1284 1770 1505 1833 domus
1536 1768 1668 1832 scil.
1705 1769 1941 1832 alienae
1977 1769 2051 1832 ad
2085 1770 2460 1851 patrandum
2491 1772 2800 1851 stuprum.

790 1873 967 1953 Quod
991 1891 1114 1936 non
1137 1872 1326 1935 liceat
1351 1871 1489 1933 aliis
1522 1871 1864 1952 quidpiam,
1891 1870 2225 1953 quodlicet
2256 1871 2512 1945 famulo,
2549 1875 2622 1936 ut
2653 1873 2726 1936 A.
2754 1873 2925 1951 dicit,
2954 1875 3160 1956 palam

703 1977 825 2039 est:
868 1976 1013 2057 quia
1053 1975 1159 2037 alii
1193 1993 1315 2037 non
1339 1974 1569 2036 habent
1615 1974 1921 2036 rationem
1956 1973 2320 2051 famulatus,
2354 1974 2462 2055 qui
2494 1975 2688 2059 exigit
2718 1976 3025 2059 quaedam
3064 1978 3160 2041 ob-

702 2078 916 2159 sequia
953 2078 1016 2139 et
1050 2076 1271 2149 officia,
1323 2094 1379 2137 v.
1416 2094 1508 2157 gr.
1545 2075 1854 2156 aperiendi
1887 2077 2297 2158 pulsantibus.

812 2252 1112 2304 Lxxxvu.
1139 2252 1189 2303 5.
1225 2252 1297 2302 Ad
1339 2263 1393 2303 ea
1433 2263 1601 2314 opera,
1628 2264 1752 2313 quae
1798 2249 2119 2316 propinquius
2156 2265 2209 2304 se
2249 2253 2308 2302 ad
2348 2258 2598 2317 peccatum
2638 2256 2818 2306 habent
2855 2261 2941 2306 aut
2979 2254 3159 2318 iuvant,

704 2352 755 2388 v.
783 2352 853 2401 gr.
879 2336 1119 2389 subiicere
1146 2339 1393 2395 humeroS,
1421 2336 1685 2386 admovere
1712 2338 1870 2386 scalas
1896 2338 2017 2387 hero
2044 2349 2126 2400 per
2151 2339 2404 2387 fenestram
2431 2335 2710 2390 ascendenti
2739 2338 2797 2389 ad
2825 2338 3159 2399 concubinam,

703 2424 897 2476 deferre
924 2421 1112 2475 litteras
1138 2419 1401 2473 amatorias
1425 2420 1485 2471 ad
1514 2419 1839 2484 meretricem,
1867 2419 2089 2473 comitari
2117 2422 2175 2472 ad
2203 2420 2417 2473 duellum
2445 2427 2537 2474 etc.
2566 2436 2661 2474 non
2688 2422 2868 2475 sufficit
2894 2424 3162 2477 communis

698 2505 824 2561 ratio
864 2508 1139 2568 famulatus,
1168 2508 1251 2558 sed
1280 2504 1478 2568 exigunt
1506 2504 1739 2556 maiorem
1769 2503 2108 2557 necessitatem
2141 2511 2190 2558 et
2213 2519 2427 2571 causam,
2457 2514 2509 2559 ut
2548 2506 2677 2560 licite
2703 2509 2835 2571 flatu,
2865 2523 2911 2559 v.
2935 2523 3010 2573 gr.
3042 2508 3162 2577 peri·

694 2598 859 2647 culum
897 2592 1062 2658 gravis
1088 2598 1174 2644 aut
1198 2595 1368 2644 saltem
1400 2589 1628 2642 notabilis
1655 2590 1836 2652 damni,
1866 2589 1908 2642 si
1933 2591 2217 2644 detrectent.
2239 2591 2357 2645 ibid.
2385 2592 2544 2645 ‘Haec
2569 2592 2788 2646 doctrina
2814 2593 2911 2647 iam
2941 2595 3159 2649 reiicitur

695 2681 760 2730 ob
786 2679 1058 2731 damnatam
1085 2678 1145 2727 ab
1176 2679 1334 2728 innoc.
1362 2676 1447 2727 Xl.
1477 2687 1673 2740 propos.
1705 2673 1819 2727 δι’

785 2795 962 2868 290.
998 2798 1216 2861 Relate
1251 2797 1326 2860 ad
1360 2797 1514 2860 duas
1552 2798 1787 2880 priores
1820 2798 2093 2862 actiones
2138 2797 2440 2860 subiicere
2486 2797 2790 2873 Immeros5
2837 2799 3159 2866 admovere

691 2900 920 2975 scalae,
960 2921 1008 2965 s.
1044 2901 1399 2983 Alphonsus
1432 2919 1731 2982 quaerens
1764 2919 1842 2963 an
1867 2919 1992 2972 eae,
2034 2901 2197 2964 sicut
2226 2904 2289 2961 et
2315 2900 2379 2961 vi
2405 2902 2653 2979 aperire
2694 2903 2952 2965 ianuam
2989 2909 3053 2966 et
3083 2906 3160 2967 .ςὲ-

691 3003 892 3080 milia,
942 3023 1013 3066 ex
1060 3004 1233 3066 metu
1280 3003 1500 3066 mortis
1547 3003 1646 3065 vel
1695 3003 1910 3085 magni
1955 3003 2165 3066 damni
2212 3003 2456 3080 liceant,
2492 3005 2597 3068 lib.
2642 3007 2700 3067 2.
2737 3026 2795 3069 n.
2831 3005 2937 3070 66.
2988 3025 3048 3088 q.
3098 3008 3155 3069 4.

701 3106 871 3181 dicit,
909 3105 1353 3168 affirmativam
1391 3105 1464 3168 A.
1501 3105 1893 3174 sententiam,
1929 3106 2206 3186 spectata
2251 3106 2516 3179 ratione,
2549 3106 2674 3169 sibi
2709 3106 2912 3170 videri
2939 3109 3159 3187 proba·

695 3207 997 3279 mliorem,
1025 3226 1213 3288 quam
1239 3207 1589 3289 oppositam
1610 3205 1789 3284 Viva,
1819 3204 2399 3271 Salmanticensium
2426 3210 2489 3273 et
2505 3206 2770 3273 Concina
2799 3210 3156 3286 dicentium,

696 3329 893 3391 neque
926 3309 1004 3373 ob
1041 3309 1384 3391 periculum
1420 3308 1639 3372 mortis
1672 3308 1823 3371 haec
1854 3307 2054 3384 licere,
2090 3309 2314 3393 quippe
2345 3309 2672 3376 intrinsece
2704 3312 2872 3376 mala
2906 3314 3055 3379 sint.

791 3439 823 3469 «
860 3412 1066 3486 Ratio,
1104 3411 1307 3492 inquit
1338 3430 1386 3473 S.
1429 3410 1633 3492 Alph„
1669 3411 1818 3491 qnia
1851 3430 1993 3474 cum
2031 3415 2309 3493 praestas
2348 3413 2654 3479 actionem
2686 3434 2794 3497 per
2830 3433 2895 3479 se
2933 3417 3161 3481 indiffe-

694 3515 950 3588 rentem,
985 3533 1106 3578 non
1140 3513 1365 3576 teneris
1411 3512 1531 3575 nisi
1580 3532 1650 3576 ex
1681 3513 1946 3576 caritate
1978 3514 2056 3576 ab
2087 3513 2196 3576 illa
2231 3514 2555 3590 abstinere,
2590 3535 2665 3579 ne
2699 3517 2858 3581 alter
2904 3536 2979 3582 ea
3017 3520 3160 3584 abu·

692 3619 868 3681 tatur
892 3616 969 3680 ad
1002 3617 1396 3699 peccandum.
1425 3615 1621 3696 Atqui
1652 3616 1882 3680 caritas
1907 3636 2028 3681 non
2063 3618 2123 3680 te
2158 3616 2416 3701 obligat,
2453 3621 2525 3682 ut
2548 3620 2871 3701 peccatum
2899 3622 3157 3687 alterius

696 3723 940 3783 avertas
974 3739 1114 3782 cum
1146 3719 1325 3802 gravi
1359 3720 1468 3783 tuo
1501 3718 1759 3794 damn03
1800 3738 1909 3783 nec
1948 3720 2205 3784 alterius
2242 3719 2488 3783 malitia
2535 3723 2778 3785 mutare
2810 3727 3027 3805 potest
3057 3746 3159 3790 na·

692 3823 901 3883 turam
950 3822 1212 3884 actionis
1260 3823 1424 3896 tuae,
1478 3824 1549 3885 ut
1597 3842 1666 3885 ex
1713 3821 2080 3885 indifferenti
2130 3821 2242 3888 fiat
2287 3822 2615 3886 intrinsece
2660 3824 2828 3888 mala
2862 3849 2924 3889 ».
2971 3827 3153 3912 Ergo.

692 3921 834 3985 Vid.
875 3940 1032 4002 quae
1068 3922 1255 3985 habet
1291 3942 1340 3985 s.
1376 3924 1558 4004 Alph.
1602 3924 1708 3988 lib.
1752 3925 1812 3987 3.
1848 3944 1906 3987 n.
1945 3925 2092 3988 571.
2128 3925 2190 3988 in
2223 3925 2361 4002 fine,
2401 3924 2508 3989 ubi
2542 3945 2731 4010 agens
2764 3927 2837 3991 de
2869 3947 3158 4013 coopera-

688 4025 857 4089 tione
884 4023 961 4087 ad
986 4023 1225 4087 furtum
1242 4025 1572 4106 exprobrat
1595 4025 2119 4090 incohaerentiam
2145 4026 2426 4102 Milante,
2462 4029 2570 4110 qui
2602 4029 2932 4096 intrinsece
2957 4034 3156 4098 malas

690 4147 793 4192 eas
831 4127 1103 4190 actiones
1137 4145 1269 4190 esse
1301 4126 1483 4191 modo
1519 4128 1877 4203 affirmavit,
1913 4129 2096 4193 modo
2129 4130 2401 4212 negavit.

783 4257 815 4286 «
850 4230 978 4295 Nec
1026 4231 1194 4294 valet
1242 4229 1458 4307 dicere,
1510 4231 1602 4293 ait
1639 4250 1697 4293 n.
1736 4231 1863 4307 66„
1899 4230 2062 4313 quod
2111 4232 2425 4314 praefatae
2473 4234 2744 4300 actiones
2782 4237 2910 4303 sint
2942 4241 3158 4305 intrin-

690 4350 859 4396 secae
897 4333 1131 4406 malae3
1182 4333 1329 4414 quia
1378 4333 1790 4416 cooperantur
1838 4333 1915 4396 ad
1961 4335 2285 4415 peccatum
2318 4337 2521 4419 stupri
2549 4335 2734 4418 idque
2759 4340 3037 4418 probari
3080 4361 3155 4406 ea:

676 4453 859 4513 prop.
888 4434 1189 4497 dammta
1213 4436 1299 4516 (n.
1331 4436 1511 4517 263.)
1536 4436 1643 4499 ubi
1668 4436 1924 4499 dicitur:
1951 4440 2067 4498 aut
2087 4436 2243 4517 quid
2269 4438 2474 4501 ,ςὶφηιῖε
2497 4439 2898 4518 cooperando.
2929 4468 2964 4500 »
2996 4444 3055 4509 N
3058 4463 3156 4510 am

688 4536 1013 4618 respondet
1042 4536 1421 4602 concedendo
1449 4537 1698 4619 quidem
1724 4538 1787 4601 in
1813 4557 1984 4621 prop.
2013 4539 2309 4604 damnata
2341 4534 2415 4597 τὸ
2449 4542 2830 4622 cooperando
2851 4563 2975 4610 non
3007 4548 3155 4612 indi·
