3497 5147
712 317 822 373 262
930 330 1141 371 macr.
1169 331 1249 371 vr.
1276 328 1437 370 sno-r.
1465 330 1504 369 1.
1533 331 1618 369 Dm
1640 330 1832 371 ramo
1856 329 2074 371 vuaso.
2103 328 2434 369 vacuom.
2460 326 2592 370 cAP.
2624 329 2662 367 ι.
2692 328 2835 370 nun.
2861 329 2946 369 rv.
3026 314 3171 389 [360]

713 430 981 495 servant.
1030 428 1113 492 Et
1156 427 1426 491 breviter
1479 428 1889 491 communiter
1934 427 2084 491 haec
2131 426 2397 490 venialia
2443 424 2730 489 videntur
2775 427 3048 508 peccata,
3096 428 3169 490 ut

714 531 996 615 superius
1042 531 1115 594 de
1160 529 1646 594 divinationibus
1692 531 1756 593 et
1802 528 2083 613 auguriis
2129 530 2193 592 et
2238 527 2455 592 ceteris
2493 526 2728 591 dictum
2775 529 2888 605 est,
2922 527 3170 609 quando

715 633 1062 715 superfluus
1109 634 1204 697 est
1237 632 1424 697 timor
1456 633 1521 696 et
1559 631 2004 697 irrationabilis
2038 656 2099 695 ».

805 730 981 805 380.
1031 735 1192 799 Item
1238 734 1360 798 huc
1404 733 1731 817 pertinent,
1758 753 1915 815 quae
1961 733 2124 798 idem
2170 731 2506 797 Caietanus
2536 732 2796 797 adnotat
2830 733 2904 796 ad
2940 735 3002 797 4.
3052 736 3169 798 art.

714 838 906 902 eiusd.
940 838 1179 919 quaest.
1215 836 1321 900 96.
1362 860 1397 894 «
1429 836 1717 914 Adverte‚
1752 836 1912 918 quod
1951 837 2153 902 multa
2201 837 2606 902 observantur
2636 836 2702 900 in
2724 836 2843 909 his,
2877 856 3038 918 quae
3062 855 3170 918 pro

714 941 829 1004 Dei
874 940 1216 1004 reverentia
1264 941 1557 1023 aguntur,
1608 958 1766 1021 quae
1814 939 2245 1022 superstitiosa
2299 939 2599 1020 apparent
2645 941 2707 1002 et
2754 940 2964 1003 tamen
3011 938 3174 1003 fiunt

717 1044 779 1106 et
827 1042 1038 1106 dicunt
1084 1060 1149 1105 se
1180 1041 1474 1118 excusari,
1510 1041 1656 1123 quia
1701 1041 1933 1105 habent
1978 1042 2169 1105 talem
2201 1040 2612 1117 devotionem,
2647 1061 2705 1104 v.
2738 1061 2832 1125 gr.
2867 1042 3174 1123 patientes

714 1144 1166 1208 contractiones
1198 1163 1526 1208 nervorum
1550 1144 1861 1225 accipiunt
1891 1144 2161 1226 primum
2194 1143 2517 1219 carlinum,
2552 1143 2834 1208 oblatum
2867 1141 3171 1208 Crucifixo

718 1246 781 1309 in
828 1265 1172 1327 parasceve,
1222 1265 1364 1309 cum
1412 1245 1706 1310 adoratur
1754 1248 1817 1310 et
1862 1266 1934 1309 ex
1981 1265 2050 1309 eo
2098 1246 2172 1310 fit
2218 1245 2504 1321 annuluS,
2544 1245 2654 1327 qui
2689 1247 2971 1330 gestatus
3004 1246 3177 1310 valet

716 1352 931 1413 contra
960 1348 1137 1411 illam
1169 1349 1536 1431 passionem.
1574 1348 1824 1425 Dicunt,
1858 1348 2021 1429 quod
2059 1348 2290 1412 habent
2321 1348 2711 1413 devotionem
2745 1348 2822 1412 ad
2855 1350 2992 1425 hoc,
3027 1349 3177 1430 quia

718 1449 805 1514 sic
836 1450 1181 1514 didicerunt
1212 1452 1275 1514 et
1305 1451 1719 1533 experiuntur.
1754 1450 1887 1535 Ego
1921 1451 2122 1515 nescio
2157 1452 2270 1515 hos
2302 1470 2589 1515 excusare
2637 1470 2672 1515 a
2719 1452 3022 1529 vanitate,
3057 1452 3178 1516 nisi

719 1554 898 1636 putet
942 1553 1100 1635 quiS,
1150 1556 1433 1635 expertus
1479 1553 1765 1618 effectum
1802 1573 1873 1617 ex
1918 1553 2265 1629 devotione,
2313 1554 2476 1634 quod
2525 1554 2694 1618 Deus
2740 1554 2929 1618 alicui
2962 1558 3178 1619 sancto

717 1657 850 1721 viro
876 1657 993 1720 hoc
1014 1655 1428 1739 inspiraverit.
1463 1654 1638 1720 Sicut
1669 1655 1869 1731 hodie,
1904 1656 2051 1737 quia
2082 1654 2421 1741 Gregorius
2459 1657 2723 1740 triginta
2770 1655 2988 1721 diebus
3016 1658 3180 1722 orari

717 1758 865 1823 fecit
895 1778 1005 1842 pro
1044 1759 1352 1834 defunct0,
1400 1758 1628 1823 Missae
1674 1777 1930 1822 numero
1965 1758 2225 1843 triginta
2263 1758 2552 1822 dicuntur
2597 1778 2706 1842 pro
2738 1758 3031 1825 defuncto
3066 1762 3178 1843 (a).

715 1860 1021 1925 Videntur
1068 1880 1213 1945 ergo
1263 1861 1528 1943 simplici
1576 1861 1756 1925 corde
1804 1862 2034 1925 similia
2081 1861 2393 1926 credentes
2441 1863 2503 1925 et
2548 1860 2842 1926 facientes
2891 1882 2965 1927 ex
2998 1862 3178 1928 devo-

722 1963 888 2026 tione
929 1963 1283 2038 excusandi;
1319 1964 1465 2045 quia
1511 1983 1633 2027 non
1670 1966 1925 2046 peccant
1963 1964 2073 2027 aut
2099 1963 2421 2027 venialiter
2452 1964 2720 2043 tantum,
2755 1983 2828 2028 ex
2859 1984 2985 2046 quo
3019 1967 3182 2048 prin·

719 2064 933 2147 cipale,
968 2066 1121 2147 puta
1153 2065 1317 2147 quod
1350 2065 1558 2129 divina
1591 2066 1847 2130 assistat
1879 2066 2098 2143 virtuS,
2134 2067 2339 2148 potest
2377 2066 2696 2131 sustineri:
2729 2066 2878 2130 licet
2900 2068 3181 2132 nesciant

721 2166 910 2231 aliam
940 2166 1188 2231 reddere
1234 2168 1558 2244 rationem,
1608 2187 1799 2250 quare
1830 2169 1944 2231 has
1976 2167 2376 2244 conditiones,
2427 2187 2585 2249 quae
2630 2187 2827 2231 vanae
2860 2172 3028 2246 sunt,
3082 2171 3182 2233 ob-

720 2270 983 2343 servent,
1033 2269 1153 2333 nisi
1200 2269 1346 2352 quia
1392 2270 1480 2334 sic
1527 2272 1891 2352 acceperunt
1924 2290 1959 2334 a
1991 2270 2349 2334 maioribus.
2385 2269 2654 2334 Difficile
2692 2272 2788 2334 est
2825 2271 2992 2334 enim
3039 2291 3183 2337 con-

720 2372 945 2450 futare,
994 2373 1156 2455 quod
1218 2374 1529 2439 seniorum
1583 2374 1917 2439 traditione
1978 2377 2040 2439 et
2095 2374 2469 2439 auctoritate
2522 2374 2841 2438 firmatum
2890 2377 3182 2461 vulgares

724 2478 1105 2559 acceperunt.
1139 2476 1277 2541 Non
1303 2479 1450 2541 sunt
1475 2479 1681 2541 tamen
1706 2478 1856 2541 haec
1882 2477 2275 2555 extendenda,
2302 2477 2405 2542 sed
2430 2477 2759 2561 prudenter
2792 2478 3180 2551 declaranda,

720 2579 830 2643 ubi
873 2579 1113 2658 fructus
1157 2585 1467 2659 speratur,
1515 2600 1589 2643 ne
1636 2578 1942 2645 deteriora
1988 2581 2291 2644 eveniant.
2341 2580 2647 2645 Videntur
2693 2582 2855 2646 enim
2894 2583 3049 2647 haec
3097 2585 3184 2650 sic

721 2682 986 2765 simplici
1033 2681 1212 2746 corde
1244 2701 1313 2745 ex
1346 2681 1670 2746 devotione
1715 2680 1883 2746 facta
1929 2683 2108 2746 valde
2156 2683 2506 2767 imperfecte
2552 2685 3059 2767 superstitionem
3093 2707 3185 2751 sa-

722 2805 889 2869 pere3
939 2786 1101 2849 sicut
1144 2786 1533 2851 mendacium
1576 2785 1856 2850 iocosum
1894 2786 2320 2869 imperfectum
2359 2787 2453 2850 est
2483 2786 2547 2850 in
2594 2807 2814 2872 genere
2845 2791 3088 2871 peccati
3118 2791 3179 2854 in

725 2889 1072 2972 proximum
1108 2914 1168 2950 ».

811 2990 982 3055 Haec
1029 2991 1238 3054 autem
1301 2993 1520 3055 notata
1581 2992 1708 3055 sint
1755 3010 1864 3075 pro
1927 2991 2127 3073 praxi3
2186 2991 2331 3072 quia
2377 2992 2557 3056 iuvat
2618 2993 2826 3075 potius
2875 2993 3182 3060 instruere

725 3095 1000 3176 tempore
1046 3094 1412 3176 opportuno,
1461 3094 1705 3175 quando
1755 3095 2038 3175 speratur
2073 3092 2332 3173 fructus,
2367 3088 2554 3175 q'uam
2587 3095 2870 3160 absolute
2901 3096 2976 3160 de
3007 3099 3187 3182 gravi

725 3194 906 3276 culpa
938 3194 1248 3270 damnare,
1281 3213 1404 3258 non
1428 3195 1611 3260 modo
1637 3195 1944 3258 inutiliter
1967 3194 2070 3258 sed
2096 3195 2449 3277 perniciose,
2486 3197 2564 3261 ob
2588 3197 2948 3281 scrupulum
2972 3202 3185 3285 gravis

726 3297 980 3379 peccati,
1022 3296 1127 3378 qui
1157 3296 1452 3362 iniicitur.

833 3439 1000 3492 XXX.
1029 3441 1175 3505 Resp.
1206 3440 1251 3494 4.
1283 3442 1417 3493 Vana
1457 3438 1771 3492 observantia
1809 3439 2037 3504 cognosci
2077 3446 2264 3507 potest:
2302 3443 2342 3494 1.
2366 3455 2428 3495 ex
2466 3440 2806 3496 insufficientia
2845 3457 3028 3499 causae
3054 3445 3190 3500 adni-

725 3525 855 3580 hitae
893 3527 951 3578 ad
992 3529 1232 3587 effectum,
1258 3523 1300 3577 si
1326 3523 1551 3577 nimirum
1580 3538 1667 3578 nec
1693 3526 1870 3578 habeat
1896 3527 2165 3578 naturalem
2205 3524 2438 3579 virtutem
2465 3540 2554 3579 nec
2577 3528 2639 3580 de
2676 3529 3047 3593 supernaturali
3072 3530 3186 3595 legi-

723 3612 839 3666 time
877 3617 1097 3664 constet:
1128 3612 1175 3662 2.
1201 3624 1262 3663 ex
1300 3608 1610 3662 adiunctione
1651 3612 1798 3661 salsae.
1840 3613 1916 3662 vel
1956 3624 2111 3664 vanae
2148 3609 2557 3673 circumstantiae,
2588 3618 2639 3665 ut
2680 3611 2814 3664 verbi
2840 3612 2999 3677 gratia
3029 3614 3072 3667 si
3101 3618 3184 3669 na·

724 3695 920 3760 genutio
961 3695 1067 3749 fleri
1105 3697 1279 3747 debeat
1316 3701 1448 3747 certa
1492 3698 1631 3756 hora,
1674 3708 1894 3757 numero,
1938 3709 2081 3747 mann
2134 3698 2284 3758 flagro
2324 3694 2498 3757 serice,
2539 3694 2580 3747 si
2618 3694 2810 3748 nomina
2857 3697 3188 3752 adhibeantur

723 3779 887 3844 ignota
909 3781 988 3833 vel
1008 3784 1314 3833 characteres
1335 3778 1592 3846 peregrini.
1617 3782 1768 3832 verba
1795 3782 1911 3831 salsa
1937 3782 2011 3832 vel
2034 3784 2327 3845 apocrypha,
2353 3793 2400 3831 v.
2420 3794 2466 3843 g.
2489 3779 2741 3833 Christum
2763 3782 2997 3835 babuisse
3026 3786 3186 3837 febres

726 3868 806 3920 vel
836 3878 1081 3931 spasmum
1120 3870 1210 3917 etc.
1240 3866 1356 3917 item
1384 3863 1426 3916 si
1453 3871 1658 3929 ponatur
1686 3863 1760 3916 vis
1796 3862 1844 3916 in
1883 3866 2030 3916 modo
2068 3863 2326 3925 scribendi,
2354 3878 2401 3918 v.
2426 3878 2473 3928 g.
2502 3863 2821 3929 evangelium
2859 3881 2901 3919 s.
2930 3868 3126 3922 loannis
3161 3884 3186 3922 ι

728 3949 933 4015 virgine,
959 3947 1148 4003 oriente
1185 3952 1290 4003 sole
1329 3956 1420 4001 etc.
1463 3949 1511 4001 3.
1551 3947 1592 4000 si
1630 3950 1835 4001 effectus
1871 3947 2033 4002 statim
2073 3954 2333 4002 evanescat
2371 3957 2464 4003 etc.
2507 3949 2674 4004 Deli-io
2712 3952 2744 4003 Ι.
2775 3953 2822 4003 2.
2852 3967 2900 4017 q.
2932 3954 2983 4007 5.
3012 3957 3188 4009 Sancti.

727 4050 770 4089 c.
799 4036 882 4089 to.
911 4049 960 4087 n.
988 4034 1069 4086 43.

814 4158 989 4222 Nihil
1024 4154 1387 4220 addendum.

808 4435 873 4486 (a)
904 4433 975 4476 De
1001 4432 1100 4476 hac
1126 4444 1181 4476 re
1210 4431 1271 4475 of.
1302 4443 1432 4484 quae
1459 4430 1683 4474 dicemus
1711 4430 1812 4474 vol.
1844 4430 1904 4473 V.
1933 4431 1987 4474 de
2014 4429 2325 4485 Indulqentt’ie
2353 4430 2406 4474 in
2437 4430 2553 4476 fine.
2583 4432 2641 4476 E.
