3497 5147
737 337 811 393 ’ΖΟ
988 354 1199 395 mor.
1240 355 1295 394 v.
1333 354 1496 394 sacr.
1536 354 1575 393 1.
1615 354 1699 393 mr
1735 353 2114 394 paammrrrs
2150 353 2338 393 mour.
2380 352 2512 393 οΑΡ.
2552 354 2630 395 rv.
2669 353 2810 396 nun.
2849 354 2942 395 111.
3085 339 3200 416 [901

734 450 939 514 valide
984 450 1207 525 fuerat,
1256 449 1558 514 secundus
1606 450 1957 533 baptismus
2015 449 2478 515 conditionatus
2522 450 2769 515 nullum
2824 451 3012 517 habet
3058 452 3192 533 effer

737 553 910 616 ctum
947 554 1011 616 et
1039 554 1293 634 peccata
1336 552 1507 617 illius
1551 552 1834 635 indigent
1880 552 2004 617 alio
2050 552 2319 617 remedio
2367 572 2439 616 ac
2484 554 2802 635 praeterea
2850 572 3199 620 excommu-

736 655 981 719 nicatus
1049 654 1351 729 censetur,
1398 654 1459 717 si
1504 657 1710 718 tamen
1753 657 2015 718 noverat
2045 652 2206 718 lianc
2251 653 2574 719 Ecclesiae
2626 675 2915 734 poenam,
2964 660 3028 721 et
3067 657 3199 736 ipse

736 755 865 835 fuit
903 757 1063 821 satis
1097 756 1421 835 pertinax,
1470 760 1544 819 ut
1576 755 1836 820 eandem
1871 776 2140 835 poenam
2185 757 2550 821 incurreret.

829 859 1023 923 Porro
1068 878 1213 922 oum
1257 859 1605 941 baptismus
1649 860 1768 923 sub
1798 858 2148 924 conditione
2179 878 2302 924 non
2338 860 2711 937 conferatur,
2754 861 2875 925 nisi
2908 859 3198 939 prudens

735 963 826 1026 sit
867 961 1125 1024 dubium
1153 960 1227 1024 de
1256 961 1583 1026 valide’tate
1619 963 1864 1041 prioris
1910 962 2207 1041 baptismi
2223 983 2246 1037 ,·
2293 982 2441 1046 ergo
2488 962 2707 1028 itidem
2751 963 3014 1029 dubium
3059 984 3198 1046 pru-

737 1064 895 1128 dens
940 1066 1058 1141 est,
1092 1084 1169 1127 an
1202 1066 1454 1147 peccata
1490 1064 1918 1147 praecedentia
1963 1064 2299 1129 secundum
2345 1065 2729 1148 baptismum
2773 1066 2902 1129 sint
2930 1066 3196 1131 materia

736 1167 1049 1231 sufficiens
1095 1165 1481 1231 Sacramenti
1526 1167 1963 1249 poenitentiae.
2009 1167 2209 1249 Atqui
2254 1166 2584 1231 materiam
2629 1166 2885 1233 dubiam
2915 1167 3195 1235 confiteri

740 1288 864 1334 non
910 1271 1210 1348 tenemur.
1258 1268 1425 1352 Ergo
1472 1269 1718 1333 videtur
1754 1288 1877 1334 non
1908 1288 2085 1352 posse
2115 1269 2279 1353 exigi
2310 1288 2346 1333 a
2376 1269 2688 1352 neophyto
2726 1269 3036 1336 'confessio
3069 1289 3201 1353 peo-

736 1374 1023 1436 catorum
1068 1372 1254 1451 quasi
1298 1373 1673 1435 necessaria.

833 1471 952 1545 99.
1002 1474 1290 1539 Ceterum
1337 1475 1649 1540 contraria
1694 1475 1901 1557 praxis
1938 1474 2212 1539 exhibita
2258 1475 2354 1538 est
2399 1493 2437 1538 a
2472 1474 2650 1539 nobis
2680 1474 2746 1538 in
2778 1474 3044 1541 secunda
3075 1472 3201 1539 Gu-

738 1596 936 1662 ryana
982 1577 1249 1641 editione
1293 1579 1596 1660 tanquam
1641 1576 2015 1643 conformior
2058 1576 2475 1652 instructioni,
2523 1595 2714 1658 quam
2762 1577 2917 1642 alias
2949 1576 3199 1641 dederat

741 1700 789 1744 s.
825 1680 1027 1744 Officii
1057 1677 1496 1764 Congregatio,
1531 1679 1678 1743 dum
1712 1679 1990 1744 ordinem
2019 1679 2085 1743 in
2115 1678 2580 1743 reconciliandis
2617 1678 2784 1743 hisce
2816 1679 3051 1744 adultis
3080 1697 3200 1743 ser-

741 1782 1013 1847 vandum
1059 1781 1337 1846 docebat.
1387 1781 1557 1861 Quae
1602 1781 1852 1864 quidem
1888 1781 2219 1846 instructio
2252 1781 2348 1845 sin
2378 1781 2587 1846 minus
2617 1781 3048 1857 necessariam,
3080 1780 3198 1847 sal-

738 1888 866 1949 tem
915 1886 1506 1967 opportunissimam
1553 1885 1939 1966 supponebat
1986 1885 2453 1949 confessionem.
2502 1882 2603 1949 Sic
2643 1886 2748 1948 20.
2780 1884 2930 1949 Iulii
2970 1885 3192 1949 1859.:

743 2011 780 2046 ‹
810 1986 875 2051 Si
907 1988 1257 2070 baptismus
1289 1989 1373 2051 sit
1405 1988 1520 2051 sub
1566 1987 1919 2052 conditione
1961 1987 2303 2063 iterandus),
2337 1988 2455 2052 hoc
2489 1987 2701 2051 ordine
2744 1987 3194 2071 procedendum

742 2090 888 2154 erit:
920 2091 987 2153 1⁰
1010 2089 1321 2154 abiuratio
1347 2109 1456 2153 seu
1478 2089 1621 2152 fidei
1643 2088 1969 2171 professio:
1999 2092 2069 2151 2⁰
2092 2089 2441 2171 baptismus
2464 2089 2958 2155 conditionatus:
2980 2091 3052 2154 3⁰
3061 2109 3200 2155 con-

600 2244 614 2255 .
740 2192 925 2256 fessio
973 2191 1439 2255 sacramentalis
1484 2210 1627 2255 cum
1665 2190 2056 2255 absolutione
2099 2191 2525 2256 conditionata
2549 2217 2610 2256 ».
2644 2191 3067 2258 Veruntamen
3100 2182 3210 2256 ad-'

738 2294 1020 2371 debatur,
1059 2293 1225 2376 quod
1255 2294 1309 2357 si
1346 2294 1549 2376 reipsa
1586 2292 1924 2376 probabilis
1962 2296 2123 2358 esset
2169 2294 2293 2358 alia
2340 2294 2668 2370 sententia,
2716 2313 2875 2375 quae
2922 2294 3197 2377 alioquin

737 2397 1148 2461 consentanea
1194 2396 1390 2461 videri
1417 2397 1629 2479 potuit
1665 2396 1939 2480 generali
1969 2396 2269 2478 principio
2303 2396 2375 2460 de
2406 2415 2530 2460 non
2567 2396 2939 2479 imponenda
2969 2397 3197 2463 confes-

737 2500 928 2564 sionis
954 2499 1355 2584 obligatione,
1388 2497 1635 2581 quando
1658 2498 1981 2563 moraliter
2011 2498 2114 2582 (ut
2139 2499 2230 2563 ait
2260 2498 2679 2581 s.Alphonsus
2711 2499 2820 2563 lib.
2849 2500 2909 2564 6.
2934 2520 2997 2565 n.
3017 2501 3196 2583 505.)

737 2604 812 2668 de
856 2605 993 2686 ipsa
1029 2621 1152 2667 non
1188 2602 1471 2676 constat3
1521 2601 2036 2666 committendum
2082 2621 2203 2666 non
2240 2600 2480 2679 fuisset,
2516 2602 2590 2665 ut
2627 2602 2706 2667 ad
2750 2602 3193 2669 confessionem

738 2724 863 2769 non
911 2704 1318 2768 necessariam
1362 2703 1467 2767 ille
1513 2705 1860 2787 urgeretur,
1900 2703 2002 2766 cui
2038 2703 2174 2786 ipsa
2204 2706 2339 2768 tam
2368 2703 2524 2768 dura
2557 2707 2900 2786 appareret,
2935 2705 3009 2770 ut
3039 2705 3196 2770 forte

739 2806 1110 2870 difficultate
1141 2805 1344 2869 victus
1378 2825 1415 2870 a
1446 2805 1944 2870 reconciliatione
1974 2807 2306 2870 absterreri
2339 2808 2569 2889 posset.

830 2908 1010 2973 Nunc
1039 2927 1185 2974 vero
1224 2927 1335 2992 pro
1372 2909 1677 2973 sententia
1716 2909 2069 2973 affirmante
2115 2909 2564 2993 obligationem
2610 2910 2869 2975 accessit
2905 2929 2954 2975 s.
2988 2911 3200 2992 Inqui-

742 3012 986 3077 sitionis
1022 3013 1411 3095 Responsum
1448 3012 1548 3075 17.
1585 3012 1727 3075 Dec.
1769 3012 1958 3074 1868.
1994 3011 2089 3075 Ad
2121 3012 2525 3075 Postulatum
2556 3013 2720 3076 enim
2765 3014 3014 3077 nomine
3059 3014 3198 3097 Epi-

739 3133 1066 3198 scoporum
1112 3114 1376 3198 Angliae
1423 3115 1724 3177 oblatum.
1781 3112 1897 3176 An
1942 3113 2222 3177 debeat...
2279 3112 2584 3191 confessio
2630 3114 3112 3180 sacramentalis
3154 3136 3197 3178 a

735 3216 1161 3280 neoconversz's
1208 3217 1277 3278 in
1309 3215 1556 3297 Anyle'a
1593 3215 1765 3296 exiyi
1794 3219 1857 3277 et
1888 3235 1976 3278 an
2007 3214 2226 3279 debeat
2253 3234 2382 3279 esse
2413 3216 2713 3298 inteqra?
2752 3217 2827 3280 ad
2859 3219 3190 3301 utramque

736 3319 910 3384 dubii
956 3320 1198 3401 partem
1242 3335 1603 3398 responsum
1651 3320 1780 3380 est:
1831 3317 2238 3398 Affirnmtive
2284 3322 2347 3381 et
2389 3318 2669 3382 dandum
2713 3339 2842 3383 esse
2889 3319 3197 3384 decretam

737 3419 937 3490 latum
981 3421 1097 3486 sub
1142 3419 1293 3483 feria
1334 3418 1410 3482 V.
1444 3417 1541 3483 die
1580 3420 1682 3482 14.
1720 3419 1888 3484 Iunii
1924 3419 2115 3484 1715.

828 3524 1006 3604 Quod
1042 3523 1288 3606 quidem
1319 3542 1682 3605 responsum
1727 3542 1851 3587 non
1898 3525 2173 3605 spectare
2221 3526 2424 3590 solum
2473 3527 2548 3590 ad
2596 3526 2888 3609 specialia
2925 3527 3187 3612 Angliae

736 3628 1048 3703 adiuncta,
1081 3626 1308 3690 evincit
1346 3624 1709 3708 praecedens
1747 3644 2111 3708 responsum
2151 3628 2297 3692 anni
2324 3629 2516 3692 1715.
2543 3629 2945 3711 Propositum
2975 3647 3191 3712 nempe

735 3731 861 3795 fuit
884 3729 1185 3802 Dubiam,
1218 3749 1306 3792 an
1326 3727 1521 3806 plena
1551 3727 1711 3808 fides
1731 3730 1820 3790 sit
1838 3727 2196 3792 adhibenda
2227 3728 2451 3793 Garolo
2493 3731 2944 3811 Wfflermann
2972 3730 3049 3794 de
3071 3730 3204 3795 Ro-

735 3831 905 3898 stoek
924 3832 994 3895 in
1012 3829 1269 3895 Daeata
1284 3829 1739 3912 Mechlenbarq
1757 3831 2155 3910 praedicanti
2169 3836 2230 3894 et
2245 3831 2460 3896 lectori
2477 3830 2813 3915 theoloyiae
2838 3832 3203 3899 lutheranae

733 3935 1118 4017 quietisticae
1164 3933 1703 4013 superintendere&
1747 3936 1811 3995 et
1853 3933 2092 3996 doctori
2123 3935 2440 4014 primario
2485 3938 2685 3999 sectae
2726 3935 3200 4001 lutheranorum

735 4037 1192 4120 quietistarum,
1235 4033 1299 4099 S.
1334 4033 1525 4097 Fidei
1556 4033 1950 4097 reconciliato
1975 4037 2044 4097 in
2069 4033 2134 4100 S.
2163 4034 2232 4100 Ο.
2259 4034 2541 4100 Parmae
2573 4041 2636 4101 et
2667 4039 2838 4103 circa
2861 4038 3200 4106 nonnullos

735 4158 979 4203 errores
1015 4137 1277 4200 detectos
1307 4137 1378 4198 in
1409 4137 1543 4198 eius
1575 4135 1877 4215 baptismo
1891 4157 1914 4212 ,·
1936 4157 2023 4199 an
2060 4139 2186 4218 ips-i
2221 4138 2593 4204 credendum
2614 4142 2706 4204 sit
2722 4142 2891 4205 eirca
2920 4161 3015 4216 ea,
3042 4162 3198 4225 quae

735 4243 965 4307 narrat
986 4243 1048 4302 et
1075 4239 1382 4318 quatenus
1411 4236 1812 4316 affirmative,
1856 4242 1986 4302 tam
2016 4243 2090 4302 ut
2120 4240 2316 4320 zpsius
2349 4239 2566 4317 saluts,
2604 4246 2735 4307 tum
2763 4245 2954 4307 etiam
2998 4249 3072 4308 ut
3114 4265 3204 4309 ce-

736 4348 1010 4408 terorum
1045 4339 1224 4401 illias
1268 4341 1467 4400 sectae
1512 4359 1621 4401 seu
1666 4340 1962 4421 reqionefs,
1995 4344 2371 4422 praesertim
2415 4346 2476 4408 si
2516 4344 2762 4426 ficerint
2804 4347 3193 4429 iquorantes,

738 4443 935 4508 saluti
957 4441 1210 4520 pariter
1241 4439 1641 4504 consulat-ur.-

837 4543 1195 4626 Quaeritur,
1235 4563 1322 4606 an
1369 4542 1571 4608 dietus
1633 4543 2083 4625 szpermann
2128 4550 2218 4612 sit
2258 4550 2745 4631 rebaptizandus
2792 4555 2853 4615 et
2896 4557 3205 4635 quatenus
