3497 5147
721 378 825 434 178
897 392 1108 433 anaor.
1142 390 1194 429 v.
1223 386 1386 427 sacr.
1414 386 1502 427 111.
1528 385 1613 425 nm
1638 383 1962 425 mmm-ris
1988 381 2377 424 annuemus.
2406 378 2606 422 capm-
2633 377 2699 417 ιι.
2724 377 2867 418 mm.
2904 376 2959 416 v.
3032 360 3183 435 [240]

1814 612 1978 674 Dua.
2015 609 2088 672 V.

1708 753 1810 817 De
1858 752 2190 817 Scandalo.

1617 933 2155 996 ARTICULUS
2225 932 2273 994 I.

1360 1068 1546 1148 Quid,
1597 1065 1951 1148 quotuplecc‚
2000 1066 2184 1147 quale
2219 1070 2561 1145 peccatum.

829 1235 930 1286 LV.
959 1235 1106 1298 Resp.
1143 1235 1186 1284 Ι.
1212 1230 1505 1286 scandalum
1545 1226 1723 1282 dicitur
1752 1233 2003 1293 peccatum
2043 1224 2402 1280 occasionatum
2442 1234 2490 1280 et
2527 1233 2603 1280 cst
2638 1228 2849 1293 duplex:
2877 1224 3094 1280 activum
3133 1233 3181 1280 et

717 1316 985 1385 passivum.
1011 1313 1235 1368 Activum
1262 1321 1336 1367 est
1363 1313 1546 1366 dictum
1575 1314 1650 1364 vel
1687 1315 1860 1364 lactum
1887 1308 2007 1380 (quo
2033 1309 2225 1363 nomine
2264 1310 2409 1364 ctiam
2440 1311 2641 1364 omissio
2682 1310 2993 1379 intelligitur)
3023 1312 3179 1366 miuus

719 1407 923 1464 rectum,
946 1402 1184 1467 praebens
1209 1398 1350 1452 alteri
1371 1396 1677 1451 occasionem
1698 1394 1868 1448 ruinae
1889 1394 2265 1461 spiritualisEx
2293 1411 2333 1449 s.
2353 1399 2529 1451 Tbom.
2552 1400 2599 1449 2.
2624 1400 2671 1449 2.
2692 1412 2739 1463 q.
2761 1397 2843 1450 43.
2868 1411 2913 1450 a.
2944 1399 2985 1448 l.
3009 1398 3184 1450 Sancb.

721 1491 868 1547 Amr,
892 1487 1057 1548 Laym.
1078 1499 1121 1536 c.
1149 1485 1227 1536 t3.
1251 1485 1370 1536 Bon.
1386 1484 1434 1535 d.
1450 1485 1498 1535 2.
1521 1496 1568 1546 q.
1589 1481 1637 1532 ⁴.
1654 1495 1700 1546 p.
1725 1483 1773 1533 2.
1799 1479 1912 1532 Dixi
1931 1479 2121 1533 minus
2144 1483 2354 1534 rectum
2380 1483 2473 1534 boc
2488 1487 2580 1547 est,
2601 1482 2732 1546 quod
2754 1485 2832 1534 vel
2854 1480 2903 1534 in
2926 1496 2981 1535 se
3002 1485 3181 1536 malum

722 1570 802 1635 sit,
823 1576 875 1621 ut
896 1568 938 1622 si
959 1566 1176 1634 loquaris
1201 1567 1362 1633 turpia
1393 1581 1559 1619 coram
1589 1567 1918 1628 adolescente,
1944 1567 2021 1616 vel
2047 1563 2161 1617 mali
2187 1564 2398 1631 speciem
2419 1568 2612 1628 babeat,
2634 1565 2744 1620 atsi
2769 1566 2898 1619 iusta
2925 1568 2989 1619 de
3015 1580 3176 1626 eausa,

719 1669 886 1708 coram
924 1652 1034 1706 aliis
1070 1667 1177 1706 eam
1216 1650 1576 1716 ignorantibus,
1603 1650 1834 1702 comedas
1859 1663 2030 1701 carnes
2056 1648 2134 1701 die
2175 1648 2345 1701 vetito.
2375 1651 2665 1703 scandalum
2703 1649 2919 1704 activum
2946 1650 3080 1704 aliud
3107 1660 3179 1706 est

723 1753 809 1804 per
831 1753 883 1791 se
910 1739 1024 1799 lale,
1048 1737 1180 1791 aliud
1209 1752 1295 1803 per
1323 1735 1561 1789 accidens.
1588 1736 1678 1787 Per
1705 1748 1758 1785 se
1785 1732 1980 1796 dicitur,
2014 1735 2206 1798 quando
2234 1732 2418 1787 directe
2444 1732 2714 1788 intenditur
2741 1734 2944 1790 alterius
2971 1735 3113 1789 ruina
3138 1734 3184 1788 id

721 1828 812 1886 est,
843 1820 884 1874 si
923 1821 1036 1875 ideo
1077 1819 1255 1886 aliquid
1298 1824 1397 1880 nat,
1425 1827 1477 1872 ut
1504 1816 1682 1884 aliquis
1707 1819 1767 1870 ad
1797 1823 2048 1883 peccatum
2075 1816 2362 1870 inducatur:
2390 1832 2438 1870 v.
2464 1832 2535 1882 gr.
2564 1817 2605 1871 si
2633 1821 2825 1872 adulter
2854 1818 3069 1873 alienam
3098 1822 3189 1872 sol·

725 1906 875 1960 licitet
911 1908 972 1959 ad
1011 1904 1323 1959 adulterium.
1366 1907 1456 1957 Per
1495 1904 1720 1957 accidens
1758 1902 1952 1962 (licitur,
1992 1904 2187 1967 quando
2227 1902 2458 1956 indirecte
2498 1909 2546 1957 et
2598 1903 2969 1970 interpretative
3008 1912 3191 1959 tantum

720 1999 953 2044 causatur
978 1990 1181 2044 alterius
1208 1997 1485 2056 peccatum:
1518 1996 1570 2040 ut
1596 1988 1636 2040 si
1676 1986 1792 2052 quid
1831 1986 1995 2048 facias,
2023 1989 2153 2051 quod
2194 1986 2281 2040 tibi
2318 1986 2365 2039 in
2405 1994 2614 2042 mentem
2643 1988 2792 2050 venit,
2824 1997 2995 2056 aptum
3021 1999 3187 2043 natum

724 2089 836 2128 esse
875 2077 935 2128 ad
972 2075 1298 2128 inducendum
1336 2076 1547 2126 alterum
1577 2071 1656 2126 bic
1681 2080 1729 2124 et
1757 2087 1883 2125 nunc
1908 2073 1970 2123 ad
1999 2080 2248 2137 peccatum
2277 2081 2324 2125 et
2353 2072 2669 2127 nibilominus
2694 2074 2840 2127 tacis:
2868 2083 2923 2128 ut
2947 2074 2996 2127 si
3020 2089 3184 2129 eoram

731 2157 923 2227 pusillis
961 2171 1149 2225 pecces,
1177 2161 1255 2210 vel
1294 2156 1373 2209 die
1407 2156 1561 2210 vetito
1599 2170 1775 2210 carues
1803 2157 2048 2218 comedaS,
2080 2170 2174 2208 non
2201 2156 2425 2220 dicendo,
2448 2159 2581 2223 quod
2607 2161 2791 2212 babeas
2819 2158 3030 2212 veniam.
3058 2162 3189 2221 item.

738 2242 777 2296 si
803 2242 1008 2297 clericus
1033 2241 1166 2295 domi
1192 2257 1308 2295 suae
1333 2244 1431 2294 alat
1459 2238 1710 2294 mulierem
1740 2243 1922 2307 populo
1951 2247 2243 2306 suspectam,
2265 2248 2371 2294 esto
2400 2239 2525 2295 absit
2551 2257 2695 2296 omne
2726 2251 2983 2309 peccatum
3011 2251 3060 2297 et
3088 2259 3191 2310 pec-

734 2327 877 2380 candi
904 2325 1189 2393 periculum.
1218 2328 1282 2378 V.
1303 2326 1365 2379 Sa
1395 2341 1440 2377 v.
1466 2324 1727 2389 Clericus,
1750 2327 1918 2388 Laym.
1950 2326 2068 2377 Bon.
2091 2329 2118 2377 l.
2151 2340 2192 2377 c.
2217 2328 2506 2379 scandalum
2535 2326 2783 2395 passivum
2811 2335 2886 2380 est
2914 2327 3021 2394 ipsa
3055 2327 3193 2381 ruina

734 2412 841 2464 sive
879 2418 1150 2477 peccatum,
1175 2410 1226 2464 iu
1251 2413 1380 2476 quod
1420 2410 1601 2463 labitur
1640 2408 1910 2476 proximuS‚
1937 2423 1997 2461 ex
2026 2408 2283 2462 occasione
2311 2410 2509 2464 alterius
2535 2410 2653 2464 dicti
2679 2413 2759 2466 vel
2788 2411 2917 2464 lacti.
2944 2414 3093 2480 Quod
3124 2412 3193 2465 di·

732 2495 919 2549 viditur
945 2495 991 2549 in
1019 2498 1184 2548 datum
1212 2510 1299 2548 seu
1327 2493 1633 2561 pusillorum,
1661 2495 1792 2558 quod
1819 2493 1977 2546 oritur
2015 2508 2075 2547 ex
2104 2494 2269 2547 activo
2295 2502 2343 2548 et
2368 2494 2418 2548 in
2454 2502 2724 2561 acceptum,
2752 2499 2883 2561 quod
2909 2511 3008 2549 non
3034 2497 3192 2550 oritur

727 2598 790 2636 ex
829 2581 1009 2643 active,
1047 2584 1133 2635 sed
1173 2596 1235 2634 ex
1272 2580 1427 2645 ipsius
1465 2578 1702 2633 sumentis
1740 2578 1946 2632 rualitia:
1974 2582 2118 2644 quale
2156 2586 2262 2634 erat
2297 2582 2464 2635 odium
2504 2589 2551 2635 et
2589 2581 2770 2635 invidia
2818 2582 3193 2637 Pharisaeorum

729 2666 780 2719 in
806 2665 1074 2725 Christum,
1100 2664 1358 2717 occasione
1395 2662 1502 2717 eius
1534 2663 1778 2717 dictorum
1820 2667 1895 2716 vel
1939 2667 2200 2718 tactorum:
2234 2667 2362 2718 unde
2392 2670 2486 2719 boc
2522 2663 2705 2720 dicitur
2744 2666 3094 2734 pharisaicum.
3125 2672 3192 2723 Ex

735 2751 810 2804 bis
848 2758 1014 2820 patet:

839 2838 884 2888 l.
916 2836 986 2889 Ad
1027 2837 1306 2889 scandalum
1334 2833 1548 2888 activum
1580 2849 1673 2887 non
1712 2833 1911 2900 requiri,
1942 2841 1995 2888 ut
2033 2836 2093 2888 ‹le
2132 2839 2258 2888 lacto
2299 2834 2546 2901 passivum
2574 2843 2932 2905 consequatur3
2959 2839 3049 2891 scd
3077 2837 3192 2892 satis

730 2935 856 2983 esse,
881 2922 1014 2986 quod
1052 2923 1163 2974 data
1201 2919 1265 2973 sit
1304 2918 1514 2981 occasio,
1543 2934 1604 2973 ex
1633 2934 1726 2984 qua
1757 2926 1927 2973 natura
1962 2934 2050 2973 sua
2092 2921 2229 2985 sequi
2257 2920 2435 2985 possit:
2465 2929 2517 2975 ut
2543 2921 2584 2974 si
2613 2936 2757 2987 quem
2796 2921 3035 2976 inducere
3076 2923 3194 2976 velis

725 3008 787 3058 ad
827 3011 1096 3072 peccatum,
1127 3003 1208 3070 qui
1247 3012 1408 3057 tamen
1448 3019 1543 3057 non
1571 3005 1874 3071 consentiat3
1899 3005 2027 3058 sicut
2063 3005 2209 3059 etiam
2248 3013 2429 3068 contra,
2456 3006 2705 3073 passivum
2744 3014 2907 3074 potest
2943 3008 3054 3062 dari
3092 3008 3194 3062 aine

726 3090 908 3144 activo.
936 3093 1104 3155 Laym.
1134 3088 1255 3142 ibid.

837 3180 885 3228 2.
915 3176 1205 3228 scandalum
1238 3173 1487 3241 passivum
1528 3190 1622 3227 non
1661 3189 1771 3228 esse
1810 3172 2019 3240 speciale
2057 3181 2310 3241 peccatum
2350 3190 2504 3242 neque
2542 3177 2724 3231 addere
2771 3177 3193 3232 circumstantiam

735 3267 1112 3325 aggravantem;
1152 3274 1199 3312 V.
1239 3273 1310 3324 gr.
1352 3258 1434 3324 qui
1473 3257 1581 3311 viso
1620 3257 1822 3312 alterius
1869 3262 2012 3320 tutte,
2052 3258 2196 3311 etiam
2237 3263 2441 3325 iuratur,
2482 3275 2575 3313 non
2614 3260 2727 3313 ideo
2768 3268 2937 3329 peccat
2976 3261 3190 3326 gravius.

733 3346 902 3408 Laym.
930 3343 1052 3397 ibid.

837 3432 885 3482 3.
917 3431 1021 3483 Non
1059 3443 1250 3495 semper
1285 3443 1396 3482 esse
1435 3429 1734 3489 scandalum,
1762 3427 1804 3480 si
1842 3442 2015 3494 pecces
2051 3442 2217 3481 coram
2257 3428 2383 3492 aliis,
2409 3430 2494 3482 sed
2532 3436 2718 3483 tantum
2758 3434 2972 3495 quando.
3002 3432 3197 3485 attentis

727 3514 1106 3567 circumstantiis
1144 3521 1240 3567 tam
1284 3528 1521 3578 personae
1564 3512 1766 3577 agentis,
1800 3528 1942 3578 quam
1981 3527 2147 3566 coram
2186 3514 2365 3579 quibus
2403 3516 2455 3566 nt
2494 3520 2647 3575 actus
2683 3522 2846 3580 potest
2873 3516 3198 3581 probabiliter

728 3599 905 3661 timeri,
932 3615 990 3654 ne
1021 3614 1108 3667 per
1133 3603 1263 3653 bunc
1289 3604 1453 3652 actum
1483 3601 1735 3652 trabuntur
1761 3599 1821 3651 ad
1851 3605 2117 3665 peccatum,
2145 3597 2228 3664 qui
2265 3597 2388 3651 alias
2414 3597 2664 3664 peccaturi
2690 3613 2786 3651 non
2809 3607 2992 3652 essent.
3021 3604 3198 3653 Sancti.

729 3688 896 3750 Laym.
926 3687 957 3739 l.
989 3689 1037 3738 2.
1067 3693 1100 3739 t.
1132 3687 1178 3738 3.
1206 3699 1249 3737 c.
1285 3685 1360 3736 13.

839 3770 886 3821 4.
906 3771 1058 3823 Omne
1085 3771 1369 3823 scandalum
1397 3768 1610 3823 activum
1640 3767 1825 3822 directe
1850 3766 2105 3821 intendens
2127 3765 2317 3820 ruinam
2338 3764 2549 3833 proximi
2569 3781 2678 3821 esse
2698 3766 2912 3835 speciale
2940 3774 3195 3835 peccatum

733 3859 897 3906 contra
938 3853 1207 3914 caritatem.
1238 3859 1288 3905 ut
1327 3856 1476 3907 babet
1512 3851 1783 3907 communis
1827 3852 2082 3905 sententia.
2122 3855 2194 3904 Au
2241 3866 2358 3904 vero
2396 3851 2524 3905 idem
2571 3851 2649 3914 sit,
2688 3853 2882 3917 quando
2927 3852 3206 3907 intenditur

732 3937 991 3999 indirecte,
1021 3944 1394 3990 controvertunt
1421 3935 1712 3991 scholastici
1751 3943 1800 3990 et
1838 3950 2004 4002 parum
2044 3939 2189 3987 refert
2228 3936 2288 3986 ad
2329 3934 2536 4000 praxim.
2564 3938 2740 3990 Sanclt.
2776 3938 2806 3988 l.
2834 3937 2883 3988 7.
2909 3951 2955 3991 c.
2983 3939 3033 3989 6.
3062 3946 3111 3991 et
3151 3940 3205 3993 9.

733 4028 882 4083 Azor,
917 4024 958 4074 l.
988 4037 1034 4088 p.
1061 4024 1095 4075 l.
1124 4022 1173 4074 4.
1201 4036 1242 4074 c.
1270 4023 1321 4074 7.
1352 4025 1471 4074 Bon.
1498 4025 1529 4074 l.
1556 4038 1599 4074 c.

818 4143 1004 4218 240.
1055 4147 1216 4227 Quid
1248 4147 1331 4210 sit
1363 4148 1722 4211 scandalum
1756 4145 1942 4209 habes
1977 4164 2048 4208 ex
2080 4142 2304 4208 Suarez
2338 4144 2413 4209 cle
2453 4145 2632 4211 Gens.
2667 4147 2824 4230 disp.
2859 4148 2919 4212 6.
2962 4152 3110 4214 sect.
3139 4152 3209 4215 3.

729 4272 788 4313 n.
829 4253 952 4315 19.:
986 4275 1022 4309 «
1053 4250 1407 4315 Adverbunt
1431 4252 1593 4325 DD..
1630 4249 1875 4330 quoties
1908 4248 1981 4312 de
2013 4248 2377 4313 necessitate
2402 4250 2640 4314 vitandi
2672 4251 2949 4316 scandali
2985 4253 3214 4337 agitur

717 4353 976 4431 proprie
1012 4358 1074 4415 et
1124 4353 1194 4415 in
1247 4352 1455 4432 riqore
1514 4349 1846 4431 theoloyico
1895 4369 2024 4413 esse
2063 4349 2483 4432 accipiendum
2531 4371 2643 4434 pro
2688 4353 3006 4418 occasione
3045 4374 3218 4436 quae

730 4453 871 4517 aliis
922 4454 1110 4518 datur
1162 4452 1597 4518 committendi
1644 4452 1897 4534 aliquod
1946 4455 2287 4535 peceatum,
2337 4454 2465 4518 sive
2510 4454 2668 4518 illud
2714 4454 2799 4519 sit
2846 4455 2910 4520 in
2959 4457 3221 4524 actione

722 4557 933 4631 simili,
981 4557 1165 4639 quale
1214 4556 1375 4620 esset
1428 4575 1484 4620 v.
1520 4575 1612 4640 gr.
1663 4555 1716 4619 si
1764 4555 1873 4619 alii
1918 4555 2354 4620 inducerentur
2400 4556 2477 4620 ad
2525 4557 2886 4637 misterium,
2921 4560 3074 4625 dum
3112 4562 3227 4626 in-
