3497 5147
327 372 457 449 [200]
943 388 1028 429 nn
1065 389 1493 431 annexosnu.
1534 390 1685 438 Qum
1723 390 2132 433 sernas-nunu
2666 375 2770 430 149

409 511 439 544 «
461 484 671 549 Tertio
698 504 841 549 cum
866 487 1006 568 quis
1037 487 1111 553 de
1136 488 1447 571 superfluo
1472 489 1800 569 utriusque
1823 488 2211 552 necessitatis
2243 489 2505 552 naturae
2536 487 2773 551 scilicet

324 591 381 653 et
407 605 694 671 personae
727 606 849 652 non
882 590 1173 654 subvenit
1210 609 1471 674 magnas
1508 591 1907 654 necessitates
1939 593 2002 654 et
2053 590 2333 654 miserias
2365 589 2773 672 patientibus,

324 690 428 755 etsi
455 708 574 754 non
615 691 940 769 extremae,
975 692 1093 756 sibi
1131 695 1341 757 notas:
1376 695 1440 756 et
1485 693 1602 756 hoc
1632 691 1882 756 videtur
1912 710 2042 755 esse
2076 690 2342 755 mortale
2374 710 2491 755 sec.
2537 691 2776 755 Duran-

325 795 473 870 dum,
507 794 613 858 sed
643 812 766 858 non
799 813 916 859 sec.
952 795 1260 860 Thomam
1293 822 1354 858 ».
1387 796 1524 861 Hoc
1567 795 1729 861 forte
1768 795 1981 859 referri
2029 797 2238 878 potest
2270 795 2346 858 ad
2397 796 2773 859 sententiam

325 917 369 960 s.
406 896 673 961 Thomae
705 915 840 978 sup.
875 917 932 960 n.
973 897 1142 976 199„
1183 898 1291 962 ubi
1337 897 1506 974 dicit,
1548 899 1720 962 extra
1768 916 1982 960 casum
2029 898 2338 961 extremae
2387 897 2772 962 necessitatis

326 999 572 1062 liberum
616 1016 749 1062 esse
786 1000 859 1062 ut
904 998 1292 1084 eleemosyna
1322 1000 1522 1077 detur,
1557 1002 1744 1084 prout
1791 999 1993 1083 magis
2042 1001 2466 1082 opportunum
2506 999 2769 1077 videtur,

324 1101 541 1166 scilicet
581 1102 693 1164 aut
725 1100 960 1183 petenti
993 1104 1105 1166 aut
1142 1102 1270 1178 alii,
1305 1120 1416 1185 pro
1448 1102 1674 1166 lubitu.

345 1201 355 1212 ‘
410 1228 442 1261 «
470 1202 707 1282 Quarto
756 1202 901 1267 dare
948 1203 1401 1289 eleemosynam
1448 1203 1522 1268 de
1568 1204 1912 1269 necessario
1963 1206 2242 1282 naturae,
2278 1203 2514 1268 scilicet
2544 1204 2662 1268 sibi
2708 1207 2773 1269 et

325 1304 601 1382 familiae,
650 1306 812 1369 esset
857 1309 1220 1388 peccatum;
1269 1307 1426 1388 quia
1465 1309 1681 1371 contra
1728 1307 2075 1383 caritatem,
2127 1325 2243 1370 sec.
2285 1307 2610 1383 Thomam,
2663 1307 2771 1370 Ri-

325 1407 605 1472 chardum
638 1408 702 1471 et
734 1408 1134 1473 Durandum:
1168 1411 1231 1473 et
1275 1409 1393 1473 hoc
1437 1408 1577 1487 nisi,
1611 1410 1687 1473 ut
1730 1408 1883 1473 dicit
1920 1408 2193 1472 Thomas
2233 1409 2293 1471 2.
2331 1409 2391 1470 2.
2426 1428 2485 1490 q.
2522 1409 2627 1471 32.
2663 1409 2770 1474 ubi

321 1529 512 1592 supra,
570 1509 710 1591 quis
756 1509 934 1575 daret
977 1529 1274 1594 personae
1335 1511 1541 1588 alicui,
1591 1511 1738 1593 quia
1803 1509 2152 1574 considerat
2214 1509 2532 1574 utiliorem
2594 1510 2769 1574 illam

318 1612 677 1696 reipublicae
722 1611 820 1676 vel
867 1612 1193 1690 Ecclesiae,
1230 1632 1420 1694 quam
1467 1631 1531 1676 se
1577 1614 1640 1676 et
1686 1612 1992 1676 familiam
2040 1614 2104 1676 et
2148 1611 2285 1675 ideo
2334 1612 2604 1693 praefert
2632 1631 2771 1676 con·

317 1713 720 1778 servationem
751 1713 918 1778 vitae
958 1713 1129 1779 illius
1177 1732 1345 1792 suae,
1385 1713 1800 1778 subveniendo
1849 1713 1905 1777 ei
1952 1713 2024 1778 de
2070 1713 2412 1777 necessario
2460 1713 2655 1776 vitae:
2691 1713 2768 1777 ad

317 1815 473 1896 quod
515 1817 723 1879 tamen
754 1833 876 1880 non
921 1816 1170 1880 tenetur
1215 1835 1287 1880 ex
1334 1817 1679 1898 praecepto,
1714 1815 1821 1879 sed
1866 1815 2134 1898 pertinet
2181 1814 2259 1878 ad
2305 1834 2602 1899 magnam
2632 1835 2770 1898 per-

319 1917 654 1982 fectionem.
707 1917 1134 1983 Laudabiliter
1180 1919 1345 1983 enim
1391 1918 1531 2001 quis
1576 1918 1756 1982 daret
1800 1918 2256 2003 eleemosynam
2302 1918 2377 1983 de
2425 1919 2767 1983 necessario

317 2038 604 2102 personae
632 2019 1073 2104 indigentibuS,
1099 2021 1216 2085 etsi
1247 2040 1369 2085 non
1401 2023 1689 2098 extreme,
1716 2040 1861 2085 cum
1893 2021 2081 2085 vellet
2109 2021 2474 2105 religionem
2505 2021 2765 2105 ingredi,

312 2121 403 2185 vel
446 2122 507 2185 in
573 2124 870 2204 promptu
917 2142 1024 2205 per
1084 2123 1459 2188 industriam
1505 2127 1715 2207 posset
1776 2124 1894 2188 sibi
1940 2124 2065 2188 cito
2114 2142 2227 2188 suo
2291 2123 2529 2188 decenti
2591 2127 2766 2189 statu

307 2225 640 2308 providere,
682 2244 798 2290 sec.
833 2244 882 2290 s.
917 2227 1224 2292 Thomam
1255 2228 1363 2291 ubi
1393 2247 1580 2310 supra
1614 2255 1674 2292 ».
1710 2225 1803 2292 Cf.
1845 2230 1976 2292 not.
2018 2228 2095 2292 ad
2134 2228 2493 2293 secundum.

389 2326 604 2408 Quoad
623 2328 1053 2411 probationem
1069 2330 1255 2395 huius
1272 2329 1545 2394 eiusdem
1561 2331 1897 2402 doctrinae,
1909 2349 2069 2411 quae
2083 2330 2355 2394 sumitur
2371 2349 2443 2394 ex
2464 2331 2494 2393 1
2506 2332 2565 2393 2.
2578 2330 2760 2412 Prop.

301 2428 589 2496 damnata
625 2431 707 2496 ab
738 2432 1095 2496 Innocentio
1133 2431 1244 2496 XI.
1277 2452 1336 2496 n.
1382 2433 1527 2496 123.
1566 2432 1835 2510 notabis,
1872 2450 2031 2514 quae
2066 2433 2431 2514 sequuntur.

386 2531 706 2614 Quaestio,
734 2553 813 2599 an
837 2534 1140 2599 seculares
1165 2534 1435 2599 habeant
1458 2533 1769 2618 superflua
1794 2553 1916 2598 non
1941 2534 2124 2600 modo
2149 2535 2411 2599 naturae
2434 2534 2536 2599 sed
2571 2535 2763 2599 etiam

298 2638 505 2715 stauai,
546 2640 695 2702 orta
724 2639 821 2702 est
851 2656 922 2701 ex
956 2637 1326 2711 discrimine,
1361 2636 1525 2719 quod
1564 2636 1846 2701 doctores
1880 2655 2090 2702 omnes
2122 2637 2403 2701 fatentur
2440 2655 2571 2701 esse
2600 2637 2762 2701 inter

300 2739 599 2803 seculares
627 2738 912 2804 homines
936 2741 1000 2803 et
1022 2738 1274 2803 clericos
1297 2739 1712 2812 beneficiatos,
1729 2758 1967 2821 nempe,
1982 2741 2056 2803 ut
2080 2740 2171 2803 ait
2182 2739 2344 2802 Viva
2368 2739 2430 2803 in
2454 2740 2639 2822 Prop.
2656 2741 2758 2803 12.

302 2837 502 2904 Innoc.
536 2841 657 2905 XI.
694 2861 752 2904 n.
782 2841 921 2919 “11.,
956 2839 1120 2922 quod
1152 2840 1499 2905 beneficiati
1546 2841 1751 2905 elerici
1783 2841 2006 2905 debent
2052 2842 2116 2904 in
2147 2841 2283 2924 pios
2322 2860 2471 2906 usus
2504 2860 2759 2925 erogare

293 2939 592 3023 quidquid
625 2943 913 3024 superest
956 2959 1265 3025 congruae
1303 2941 1746 3006 sustentationi
1783 2941 2092 3025 (intellige
2129 2942 2202 3006 de
2240 2941 2545 3007 fructibus
2584 2943 2761 3006 bene-

293 3041 438 3127 ficii)
456 3048 654 3128 atque
681 3045 832 3109 adeo
855 3044 1206 3129 graviorem
1233 3045 1462 3108 habent
1486 3045 1932 3129 obligationem
1954 3045 2353 3110 subveniendi
2385 3046 2759 3128 pauperibus

287 3164 357 3211 ex
409 3148 766 3231 superflum
800 3148 1105 3212 seculares
1152 3166 1296 3212 vero
1344 3151 1604 3231 possunt
1658 3148 1731 3211 de
1786 3148 2096 3231 superfluo
2156 3150 2361 3213 status
2416 3149 2757 3231 plurimum

288 3267 531 3315 servare
565 3251 649 3315 ad
686 3249 973 3315 altiorem
1003 3252 1244 3315 statum
1276 3250 1735 3332 acquirendum.

375 3348 561 3422 2⁰0.
597 3352 838 3417 Exinde
863 3355 1000 3417 orta
1022 3353 1463 3430 controversia,
1504 3372 1694 3434 quam
1725 3353 1929 3418 Diana
1969 3355 2121 3418 tom.
2148 3354 2209 3417 4.
2238 3356 2316 3418 tr.
2348 3355 2405 3417 7.
2432 3355 2613 3419 resol.
2652 3356 2754 3419 14.

286 3453 371 3517 sio
416 3456 756 3538 proponit:
800 3480 835 3514 «ε
864 3456 961 3520 An
1009 3475 1147 3538 spes
1195 3455 1556 3520 ascendendi
1603 3456 1680 3519 ad
1727 3457 2109 3539 superiorem
2140 3457 2381 3520 statum
2411 3456 2632 3522 liberet
2679 3459 2757 3521 ab

286 3573 464 3622 onere
497 3557 849 3642 elargiendi
886 3558 1338 3642 eleemosynam
1369 3557 1443 3622 de
1475 3558 1802 3640 superfluis
1834 3583 1895 3622 ».

311 3706 500 3715 ——-‚.

281 3812 332 3850 et
355 3812 564 3864 negotia
595 3810 937 3854 occurrentia.
968 3807 1157 3853 Nullus
1185 3810 1321 3854 enim
1349 3810 1769 3853 inconvenienter
1798 3811 1969 3853 vivere
1989 3810 2151 3855 debet.
2174 3810 2270 3855 Sed
2290 3811 2355 3855 ab
2382 3811 2474 3856 hoe
2502 3814 2604 3858 tria
2633 3820 2755 3859 sunt

280 3876 596 3931 excipienda.
629 3876 861 3927 Quorum
889 3876 1109 3931 primum
1139 3882 1217 3921 est
1244 3877 1448 3931 quando
1475 3877 1665 3931 aliquis
1690 3883 1887 3920 statum
1909 3881 2092 3930 mutet,
2122 3881 2251 3933 puts
2276 3892 2368 3933 per
2393 3880 2653 3938 religionis
2681 3883 2754 3927 in·

273 3955 529 3998 gru-unu
554 3950 693 3987 tune
720 3944 855 3987 enim
873 3945 1044 3987 omnia
1061 3957 1155 3987 sua
1172 3949 1376 3998 propter
1405 3943 1665 3988 Christum
1700 3945 1921 3999 largiens
1949 3958 2073 3998 opus
2101 3944 2425 3999 perfectionis
2456 3947 2596 4001 facit,
2625 3963 2676 3993 se
2700 3951 2753 3994 in

276 4009 375 4054 alio
399 4016 550 4055 statu
591 4012 847 4066 ponende.
884 4011 1130 4064 Secundo,
1172 4012 1376 4065 quando
1412 4024 1488 4064 ea,
1515 4024 1645 4065 quae
1682 4011 1779 4055 sibi
1806 4012 2083 4065 subtrahit,
2123 4012 2217 4055 etsi
2246 4014 2351 4056 sint
2378 4016 2660 4059 necessaria
2687 4017 2752 4060 ad

275 4080 702 4123 convenientiam
729 4078 884 4132 vitae,
913 4083 1086 4122 tamen
1115 4078 1175 4123 de
1205 4078 1345 4121 facili
1370 4078 1605 4121 resarciri
1624 4084 1851 4133 possunt,
1883 4084 1942 4120 ut
1971 4091 2072 4121 non
2100 4082 2345 4132 sequntur
2373 4082 2651 4125 maximum
2680 4083 2753 4125 in-

271 4148 601 4189 conveniens.
624 4145 815 4199 Tertio,
834 4145 1038 4200 quando
1057 4150 1344 4189 occurreret
1363 4145 1590 4188 extrema
1609 4145 1883 4188 necessitas
1901 4143 2121 4188 alicuius
2139 4146 2372 4200 privatae
2399 4160 2640 4200 personae
2671 4150 2752 4192 vel

271 4211 426 4253 etism
454 4212 645 4267 aliqua
677 4223 866 4266 magna
893 4212 1164 4257 necessitas
1183 4210 1508 4265 reipublicae.
1521 4210 1583 4253 In
1603 4210 1682 4253 his
1711 4210 1849 4252 enim
1867 4210 2065 4254 ossibus
2086 4210 2417 4254 landabiliter
2438 4215 2755 4266 praetermit-

272 4282 402 4325 teret
426 4283 632 4336 aliquis
663 4279 737 4334 id,
764 4281 899 4335 qnod
925 4280 992 4325 nd
1018 4281 1304 4325 decentiam
1329 4280 1410 4323 sui
1436 4284 1603 4323 status
1631 4280 1891 4333 pertinere
1919 4279 2139 4333 videtur,
2169 4286 2231 4322 ut
2261 4281 2441 4324 maiori
2459 4282 2754 4326 necessitati

270 4347 570 4392 subveniret
595 4366 639 4392 ν.
674 4347 772 4390 Sed
801 4361 841 4391 s.
864 4349 1154 4391 Antoninus
1183 4360 1280 4389 non
1314 4346 1518 4389 videtur
1547 4350 1854 4400 assequutus
1882 4350 2103 4389 mentem
2133 4359 2172 4388 s.
2195 4346 2426 4391 Thomae.
2457 4347 2589 4390 Nam
2618 4350 2751 4402 qnod

272 4412 325 4456 in
355 4414 457 4457 fine
486 4415 622 4459 dicit
653 4414 959 4458 laudabiliter
987 4413 1111 4466 fleri,
1140 4415 1213 4457 sic
1242 4414 1486 4467 loquitur,
1516 4417 1575 4456 ut
1602 4413 1840 4457 ostendat
1867 4424 1969 4455 non
2000 4425 2104 4455 esse
2133 4414 2483 4463 inm-dinatum,-
2512 4414 2622 4457 ideo
2649 4428 2750 4458 non

272 4485 441 4537 tangit
457 4483 578 4526 heic
608 4481 982 4537 quaestionem,
1000 4493 1068 4523 nn
1099 4481 1167 4524 sit
1194 4481 1258 4524 de
1276 4484 1542 4534 praecepto
1560 4493 1747 4523 necne:
1779 4492 1882 4533 qun
1910 4479 1972 4522 de
1992 4492 2046 4522 re
2073 4479 2137 4523 cf.
2158 4492 2269 4533 sup.
2291 4493 2341 4522 n.
2366 4480 2461 4524 198.
2485 4480 2579 4524 199.
2609 4480 2751 4530 Quod

271 4560 387 4591 vero
405 4550 472 4592 ab
493 4549 656 4592 initio
674 4546 805 4590 dicit
822 4558 912 4591 me
937 4548 991 4590 de
1019 4546 1220 4591 coneilio.
1246 4546 1478 4602 intellige
1498 4558 1559 4589 ex
1573 4549 1711 4599 parte
1739 4547 1915 4588 dantis.
1940 4544 2053 4587 vid.
2075 4558 2185 4599 sup.
2206 4549 2385 4589 notata
2406 4559 2456 4589 n.
2479 4548 2557 4588 110
2583 4552 2634 4589 et
2654 4549 2748 4589 111.

272 4626 334 4658 ex
360 4616 557 4660 Snnrez
589 4621 647 4659 et
671 4612 933 4657 Valentia.
