3497 5147
328 333 477 411 [442]
931 349 1138 391 nunus
1177 351 1257 389 AB
1296 349 1614 398 oasa-Qum.
1652 350 1768 390 aas
1806 349 2190 393 sprarruams
2684 336 2789 392 331

332 449 589 529 tequam
621 446 811 512 alicui
848 447 1207 528 acquiratur
1250 447 1351 510 ius
1386 447 1453 511 in
1480 448 1859 531 Episcopatu
1907 448 2006 512 vel
2051 467 2439 530 quacumque
2486 447 2792 531 dignitate

334 549 436 614 vel
477 549 845 632 praebenda,
893 568 1000 632 per
1045 549 1425 626 electionem,
1461 550 1894 632 provisionem,
1945 569 2053 614 seu
2100 551 2550 628 collactionem,
2599 552 2790 614 simo-

331 652 581 717 niacum
612 653 777 716 esset
808 652 1270 720 adversantium
1317 652 1638 716 obstacula
1684 653 1943 735 pecunia
1989 654 2314 730 redimere3
2353 655 2443 716 sic
2477 654 2644 716 enim
2676 673 2798 731 per

324 755 659 835 pecuniam
675 758 948 833 pararet
980 754 1106 818 sibi
1134 755 1303 817 viam
1330 753 1420 817 ad
1444 775 1579 818 rem
1607 754 2001 834 slnrz'tualem
2031 755 2447 820 obtinemlam.
2483 755 2600 819 Sed
2631 755 2798 837 post-

334 875 525 939 quam
561 856 661 920 ius
694 857 881 921 alicui
912 857 1039 921 iam
1078 857 1454 938 acquisitum
1485 858 1599 935 est,
1633 858 1780 922 licet
1826 878 1932 941 per
1979 859 2303 941 pecuniam
2340 858 2573 923 iniusta
2607 859 2794 940 impe-

335 958 614 1026 dimenta
645 978 960 1024 removere
992 984 1053 1022 ».

428 1060 546 1126 Sed
595 1063 663 1123 1ο
694 1079 742 1124 s.
778 1060 1050 1125 Thomas
1087 1080 1209 1125 non
1254 1063 1542 1146 exprimit
1588 1083 1803 1128 casum
1849 1065 2132 1127 nostrum
2181 1066 2244 1129 et
2281 1066 2444 1128 recte
2493 1063 2627 1127 eius
2665 1081 2804 1127 sen-

335 1163 538 1230 tentia
581 1162 924 1245 explicatur
970 1164 1042 1227 de
1090 1184 1181 1241 eo,
1231 1166 1340 1246 qui
1385 1165 1495 1230 dat
1540 1167 1850 1248 pecunia8‚
1899 1187 1974 1230 ne
2021 1167 2180 1231 alter
2239 1168 2583 1232 concurrat.
2634 1165 2801 1229 Male

340 1267 553 1334 autem
598 1263 901 1329 Salmant.
936 1267 1246 1349 accipiunt
1294 1268 1478 1331 verba
1523 1268 1636 1331 illa
1668 1267 1786 1350 (sic
1816 1268 1983 1331 enim
2013 1269 2159 1350 etc.)
2192 1270 2254 1332 et
2300 1268 2536 1333 faciunt
2584 1287 2655 1331 ea
2701 1286 2805 1351 ge-

336 1369 747 1434 neralissima.
798 1367 956 1433 Sane
1005 1367 1074 1432 2⁰
1119 1371 1318 1453 ipsam
1363 1372 1523 1435 hanc
1569 1371 1916 1437 doctrinam
1963 1391 2010 1436 s.
2047 1373 2322 1436 Thomae
2368 1373 2802 1452 multipliciter
2837 1451 2852 1466 .

338 1472 737 1556 distinguunt
758 1473 1059 1538 Doctores
1082 1493 1193 1557 pro
1220 1475 1407 1538 variis
1439 1475 1704 1552 casibus,
1732 1474 1883 1539 adeo
1911 1476 1983 1538 ut
2015 1474 2333 1538 indefinita
2358 1474 2468 1537 illa
2495 1474 2804 1537 sententia

340 1575 526 1640 modo
560 1575 638 1637 ab
669 1575 747 1638 iis
779 1574 1171 1654 admittatur,
1198 1576 1383 1642 modo
1415 1596 1535 1641 non
1570 1577 1964 1642 admittatur.
1993 1575 2149 1639 Vide
2182 1577 2341 1639 infra
2364 1597 2423 1638 n.
2452 1577 2602 1640 469.
2631 1595 2800 1656 seqq.

340 1678 413 1742 3⁰
442 1676 925 1753 Advertendum,
960 1678 1125 1760 quod
1163 1697 1211 1742 s.
1246 1679 1519 1744 Thomas
1551 1679 1797 1744 nomine
1835 1678 2134 1743 simoniae
2182 1679 2427 1742 videtur
2474 1677 2667 1742 latius
2704 1678 2802 1742 de-

340 1781 591 1845 notasse
614 1779 912 1861 quidqnid
931 1780 1135 1845 minus
1152 1781 1442 1864 congruit
1458 1780 1961 1845 accuratissimae
1985 1799 2304 1845 sacrorum
2325 1780 2799 1865 dispensationi:

344 1883 634 1964 quocirca
678 1882 1084 1948 simoniacum
1129 1882 1300 1960 dicit,
1340 1885 1415 1956 nt
1461 1882 1752 1960 vidimus,
1792 1884 1936 1948 dare
1983 1884 2346 1948 beneficium
2392 1883 2673 1964 precibus
2715 1882 2804 1947 al-

349 1985 568 2049 terius.

440 2086 739 2151 Videlicet
766 2087 992 2170 duplex
1020 2088 1481 2153 incommodum
1527 2090 1868 2154 cavendum
1907 2089 2065 2153 fuit:
2111 2090 2176 2152 1⁰
2207 2108 2281 2153 ne
2329 2089 2526 2172 pretio
2558 2108 2655 2153 res
2687 2087 2808 2170 spi-

339 2190 593 2255 ritualis
629 2193 1094 2273 compararetur
1140 2190 1419 2274 indigne:
1457 2194 1527 2254 20
1558 2211 1633 2255 ne
1667 2191 1745 2256 ob
1778 2191 2109 2256 avaritiam
2148 2192 2616 2274 perturbaretur
2654 2190 2801 2255 ordo

338 2295 408 2358 111
441 2293 631 2358 sacris
661 2292 1038 2357 conferendis
1064 2294 1127 2357 et
1149 2293 1416 2357 maxime
1449 2293 1777 2358 beneficiis.
1802 2295 1996 2358 Porro
2036 2294 2379 2376 posteriora
2411 2294 2544 2358 sola
2576 2294 2808 2358 incom-

340 2395 531 2461 moda
575 2396 789 2460 latiori
827 2396 1098 2476 quodam
1129 2414 1313 2460 sensu
1359 2396 1436 2460 ad
1485 2397 1816 2461 simoniam
1846 2398 2235 2470 revocantur,
2277 2399 2351 2460 ut
2382 2398 2584 2477 patet:
2622 2397 2686 2459 et
2723 2396 2810 2460 sic

347 2499 631 2581 quaestio
674 2499 770 2562 est
807 2499 1035 2563 soluta.

441 2597 620 2672 442.
648 2601 896 2666 Munus
925 2602 1003 2665 ab
1035 2601 1341 2683 obsequio,
1368 2603 1486 2666 Per
1508 2603 1624 2667 hoc
1657 2602 2032 2687 intelligitur
2063 2602 2364 2685 quidquid
2393 2602 2470 2666 ad
2495 2601 2807 2683 quandam

330 2707 714 2772 servitutem
744 2706 1031 2789 pertinet,
1065 2708 1140 2770 ut
1178 2705 1492 2781 famulari,
1526 2705 1766 2784 docere,
1801 2725 2017 2770 curare
2050 2710 2165 2771 etc.

440 2808 582 2872 Huc
611 2810 766 2890 puto
798 2808 1099 2891 pertinere
1132 2827 1366 2884 casum,
1400 2826 1584 2888 quem
1616 2828 1664 2871 s.
1699 2808 1886 2890 Alph.
1921 2829 1980 2871 n.
2018 2810 2122 2871 63.
2150 2810 2325 2890 ponit
2357 2809 2517 2873 inter
2547 2827 2813 2872 munera

341 2932 395 2976 a
421 2910 679 2993 linqua:
710 2910 996 2975 videlicet
1031 2912 1086 2975 si
1121 2911 1319 2975 dicas:
1353 2910 1508 2974 Non
1552 2909 1868 2988 conferam
1917 2910 2031 2974 tibi
2068 2911 2446 2991 beneficium,
2486 2912 2618 2976 nisi
2666 2909 2817 2973 talis

332 3034 618 3095 persona
646 3034 742 3077 me
779 3018 967 3095 royet.
997 3012 1162 3077 Nam
1194 3014 1330 3077 heic
1359 3013 1681 3095 quaeritur
1711 3031 1835 3077 non
1866 3013 2043 3077 favor
2074 3033 2257 3095 penes
2290 3014 2467 3089 alios,
2504 3013 2610 3078 sed
2645 3014 2815 3078 obsc-

342 3117 568 3201 quium
609 3136 760 3201 erga
792 3136 884 3193 se;
917 3117 1038 3180 huc
1069 3115 1335 3200 pertinet
1357 3116 1549 3180 etiam
1586 3116 1724 3179 laus
1758 3116 1821 3179 et
1857 3114 2159 3189 adulatio,
2186 3134 2308 3198 qua
2340 3117 2479 3198 quis
2512 3116 2811 3197 pabulum

346 3220 624 3285 vanitati
657 3238 804 3283 suae
837 3218 1102 3300 quaerit.

440 3323 534 3387 Ex
556 3323 675 3386 hac
696 3320 1050 3386 definitione
1074 3320 1388 3385 concludit
1410 3339 1459 3384 s,
1478 3320 1663 3403 Alph.
1681 3341 1825 3385 cum
1843 3322 1979 3385 DD.
1999 3341 2059 3384 11.
2081 3322 2209 3395 61..
2229 3321 2559 3385 simoniam
2586 3322 2818 3398 adesse,

348 3426 406 3491 si
437 3424 801 3504 conferatur
828 3427 944 3486 aut
972 3424 1388 3503 promittatur
1431 3422 1667 3500 famulo
1714 3423 2096 3499 beneficium,
2131 3424 2205 3486 ut
2250 3423 2450 3505 gratis
2498 3442 2605 3486 seu
2645 3424 2822 3487 nulla

346 3528 478 3593 alia
526 3526 781 3609 accepta
825 3527 1100 3590 mercede
1146 3526 1404 3590 serviat:
1458 3524 1556 3588 vel
1602 3525 1655 3587 si
1701 3525 1976 3589 famulus
2035 3524 2352 3599 inserviat,
2403 3526 2478 3587 ut
2530 3524 2666 3588 loco
2715 3544 2816 3587 sa-

344 3630 499 3705 larii
544 3648 658 3713 pro
707 3647 770 3693 se
819 3631 931 3692 aut
968 3648 1077 3712 pro
1116 3629 1239 3693 alio
1271 3648 1332 3692 v,
1363 3648 1456 3711 gr.
1491 3627 1620 3692 filio
1667 3626 2030 3692 beneficium
2069 3626 2351 3708 accipiat.
2383 3625 2547 3689 Hinc
2579 3625 2821 3691 conclu-

346 3733 516 3798 dunt
543 3734 707 3808 DD.‚
740 3731 1111 3797 simoniacos
1142 3750 1273 3795 esse
1304 3730 1640 3813 episcopos,
1674 3729 1784 3811 qui
1814 3729 2036 3793 volunt
2067 3728 2187 3792 sibi
2217 3728 2509 3793 deserviri
2539 3729 2674 3793 sola
2707 3732 2825 3794 aut

352 3836 481 3899 fere
513 3834 652 3899 sola
683 3853 789 3916 spe
826 3833 1080 3898 benefici
1118 3832 1453 3899 obtinendi.

444 3938 642 4002 Addit
671 3937 807 4001 heic
837 3956 885 4001 s.
912 3936 1097 4019 Alph.
1123 3957 1182 4001 n.
1212 3936 1316 3999 61.
1341 3954 1466 4000 11011
1489 3936 1720 4001 incurri
1754 3937 1962 3999 tamen
1986 3954 2213 4019 poenas
2237 3956 2347 4001 nec
2372 3936 2818 4021 obligationem

346 4040 796 4116 restitutionis,
829 4039 951 4103 nisi
980 4040 1234 4122 pactum
1265 4057 1542 4120 expresse
1574 4038 1933 4114 intercedat,
1968 4059 2045 4101 ex
2076 4058 2209 4119 cap.
2237 4038 2624 4103 Mandatum
2655 4040 2822 4123 (lege

346 4143 702 4226 Mandata)
733 4142 807 4205 de
849 4141 1151 4215 Simu-ia,
1184 4141 1293 4206 ubi
1328 4140 1698 4215 declaratur,
1725 4161 1848 4207 non
1888 4142 2082 4206 teneri
2113 4142 2191 4207 ad
2222 4142 2672 4224 resignationes
2698 4141 2820 4222 spi-

347 4246 687 4311 ritualium
724 4246 790 4309 et
820 4244 1256 4327 temporalium
1289 4262 1412 4319 003,
1446 4245 1556 4325 qui
1592 4242 1767 4307 nullo
1791 4247 1997 4322 pacta,
2036 4243 2142 4308 sed
2175 4244 2398 4308 affectu
2431 4242 2622 4306 animi
2657 4262 2829 4325 prae-

350 4349 611 4414 cedente
640 4348 852 4413 locum
883 4347 1286 4412 obtinuerunt
1320 4346 1385 4410 in
1417 4346 1830 4422 monasteriis,
1863 4345 2010 4409 dato
2043 4345 2277 4425 aliquo,

451 4450 651 4516 Casus
682 4449 1129 4534 perpendemus
1158 4450 1223 4513 in
1260 4449 1467 4513 Resol.
1503 4451 1594 4512 5²¹.
