3497 5147
323 349 463 425 [593]
614 366 780 413 Quare
819 368 894 407 m·
929 368 1175 416 QUANTA
1214 369 1309 409 srr
1345 369 1677 410 onmem-10
1713 369 2060 411 mmmmm
2098 369 2486 410 PROMISSORH
2669 358 2779 412 455

323 465 600 549 legitime
635 485 668 528 a
701 464 919 530 iudice.
961 465 1148 531 Ratio
1197 467 1389 550 patet,
1424 467 1572 549 quia
1604 486 1725 530 non
1765 466 1943 549 potui
1980 467 2342 549 promittere
2373 465 2455 543 id,
2491 467 2655 547 quod
2694 468 2780 533 sit

322 566 648 643 illicitum3
676 568 965 633 illicitum
1006 571 1215 634 autem
1248 572 1343 633 est
1367 570 1694 647 occultare,
1730 569 1785 632 si
1814 569 2094 653 legitime
2118 589 2156 633 a
2189 569 2385 633 iudice
2410 569 2776 654 interrogor.

418 667 849 746 Commissum,
884 672 1130 753 quando
1161 672 1268 736 ille
1299 672 1448 755 ipse,
1488 672 1551 735 in
1583 672 1760 735 cuius
1798 671 2074 735 favorem
2105 671 2422 754 promittis
2452 674 2776 750 secretum,

321 772 615 837 notitiam
640 773 754 837 sub
784 773 920 857 lege
944 774 1161 838 secreti
1185 774 1686 851 communicavit,
1715 773 1881 855 quod
1903 772 1978 837 fit
2007 773 2108 836 vel
2140 792 2419 855 expresse
2444 773 2543 837 vel
2565 774 2776 848 tacite,

318 877 506 958 prout
536 874 612 938 fit
642 894 784 939 cum
815 876 1086 953 mediciS,
1122 875 1459 954 advocatiS,
1496 875 1951 949 obstetricibus,
1985 875 2295 959 theologis
2327 876 2628 939 consultis
2659 878 2775 940 etc.

403 976 666 1042 Omissis
698 997 861 1042 nunc
898 978 1037 1042 aliis
1061 979 1327 1056 casibus,
1358 979 1422 1042 in
1447 978 1671 1062 quibus
1695 978 1843 1042 licet
1874 978 2091 1042 secreti
2123 977 2568 1055 manifestatio,
2595 998 2653 1042 V.
2681 999 2774 1062 gr.

320 1082 381 1143 1⁰
420 1082 475 1145 si
522 1099 854 1145 consensus
904 1080 1066 1144 adsit
1103 1081 1295 1144 etiam
1340 1082 1776 1164 praesumptus
1823 1079 2279 1144 rationabiliter
2325 1079 2777 1146 committentis

313 1185 640 1261 secretum,
689 1184 788 1248 vel
820 1185 890 1246 2⁰
927 1184 981 1247 si
1010 1202 1107 1247 res
1156 1183 1240 1247 sit
1284 1183 1518 1247 nullius
1555 1183 1875 1260 momenti,
1911 1182 1981 1245 3⁰
2014 1183 2112 1246 vel
2143 1184 2196 1247 si
2222 1202 2323 1278 res
2354 1184 2481 1247 iam
2527 1183 2776 1265 publica

310 1285 599 1361 evaserit,
645 1285 744 1349 vel
790 1286 863 1348 40
898 1287 1094 1350 cesset
1131 1286 1292 1350 ratio
1342 1285 1593 1350 secreti-z
1645 1285 1811 1368 quod
1858 1305 2020 1349 nunc
2071 1287 2316 1364 attinet,
2368 1285 2599 1361 dicunt,
2649 1305 2773 1350 non

310 1386 684 1451 servandum
738 1390 1041 1453 secretum
1093 1388 1390 1465 iuratum,
1441 1388 1493 1452 si
1545 1388 1608 1451 id
1662 1388 1841 1452 cedat
1890 1389 1951 1452 in
1998 1388 2321 1471 proprium
2367 1388 2466 1453 vel
2513 1389 2772 1452 alterius

308 1507 500 1572 grave
549 1489 864 1565 damnum,
914 1489 1045 1554 scil.
1086 1489 1183 1554 vel
1229 1491 1696 1566 committentis,
1742 1491 1840 1554 vel
1872 1491 2063 1566 tertii,
2099 1491 2194 1554 vel
2225 1490 2373 1554 boni
2405 1490 2771 1554 communiS.

310 1591 410 1654 Ita
449 1592 707 1655 Auctor.

398 1691 520 1758 Sed
558 1693 929 1782 attendenda
959 1694 1258 1759 limitatio
1284 1695 1501 1782 Laym.
1551 1695 1659 1759 lib.
1696 1696 1756 1758 3.
1798 1698 1877 1760 tr.
1914 1698 1974 1758 3.
2011 1696 2171 1778 part.
2210 1697 2269 1758 2.
2305 1714 2437 1777 cap.
2475 1695 2533 1758 5.
2569 1715 2627 1758 n.
2672 1697 2772 1760 2.:

308 1815 531 1878 nempe
574 1796 690 1860 hoc
735 1796 1111 1881 intelligitur
1157 1797 1231 1861 de
1262 1796 1514 1861 crimine
1546 1798 1886 1880 pernicioso
1921 1817 1991 1861 ac
2037 1797 2337 1880 pendente
2369 1798 2433 1860 in
2465 1797 2770 1861 futurum.

312 1894 379 1960 Si
420 1886 581 1962 enim
610 1898 838 1963 crimen
872 1900 1256 1963 transactum
1290 1900 1390 1976 sit,
1426 1919 1548 1964 non
1581 1899 1761 1963 debes
1808 1899 1964 1963 illud
2011 1900 2284 1983 prodere,
2318 1920 2377 1963 v,
2426 1919 2519 1984 gr.
2556 1899 2609 1963 si
2654 1900 2773 1964 hoc

310 2002 552 2064 secreto
583 2001 756 2078 seiae,
791 2001 930 2083 quis
963 2003 1059 2065 est
1087 2001 1416 2076 homicida,
1457 2001 1555 2064 vel
1594 2002 1699 2064 ubi
1733 2000 1947 2066 lateat.

396 2102 563 2167 Item
594 2104 684 2168 ait
718 2103 899 2188 Lugo
931 2103 1005 2167 de
1037 2103 1196 2167 Iust.
1232 2107 1294 2166 et
1322 2104 1459 2167 Iur.
1494 2103 1648 2186 disp.
1690 2105 1790 2166 14.
1832 2125 1890 2166 n.
1929 2104 2107 2167 142.:
2149 2128 2184 2161 (ι
2217 2102 2531 2168 Secretum
2578 2104 2769 2167 etiam

298 2205 707 2270 commissum
731 2225 855 2270 non
878 2206 1067 2270 habet
1096 2207 1302 2271 locum
1326 2206 1389 2269 in
1414 2205 1492 2269 iis
1524 2206 1768 2269 casibus
1791 2205 1854 2268 in
1880 2205 2106 2285 quibus
2135 2205 2287 2288 ipse,
2322 2206 2429 2287 qui
2461 2207 2768 2270 secretum

295 2308 639 2384 commisit,
687 2308 915 2373 iniuste
964 2311 1146 2373 vexat
1176 2309 1621 2391 rempublicam
1659 2308 1757 2372 vel
1806 2308 1999 2372 alium
2046 2308 2452 2383 innocentem,
2487 2327 2595 2371 nec
2627 2308 2768 2371 vult

295 2410 372 2474 ab
398 2410 635 2474 iniuria
667 2409 984 2474 desistere:
1020 2413 1167 2475 tunc
1199 2412 1361 2475 enim
1392 2413 1695 2492 quantum
1733 2428 1886 2493 opus
1917 2411 2106 2474 fuerit
2139 2409 2214 2473 ad
2245 2410 2538 2473 iniuriam
2589 2429 2765 2473 aver-

292 2512 572 2589 tendam,
606 2512 837 2596 poteris
869 2515 1171 2578 secretum
1209 2513 1500 2589 revelare,
1543 2513 1791 2578 etiamsi
1822 2513 2208 2596 promisisses
2241 2513 2305 2576 et
2335 2512 2396 2576 te
2423 2512 2762 2597 obligasses

290 2615 367 2679 ad
403 2614 839 2680 sustinendam
885 2618 1149 2680 mortem
1196 2617 1259 2680 et
1304 2616 1616 2697 quaelibet
1662 2616 1787 2681 alia
1833 2616 2001 2679 mala
2033 2634 2143 2699 pro
2175 2615 2458 2680 custodia
2504 2615 2757 2692 secreti;

287 2717 410 2781 hoc
448 2717 613 2781 enim
649 2735 771 2781 non
804 2717 994 2795 tollit,
1029 2717 1195 2800 quod
1232 2718 1431 2800 possit
1461 2721 1676 2801 postea
1708 2718 1802 2781 vis
1833 2718 1897 2782 vi
1928 2719 2142 2801 repelli
2172 2742 2234 2782 ».

377 2820 635 2903 Regula
672 2820 978 2903 generalis
1011 2820 1313 2902 siquidem
1339 2821 1489 2884 haec
1527 2821 1647 2884 est:
1684 2819 1904 2884 tandiu
1935 2822 1997 2883 te
2024 2820 2287 2904 obligari
2321 2820 2398 2884 ad
2431 2822 2755 2900 secretum,

283 2922 574 3005 quandiu
609 2923 770 2987 alius
801 2922 970 2987 licite
1009 2925 1218 2988 servat
1248 2925 1310 2987 et
1340 2923 1509 2987 licite
1535 2923 1727 3007 exigit
1760 2924 1831 2987 ut
1861 2924 2159 2987 servetur.

371 3020 563 3096 592.
597 3024 789 3090 Addit
825 3045 872 3090 s,
907 3026 1092 3108 Alph.
1143 3045 1202 3089 n.
1242 3026 1388 3089 183.
1441 3025 1886 3110 obligationem
1933 3024 2127 3090 iurati
2163 3026 2381 3090 secreti
2405 3025 2468 3088 in
2507 3044 2757 3109 congre-

274 3127 657 3211 gationibus
688 3127 848 3191 circa
886 3126 1210 3191 electiones
1242 3126 1337 3190 vel
1370 3126 1523 3201 alia,
1557 3147 1814 3212 gravem
1846 3147 1976 3193 esse
1999 3128 2099 3192 vel
2129 3128 2328 3193 levem
2359 3127 2534 3192 iuxta
2571 3146 2757 3192 nocu-

276 3231 598 3301 mentum,
624 3229 788 3309 quod
812 3230 987 3311 sequi
1008 3229 1225 3312 possit.
1252 3229 1343 3293 Ex
1362 3230 1635 3313 generali
1654 3231 1896 3295 ratione
1911 3230 2074 3312 quod
2094 3230 2396 3313 obligatio
2420 3229 2756 3293 iuramenti

274 3331 577 3415 sequitur
608 3333 900 3395 naturam
941 3331 1341 3416 obligationis
1374 3332 1610 3396 secreti.

365 3435 473 3498 De
510 3433 860 3497 iuramento
895 3433 1056 3498 circa
1088 3434 1387 3498 secretam
1422 3437 1619 3498 artem
1652 3434 1910 3517 parandi
1940 3434 2327 3510 medicinam,
2361 3429 2543 3497 Croix
2581 3433 2750 3509 dicit,

271 3555 401 3601 non
452 3535 749 3619 obligare,
782 3536 837 3600 si
868 3538 1167 3619 sequatur
1211 3555 1401 3620 grave
1447 3536 1792 3618 periculum
1821 3537 2042 3601 mortis
2089 3537 2367 3612 alteriuS,
2402 3553 2544 3598 cum
2590 3533 2755 3598 iura—

269 3639 572 3703 mentum
625 3655 748 3701 non
802 3638 888 3701 sit
932 3638 1250 3703 vinculum
1303 3638 1675 3719 iniquitatis.
1726 3637 1839 3703 Sed
1889 3639 2040 3702 tunc
2084 3639 2214 3721 ipse
2261 3637 2478 3702 auctor
2533 3636 2750 3700 secreti

269 3739 563 3805 revelare
598 3740 848 3803 tenetur
877 3740 975 3804 vel
1023 3740 1330 3805 abstinere
1362 3740 1439 3803 ab
1472 3760 1563 3805 eo.
1599 3738 1665 3804 Si
1697 3758 1840 3805 vero
1873 3760 1968 3804 res
2006 3740 2097 3804 ita
2129 3759 2193 3804 se
2225 3738 2471 3816 habeat,
2504 3740 2579 3803 ut
2624 3757 2750 3803 non

271 3844 578 3907 teneatur
621 3841 894 3906 revelare
939 3843 1064 3919 ine,
1098 3843 1207 3926 qui
1239 3845 1409 3908 tenet
1455 3845 1761 3908 secretum
1808 3862 1917 3908 ceu
1964 3844 2220 3921 Auctor,
2254 3842 2382 3907 iam
2420 3843 2597 3921 alter,
2647 3843 2748 3907 cui

271 3944 691 4009 commissum
722 3946 836 4020 est,
869 3946 1142 4010 revelare
1171 3965 1293 4011 non
1326 3949 1553 4030 potest.

364 4045 570 4110 Addit
600 4064 649 4108 s.
698 4045 884 4128 Alph.
920 4067 978 4110 n.
1023 4047 1169 4111 185.
1202 4047 1379 4112 iuxta
1410 4049 1890 4131 probabiliorem
1917 4068 2042 4115 non
2081 4049 2347 4133 obligari
2392 4048 2749 4130 quempiam

269 4148 493 4212 iurata
527 4147 951 4229 promissione,
987 4168 1146 4231 quae
1169 4149 1254 4214 sit
1275 4151 1563 4236 prodiga:
1598 4154 1744 4234 quia
1777 4154 1928 4218 haec
1958 4172 2065 4236 per
2087 4172 2151 4216 se
2174 4155 2271 4216 est
2299 4150 2521 4213 illicita
2553 4147 2747 4211 etiam

266 4249 334 4313 in
377 4249 795 4313 exsecutione.
836 4250 1007 4315 Haec
1044 4251 1324 4317 doctrina
1363 4254 1621 4318 tenenda
1660 4257 1774 4319 est.

360 4347 546 4422 593.
581 4350 775 4416 Addit
805 4372 865 4416 n.
920 4353 1065 4418 186.
1107 4355 1553 4436 quaestionem,
1601 4356 1765 4420 inter
1814 4357 1946 4420 DD.
1991 4355 2469 4430 celeberrimam,
2512 4372 2590 4416 an
2627 4371 2747 4417 ser·

268 4452 557 4518 vandum
588 4452 674 4516 sit
703 4452 1127 4519 iuramentum
1157 4455 1450 4520 redeundi
1480 4458 1543 4520 in
1575 4477 1898 4535 carcerem,
1924 4477 2066 4523 cum
2091 4456 2363 4540 periculo
2387 4454 2608 4519 mortis
2633 4454 2748 4518 aut

264 4554 643 4639 gravissimi
666 4554 878 4620 damni
900 4557 1140 4623 iniusti.
1174 4557 1545 4621 Brevissime
1570 4559 1813 4640 expedit
1843 4580 1891 4623 s.
1924 4560 2109 4642 Alph.
2137 4558 2363 4631 dicens,
2387 4557 2562 4620 iuxta
2587 4556 2747 4619 alios
