3497 5147
659 345 767 401 734
838 358 1049 401 rmor.
1078 360 1160 401 vn
1186 357 1353 400 suom.
1380 359 1461 400 vr.
1488 359 1574 398 0111
1597 357 1790 400 snx'ro
1812 359 1891 398 m·
1918 357 2082 399 nono
2106 356 2676 399 Paucsnncanoor.
2703 358 2846 399 000.
2870 359 2913 399 1.
2968 342 3120 419 1997)

751 455 1198 520 Exhibentibus
1244 455 1594 520 comoedias
1624 455 1838 536 turpes
1885 454 2329 519 adnumerandi
2358 456 2507 519 sunt
2538 455 2602 519 et
2645 454 2761 533 1111,
2795 456 2905 537 qui
2935 473 3118 538 opera

658 578 772 623 sua
795 557 1067 622 influunt
1089 559 1154 622 et
1175 557 1283 640 qui
1308 576 1411 621 eas
1436 559 1834 640 componunt,
1854 559 1929 620 ut
1951 557 2372 634 exhibeantur,
2392 576 2441 621 s.
2459 557 2644 639 Alph.
2663 577 2766 621 nn.
2786 557 2916 621 427
2923 557 3117 621 ³428.

746 659 964 740 Quoad
1013 660 1345 725 secundam
1392 660 1633 742 partem
1681 658 1952 735 adverte,
1985 658 2401 744 Magistratus
2450 659 2893 724 auctoritatem
2939 678 3116 724 suam

662 765 759 828 his
791 762 1127 828 comoediis
1173 764 1489 846 praestare
1526 761 1626 826 vel
1656 779 1726 825 eo
1758 761 1894 844 ipso
1942 760 2109 843 quod
2141 779 2265 825 non
2292 760 2653 844 impediant,
2686 780 2830 824 cum
2860 762 3120 844 possunt

663 865 992 949 impedire3
1036 865 1114 929 ad
1145 864 1311 947 quod
1344 864 1624 949 graviter
1652 882 1759 928 eos
1790 864 2003 941 teneri,
2035 864 2275 928 certum
2305 865 2402 928 est
2431 882 2481 927 s.
2516 863 2700 946 Alph.
2732 884 2793 927 n.
2828 864 2980 928 427.

764 1020 897 1074 Xlll.
927 1023 945 1072 1
968 1023 1011 1072 l.
1040 1022 1249 1074 Persona
1281 1022 1440 1073 soluta
1478 1016 1762 1084 permittens
1798 1033 1850 1070 se
1892 1017 2019 1082 tangi
2056 1020 2118 1071 ab
2156 1017 2246 1070 alia
2286 1025 2435 1081 tactu,
2460 1016 2544 1083 qui
2582 1021 2730 1082 vulgo
2768 1023 2997 1071 censetur
3033 1031 3123 1083 pu·

657 1105 814 1167 dicus,
839 1112 894 1159 ut
933 1103 1206 1171 prehensio,
1234 1101 1555 1157 contrectatio
1592 1116 1782 1164 010005,
1816 1105 2070 1168 amplexus
2107 1109 2156 1155 et
2193 1105 2360 1156 oscula
2397 1101 2530 1155 iuxta
2564 1116 2746 1155 morem
2787 1101 2993 1168 patriae,
3019 1115 3118 1155 non

656 1198 845 1257 peccat,
872 1189 965 1243 nisi
1002 1189 1048 1242 ei
1088 1193 1279 1242 constet
1314 1185 1422 1241 fleri
1461 1201 1615 1254 pravo
1652 1189 1858 1253 affectu3
1883 1186 1997 1240 11010
2033 1184 2160 1239 enim
2199 1185 2452 1253 cooperari
2476 1200 2572 1239 non
2613 1184 2741 1240 licet.
2771 1187 2928 1240 Docet
2953 1193 3116 1241 100100

660 1271 772 1328 Fill.
799 1272 945 1326 etiam
984 1279 1099 1326 1000
1125 1270 1317 1325 admitti
1342 1286 1503 1338 posse,
1534 1286 1595 1325 00
1630 1278 1832 1335 tangens
1855 1270 2125 1325 infametur.
2151 1270 2424 1325 Admittens
2455 1278 2616 1324 autem
2650 1277 2808 1324 tactus
2843 1270 3118 1337 impudicos

663 1366 737 1421 (ut
774 1358 1097 1413 mamillarum
1136 1365 1184 1411 01
1220 1360 1540 1411 obscenarum
1580 1355 1816 1426 partium)
1851 1358 1930 1410 vel
1965 1360 2134 1411 oscula
2172 1356 2350 1410 furtiva
2388 1364 2436 1410 et
2475 1372 2670 1411 morosa
2710 1359 2790 1410 vel
2826 1356 3116 1418 indecentia,

656 1452 851 1512 peccat;
871 1443 983 1509 quia
1012 1442 1335 1510 praesumitur
1352 1445 1555 1496 affectus
1574 1445 1747 1495 100105.
1774 1443 1836 1493 V.
1863 1441 1969 1494 Fill.
1986 1444 2017 1494 l.
2042 1443 2125 1494 30.
2147 1455 2193 1494 0.
2221 1443 2336 1494 169.
2357 1440 2429 1494 Cr.
2451 1439 2516 1494 de
2526 1442 2764 1510 peccatis
2784 1455 2826 1493 0.
2851 1444 2897 1494 l.
2925 1443 3042 1495 duh.
3061 1444 3114 1494 2.

744 1560 916 1634 997.
951 1562 1136 1628 Clara
1174 1565 1287 1628 est.
1322 1563 1397 1628 A.
1433 1563 1556 1627 ait:
1591 1562 1721 1626 nelei
1766 1562 1826 1626 ei
1869 1565 2106 1626 constet
2133 1564 2248 1627 etc.
2296 1587 2332 1621 α
2364 1563 2419 1627 51
2465 1563 2648 1639 enim,
2689 1565 2763 1627 ut
2809 1561 3112 1628 Salmant.

657 1667 835 1731 aiunt
865 1685 918 1729 0.
944 1667 1005 1730 3.
1032 1686 1090 1730 n.
1120 1665 1247 1743 62„
1269 1664 1497 1729 femina
1528 1664 1791 1742 dubitet,
1821 1684 1899 1728 an
1923 1663 2079 1729 fiant
2109 1664 2259 1729 dicti
2290 1666 2498 1730 tactus
2522 1665 2728 1729 animo
2760 1665 3112 1745 libidinose,

656 1768 982 1834 dicendum
1028 1770 1142 1848 est,
1192 1787 1313 1833 non
1369 1768 1564 1832 teneri
1618 1787 1682 1831 se
1727 1767 2091 1832 subtrahere
2147 1786 2257 1832 seu
2315 1768 2459 1832 11105
2519 1787 2806 1845 1001101·ος
2856 1769 3004 1850 quia
3049 1768 3114 1832 in

658 1871 847 1936 dubio
896 1871 1106 1936 nullus
1153 1869 1574 1952 praesumitur
1602 1869 1842 1933 malus:
1884 1888 2030 1954 ergo
2063 1889 2207 1934 cum
2245 1870 2401 1935 alias
2435 1870 2600 1935 dicta
2636 1870 2865 1935 femina
2896 1871 3120 1935 utatur

655 1975 791 2038 iure
838 1992 950 2037 suo
1000 1971 1369 2036 admittendi
1413 1973 1620 2036 tactus
1667 1974 1730 2036 et
1778 1972 1988 2037 oscula
2034 1991 2204 2037 more
2250 1972 2489 2056 patriae
2532 1973 2597 2037 in
2645 1973 2894 2058 signum
2940 1974 3118 2038 bene·

657 2075 967 2140 velentiae
1014 2074 1201 2152 facta,
1234 2074 1410 2139 nulla
1441 2074 1505 2138 in
1542 2074 1658 2139 hoc
1688 2074 2020 2158 prudenter
2065 2075 2246 2157 eulpa
2277 2074 2568 2157 (feminae
2599 2075 2861 2159 scilicet)
2906 2076 3116 2141 timeri

652 2181 880 2263 potest.
914 2178 1303 2262 Quapropter
1333 2178 1594 2260 possunt
1622 2176 1906 2255 feminae,
1941 2178 2186 2259 quando
2218 2179 2385 2242 certo
2418 2177 2728 2262 ignorant,
2754 2197 2877 2260 quo
2905 2178 3114 2243 animo

652 2284 861 2346 tactus
909 2301 981 2346 ex
1015 2300 1188 2345 more
1236 2280 1440 2364 patrio
1486 2278 1643 2343 fiant
1688 2299 1746 2343 v.
1781 2300 1844 2364 g.
1895 2280 2213 2362 amplexus
2259 2282 2323 2344 et
2369 2280 2581 2344 oscula
2625 2280 3007 2345 venientium
3052 2281 3115 2345 et

656 2385 1074 2450 salutantium
1104 2384 1168 2447 in
1200 2381 1661 2447 benevolentiae
1693 2381 1942 2466 signum
1990 2383 2053 2446 et
2088 2380 2394 2446 consertio
2422 2401 2724 2447 manuum
2755 2382 2820 2445 in
2850 2381 3109 2460 choreis,

652 2487 798 2551 illos
846 2487 1175 2551 admittere
1222 2485 1451 2566 absque
1499 2484 1630 2548 ullo
1676 2483 1913 2566 peccati
1958 2484 2248 2566 scrupulo
2277 2507 2339 2547 ».

742 2589 921 2670 Quod
959 2591 1034 2654 A.
1070 2589 1222 2654 dicit
1261 2587 1475 2652 dooere
1507 2586 1675 2660 Fiu„
1701 2586 1925 2670 probat
1957 2588 2020 2651 et
2051 2605 2099 2651 s.
2134 2587 2318 2670 Alph.
2352 2587 2505 2665 heic,
2539 2587 2794 2652 addens:
2840 2611 2877 2645 ‹
2908 2588 3007 2652 vel
3037 2606 3113 2652 ne

654 2694 764 2757 alii
811 2691 1306 2757 scandalizentur
1335 2715 1397 2754 ›.
1432 2688 1628 2753 Licite
1677 2688 1861 2765 enim,
1896 2688 2126 2771 absque
2162 2690 2434 2773 periculo
2471 2692 2604 2770 tuo,
2638 2690 2950 2774 permittis
2981 2709 3113 2773 pee-

658 2798 869 2860 catum
905 2794 1182 2871 alterius,
1215 2794 1289 2857 ut
1322 2812 1392 2857 ex
1423 2791 1685 2856 caritate
1722 2791 2009 2856 consulas
2041 2791 2171 2856 eius
2202 2793 2361 2857 bono
2394 2794 2508 2856 aut
2537 2793 2804 2857 aliorum
2841 2793 3054 2858 saluti.

740 2898 815 2960 In
864 2896 1063 2960 altera
1108 2895 1305 2978 parte,
1348 2894 1624 2972 affectus,
1665 2894 1775 2976 qui
1821 2894 2240 2976 praesumitur
2283 2894 2509 2973 malus,
2550 2896 2645 2959 est
2692 2895 2948 2961 affectus
2979 2898 3114 2960 tan-

643 2998 868 3085 gentis.

754 3141 892 3193 xlv.
917 3141 1152 3206 Quaeres,
1174 3154 1232 3193 00
1255 3147 1302 3192 01
1329 3146 1571 3205 quatenus
1598 3137 1772 3192 liceant
1800 3145 1974 3201 100105,
2003 3144 2230 3205 aspectus
2246 3146 2340 3192 010.
2366 3138 2492 3192 inter
2515 3139 2747 3205 coniuges
2767 3145 2843 3194 vel
2863 3147 3108 3208 sponsos?

756 3227 905 3290 Resp.
937 3226 983 3275 «1.
1009 3222 1316 3288 Coniugibus
1355 3222 1517 3284 licent,
1545 3221 1587 3274 si
1623 3225 1897 3275 reserantur
1934 3225 1996 3276 ad
2034 3224 2290 3289 copulam
2323 3226 2382 3277 ad
2420 3227 2545 3278 11000
2582 3226 2710 3279 00110
2746 3224 2878 3280 110110
2903 3241 2957 3281 50
2982 3226 3110 3281 exci-

657 3315 776 3362 tant.
803 3306 915 3360 Alio
955 3313 1117 3361 autem
1145 3310 1239 3361 flne
1276 3320 1325 3358 v.
1351 3321 1424 3369 gr.
1454 3304 1722 3372 voluptatis
1750 3320 1895 3360 00050
1935 3306 1976 3360 51
2014 3309 2147 3372 flant,
2173 3315 2285 3361 suut
2310 3316 2507 3375 peccata
2532 3310 2769 3376 venialia3
2794 3310 2909 3377 quia
2947 3312 3112 3365 matri·

656 3392 869 3447 monium
909 3409 997 3447 eos
1033 3396 1322 3446 cohonestat
1360 3406 1416 3444 ac
1441 3392 1661 3444 delectus
1690 3391 1844 3445 debiti
1876 3391 1986 3445 fluis
2021 3406 2118 3445 non
2144 3400 2219 3446 051
2244 3394 2466 3447 mortalis
2477 3408 2492 3461 ;
2519 3393 2612 3448 0151
2650 3402 2809 3448 tamen
2837 3398 3109 3450 habeantur

648 3494 757 3533 cum
800 3478 1024 3546 periculo
1055 3475 1368 3545 pollutionis:
1409 3489 1533 3541 quae
1569 3490 1678 3529 cum
1717 3475 1780 3529 iis
1818 3475 1881 3529 sit
1918 3475 2104 3539 illicita,
2129 3491 2189 3530 eo
2227 3492 2342 3531 casu
2382 3486 2524 3532 erunt
2561 3479 2797 3541 mortalia,
2822 3480 3113 3545 regulariter

648 3570 836 3619 saltem.
864 3566 1041 3618 Sanch.
1068 3564 1100 3616 l.
1129 3564 1178 3614 9.
1205 3564 1253 3614 d.
1282 3562 1365 3613 46.
1393 3576 1441 3613 0.
1466 3562 1518 3615 7.
1542 3560 1651 3615 Fill.
1676 3575 1724 3615 0.
1752 3562 1874 3615 357.
1902 3569 1950 3615 01
1980 3562 2078 3615 0111.

751 3654 901 3715 Resp.
934 3652 983 3703 2.
1014 3645 1219 3714 Sponsis
1249 3652 1409 3700 100105
1447 3646 1682 3713 impudici
1709 3661 1804 3700 non
1832 3646 2000 3701 licent:
2028 3646 2193 3714 pudici
2217 3661 2333 3701 vero
2366 3648 2418 3701 in
2444 3648 2665 3713 partibus
2688 3649 2908 3704 honestis
2944 3650 3109 3720 licent,

647 3734 690 3787 si
728 3749 787 3787 ex
826 3734 887 3787 iis
927 3739 1112 3787 tantum
1151 3731 1405 3786 intendant
1446 3729 1816 3785 delectationem
1854 3731 2166 3798 sensitivam3
2207 3746 2366 3797 50005,
2403 3730 2444 3784 51
2483 3746 2757 3787 veneream.
2797 3736 2975 3790 Sanch.
3002 3740 3034 3789 Ι.
3061 3751 3106 3793 0.

644 3834 693 3873 0.
723 3822 807 3871 50.
836 3827 929 3873 010.
956 3821 1079 3871 Bon.
1107 3833 1154 3884 p.
1183 3820 1231 3871 9.
1258 3833 1307 3870 n.
1334 3819 1383 3870 6.
1409 3825 1501 3870 etr.

733 3939 904 4020 Quae
941 3940 1125 4022 Resp.
1166 3940 1224 4002 1.
1259 3938 1615 4016 traduntur,
1648 3939 2029 4003 remittimus
2061 3939 2138 4003 ad
2169 3941 2248 4002 tr.
2282 3938 2357 4003 de
2387 3939 2679 4005 Matr-im.

737 4039 910 4114 998.
938 4041 1156 4122 Quoad
1191 4043 1252 4105 2.
1281 4041 1467 4124 Resp.
1508 4065 1543 4098 «
1567 4040 1689 4104 hue
1719 4041 1978 4123 spectat,
2007 4040 2099 4104 ait
2128 4041 2223 4120 Β.,
2250 4044 2594 4109 communis
2616 4045 2753 4109 DD.
2775 4048 3103 4126 sententia,

645 4144 1024 4211 urbanitatis
1058 4163 1130 4209 ac
1166 4142 1631 4208 benevolentiae
1676 4141 1886 4225 gratia
1933 4143 1996 4206 et
2025 4142 2091 4207 in
2128 4146 2358 4211 amoris
2405 4148 2819 4214 ostensionem
2864 4151 3108 4233 sponsis

644 4248 716 4313 de
762 4250 976 4313 futuro
1021 4247 1205 4311 licere
1251 4243 1506 4329 pudicos
1554 4244 1782 4319 tactuS,
1831 4263 1890 4307 v.
1939 4264 2032 4329 gr.
2079 4265 2302 4313 manus
2356 4249 2920 4332 apprehensionem,
2971 4271 3106 4316 am-

642 4350 857 4431 plexus
896 4351 959 4413 et
992 4348 1204 4413 oscula
1240 4345 1580 4412 secundum
1611 4345 1851 4428 patriae
1875 4349 2401 4415 consuetudinem.
2428 4349 2717 4417 Ceterum
2740 4354 2878 4419 DD.
2902 4355 3107 4419 verbis

641 4451 767 4514 iliis
820 4476 855 4507 «
904 4449 1242 4513 secundum
1287 4467 1538 4522 moreni,
1585 4447 1923 4513 secundum
1956 4452 2210 4529 Ραὺνίαε
2255 4453 2758 4519 consuetudinem
2795 4481 2831 4515 »
2884 4456 3109 4540 duplex

645 4571 879 4625 sensus,
908 4554 1113 4615 rectus
1140 4553 1417 4630 uterque,
1443 4548 1711 4634 intelligi
1732 4552 1964 4632 potest:
1992 4572 2173 4631 unus,
2202 4557 2277 4618 ut
2304 4556 2609 4622 indicetur
2631 4575 2765 4622 mos
2791 4558 3118 4624 exhibendi
