3497 5147
655 343 762 397 306
874 354 1086 395 ν1111511111.
1115 355 1196 396 w.
1222 354 1384 396 31101.
1412 355 1450 395 1.
1476 354 1561 394 nm
1585 354 1778 396 ramo
1804 354 2018 396 emmo.
2045 355 2527 397 DncALoa1.0A1>.
2555 356 2621 395 11.
2647 356 2792 396 111111.
2816 355 2882 396 11.
2970 341 3108 414 [413

654 454 737 517 Et
783 452 899 516 hoc
946 471 1128 515 sensu
1174 452 1442 537 intelligi
1489 454 1686 528 debet,
1728 453 1894 533 quod
1939 452 2289 517 comoediae
2320 453 2609 530 lascivae,
2658 451 3112 536 negotiationes

653 555 839 619 nimis
875 554 1186 637 profanae,
1223 555 1549 632 nundinae,
1590 556 1898 619 mercatus
1936 553 2219 638 publicus
2258 558 2321 620 et
2352 555 2582 619 similia
2612 573 2734 619 non
2765 555 3028 638 possunt
3057 554 3118 618 in

654 663 909 728 ecclesia
943 662 1046 746 agi
1079 662 1208 727 sine
1239 663 1496 727 mortali
1527 664 1777 746 peccato
1811 663 2118 746 sacrilegii
2150 662 2236 744 (n.
2275 661 2475 745 467.).

748 761 909 835 413.
947 765 1373 829 Omittendum
1406 784 1526 829 non
1558 767 1672 840 est,
1699 765 1942 846 aliquos
1968 784 2096 828 esse
2130 766 2432 841 auctores,
2468 762 2576 845 qui
2606 764 2839 847 negant
2871 765 3122 846 peccata

655 871 908 932 externa
940 868 1220 932 luxuriae
1251 868 1469 952 gravia
1516 867 1784 949 quidem,
1824 886 1983 948 quae
2021 867 2227 930 tamen
2276 885 2398 930 nou
2446 866 2573 929 sint
2603 866 2891 949 pollutio,
2937 865 3124 930 forni-

657 970 823 1034 catio
862 971 977 1033 etc.
1013 968 1075 1033 in
1111 969 1365 1033 ecclesia
1400 969 1668 1032 admissa
1699 987 1830 1032 esse
1870 969 2212 1053 sacrilegia.

748 1072 1148 1154 Principium,
1198 1072 1297 1136 cui
1343 1091 1575 1156 negans
1625 1070 1830 1154 opinio
1877 1071 2185 1147 innititur,
2234 1071 2424 1134 habes
2469 1089 2651 1152 penes
2699 1068 2968 1134 Sanchez
3021 1069 3125 1152 (de

660 1175 953 1240 Matrim.
990 1176 1098 1239 lib.
1138 1177 1197 1239 9.
1233 1176 1387 1258 disp.
1430 1177 1529 1239 15.
1570 1196 1629 1238 n.
1666 1176 1778 1257 4.),
1814 1174 1978 1256 quod
2015 1193 2232 1257 nempe
2270 1173 2520 1236 malitia
2567 1171 2715 1236 haee
2746 1177 2809 1235 et
2839 1174 3130 1254 specialis

659 1278 1025 1359 deformitas
1062 1298 1189 1340 non
1221 1277 1545 1358 consumit
1577 1297 1653 1339 ea:
1683 1277 1821 1338 iure
1857 1277 2145 1351 naturae,
2183 1274 2298 1338 secl
2338 1295 2416 1338 ea:
2461 1273 2589 1338 solo
2637 1274 2957 1339 Ecclesiae
3006 1279 3128 1339 sta„

664 1386 825 1460 {uto;
855 1386 928 1446 at
956 1403 1081 1446 non
1112 1382 1433 1445 invenitur
1458 1383 1559 1445 ius
1595 1381 2075 1444 ecclesiasticum
2112 1378 2260 1444 haec
2279 1379 2623 1460 prohibens
2671 1381 2740 1443 in
2788 1379 2918 1444 loco
2949 1400 3126 1444 sacro

661 1486 808 1565 fieri
838 1488 1099 1566 praeter
1148 1487 1414 1548 textas...
1463 1484 1573 1565 qui
1614 1487 1920 1558 statuunt,
1969 1482 2288 1545 ecelesiam
2331 1482 2666 1564 sanquinis
2711 1486 2828 1545 aut
2869 1483 3128 1547 sem-inis

661 1587 959 1666 effusione
1009 1586 1256 1650 violari.
1307 1586 1503 1668 Atqui
1550 1587 1664 1650 hoc
1709 1585 2079 1668 principium
2128 1604 2164 1648 a
2211 1585 2522 1659 communi
2572 1585 2898 1649 hominum
2946 1605 3126 1649 sensu

660 1710 912 1774 prorsus
945 1690 1253 1754 abhorret.
1290 1688 1607 1769 Quaedam
1639 1689 1802 1751 enim
1836 1688 2108 1751 actiones
2147 1687 2297 1751 adeo
2331 1707 2438 1770 per
2483 1707 2546 1751 se
2593 1689 2806 1770 turpes
2839 1707 2972 1752 esse
3021 1690 3130 1753 aut

664 1793 891 1857 saltem
923 1791 1231 1875 profanas,
1267 1793 1340 1854 ut
1370 1791 1562 1855 etiam
1609 1791 1848 1854 seclusa
1895 1789 2202 1853 Ecclesiae
2239 1788 2673 1872 prohibitione,
2709 1790 2993 1854 locorum
3039 1810 3130 1855 sa·

660 1914 908 1959 crorum
940 1894 1339 1958 sanctitatem
1371 1893 1701 1957 dedeceant
1727 1894 1790 1956 et
1814 1892 1957 1955 huic
1996 1893 2086 1955 ita
2113 1894 2524 1974 opponantur,
2553 1893 2626 1956 ut
2649 1892 2701 1956 si
2740 1893 2803 1956 in
2836 1893 2991 1976 ipsis
3029 1914 3130 1977 pa-

663 1999 926 2072 trentur,
965 1997 1187 2060 honori
1233 2016 1304 2060 ac
1348 1997 1726 2060 reverentiae
1774 1996 1898 2058 illis
1945 1994 2188 2058 debitae
2235 1995 2530 2079 derogare
2577 1997 2962 2074 censeantur,
3013 1998 3130 2061 hoc

663 2099 973 2162 enimvero
1021 2117 1142 2161 non
1190 2097 1525 2160 christiana
1558 2097 1740 2161 modo
1788 2097 1980 2180 1119113,
2016 2097 2120 2160 sed
2151 2096 2249 2161 vel
2282 2097 2401 2179 ipsi
2438 2097 2667 2161 ethnici
2714 2098 2987 2162 naturali
3033 2118 3130 2162 ra-

661 2201 853 2266 tionis
897 2200 1132 2264 lumine
1186 2202 1573 2285 agnoverunt
1619 2219 1690 2263 ac
1737 2219 1975 2282 semper
2021 2198 2299 2282 professi.
2349 2199 2655 2263 Indecens
2700 2201 2869 2264 enim
2914 2221 3020 2284 per
3069 2221 3130 2266 se

664 2306 775 2378 est,
813 2306 885 2365 ut
915 2301 1083 2365 loeus
1115 2303 1390 2365 orationi
1426 2306 1487 2364 et
1513 2300 1714 2364 cultui
1759 2302 1970 2364 dim'no
2017 2302 2348 2380 deputatus
2394 2307 2792 2366 convertatur
2828 2304 2899 2366 in
2933 2302 3131 2367 locum

651 2404 961 2486 peccandi
989 2410 1049 2469 et
1077 2403 1431 2484 offendemli
1461 2405 1719 2468 mandem
1753 2402 1978 2479 Deum,
2013 2408 2087 2468 ut
2125 2405 2216 2467 ait
2235 2403 2414 2488 Lugo
2447 2404 2522 2468 de
2556 2403 2808 2469 Poenit.
2837 2406 2996 2490 disp.
3028 2406 3127 2469 16.

665 2529 724 2572 11.
762 2509 909 2572 466.
947 2509 1138 2572 Ρο1·1·0
1172 2509 1356 2572 11111113
1388 2507 1821 2571 irreverentiae
1859 2505 2122 2583 malitia,
2158 2507 2233 2570 111
2264 2508 2415 2570 30119
2449 2507 2611 2571 1119111
2644 2507 2824 2594 Lugo
2859 2509 3132 2575 advertit

662 2614 705 2677 l.
732 2633 805 2687 c.,
831 2633 957 2675 non.
980 2616 1258 2691 apparet,
1284 2612 1386 2673 01ιί
1406 2611 1623 2671 virtute]
1645 2613 2013 2688 opponatur,
2046 2610 2177 2672 nisi
2199 2609 2498 2692 reliyiom‘
2514 2614 2778 2691 propter
2799 2613 3129 2693 specialem

662 2712 1090 2789 reverentiam,
1140 2733 1294 2794 quae
1351 2711 1605 2775 debetur
1666 2710 1793 2774 loeo
1840 2730 2038 2789 sacre,
2090 2712 2277 2793 atque
2332 2712 2469 2777 ideo
2534 2712 2611 2777 ad
2658 2733 2850 2796 quam
2897 2716 3132 2799 peccati

654 2816 947 2899 3119019111,
996 2816 1239 2898 praeter
1285 2814 1699 2898 sacrilegium,
1752 2814 2075 2897 pertineat.

753 2918 1005 2983 Accedit
1037 2918 1357 3002 oppositae
1390 2917 1729 2980 sententiae
1764 2916 2242 2992 incommodum,
2283 2917 2381 2981 ius
2421 2918 2582 2981 enim
2623 2918 3127 2998 ecclesiasticum,

643 3020 698 3086 'e
728 3042 849 3104 quo
883 3021 1192 3105 sacrilegii
1224 3021 1530 3084 rationem
1563 3018 1669 3081 isti
1710 3018 1983 3102 theologi
2020 3018 2373 3095 desumunt,
2407 3037 2572 3084 mere
2616 3021 2902 3103 loquitur
2933 3022 3008 3086 de
3046 3043 3134 3086 ec-

672 3124 893 3187 clesiae
916 3122 1398 3187 reconciliandae
1424 3121 1820 3195 necessitate;
1857 3120 2016 3183 unde
2049 3121 2233 3202 primi
2265 3122 2451 3186 huius
2483 3122 2798 3187 doctrinae
2825 3127 3130 3201 auctoreS,

672 3224 1006 3289 Caietanus
1053 3224 1303 3307 (Opusc.
1353 3226 1504 3287 tom.
1560 3224 1615 3285 1.
1666 3242 1823 3305 resp.
1863 3223 1997 3305 12.)
2045 3225 2108 3285 et
2153 3222 2473 3288 Navarrus
2520 3225 2610 3306 (in
2660 3245 2710 3289 c.
2771 3224 3139 3291 Consideret

672 3346 841 3391 caus,
877 3326 982 3390 33.
1017 3345 1074 3407 q.
1112 3327 1203 3409 3.)
1237 3325 1529 3399 inferunt,
1566 3324 1961 3408 sacrilegium
1995 3326 2431 3391 tantummodo
2464 3328 2676 3392 haberi
2709 3328 2773 3391 in
2809 3331 2977 3407 actu,
3013 3349 3134 3412 quo

672 3431 844 3494 locus
876 3429 1124 3512 ineptus
1173 3428 1248 3491 ad
1294 3428 1573 3490 divinum
1612 3425 1853 3490 cultum
1901 3427 2185 3491 efficitur.
2221 3428 2452 3493 Exinde
2500 3448 2644 3495 vero
2693 3430 2954 3513 profluit
3000 3451 3140 3497 con-

676 3534 1030 3608 sectarium,
1066 3531 1231 3614 quod
1276 3530 1537 3594 Pontius
1572 3528 1672 3610 (de
1707 3529 1911 3594 Matr.
1946 3530 2053 3594 lib.
2095 3532 2195 3594 10.
2231 3551 2363 3614 cap.
2403 3533 2505 3595 19.
2539 3553 2599 3596 n.
2646 3534 2780 3617 15.)
2812 3553 2958 3599 cum
2997 3535 3139 3599 aliis

676 3636 946 3712 deduxit,
994 3634 1241 3698 nullum
1286 3633 1384 3696 vel
1430 3632 1940 3697 nefandissimum
1987 3633 2268 3697 luxuriae
2329 3634 2558 3699 crimen
2605 3636 2667 3699 in
2723 3637 2981 3702 ecclesia
3029 3657 3141 3721 pa-

669 3740 910 3803 tratum
957 3754 1133 3821 posse
1180 3735 1388 3800 haberi
1429 3736 1491 3799 et
1523 3735 1642 3799 dici
1674 3735 2068 3816 sacrilesyum,
2111 3737 2163 3800 si
2204 3737 2446 3803 occulta
2493 3741 2745 3803 maneat
2791 3739 3012 3805 effusio
3047 3761 3139 3805 se-

674 3840 893 3914 minis:
945 3839 1169 3921 quippe
1215 3840 1269 3902 si
1312 3839 1463 3901 haec
1502 3838 1700 3901 lateat
1746 3839 2013 3921 penitus,
2057 3838 2170 3902 aut
2215 3839 2426 3921 paucis
2475 3840 2848 3921 quibusdam
2885 3843 3142 3907 tantum

672 3942 1039 4017 innotescat,
1067 3941 1320 4004 ecclesia
1341 3940 1841 4004 reconciliatione
1868 3959 1984 4004 non
2012 3940 2267 4024 indiget.
2296 3941 2457 4005 Hinc
2483 3944 2693 4006 autem
2720 3942 2843 4007 duo
2871 3944 3142 4010 absurda

676 4046 893 4129 sponte
942 4042 1224 4106 effluunt.
1259 4042 1471 4106 Primo
1505 4042 1668 4123 quod
1715 4041 1890 4104 nulla
1940 4041 2101 4106 actio
2136 4063 2241 4125 per
2283 4063 2366 4121 se,
2415 4044 2564 4109 dum
2611 4046 2856 4110 occulta
2904 4050 3142 4121 manet,

674 4147 977 4232 sacrilega
1009 4145 1145 4210 erit.
1179 4144 1413 4209 Deinde
1462 4143 1625 4225 quod
1673 4142 1834 4207 actio
1884 4144 2186 4229 sacrilega
2224 4165 2345 4210 non
2379 4146 2514 4224 erit,
2557 4167 2881 4231 quousque
2928 4153 3149 4215 manet

677 4251 952 4327 occulta,
1002 4248 1112 4312 fiet
1142 4265 1286 4311 vero
1334 4245 1614 4328 deinceps
1662 4245 1983 4329 sacrilega,
2020 4246 2073 4310 si
2118 4247 2278 4312 forte
2316 4250 2565 4329 crimen,
2607 4252 2773 4333 quod
2824 4252 3145 4319 occultum

672 4354 778 4417 diu
809 4352 1060 4428 mansit,
1096 4351 1159 4414 in
1195 4348 1467 4432 plurium
1505 4347 1798 4412 notitiam
1833 4348 2135 4413 deveniat.

767 4455 928 4519 Hinc
972 4454 1175 4518 verior
1223 4449 1503 4514 doctrina
1534 4450 1833 4515 censenda
1866 4454 1978 4527 est,
2015 4472 2203 4534 quam
2235 4453 2495 4519 tradidit
2523 4455 2703 4541 Lugo
2736 4458 2777 4522 l.
2813 4478 2889 4537 c.,
2925 4480 3148 4544 nempe

672 4558 840 4639 quod
887 4558 1125 4621 seclusa
1175 4552 1528 4636 ignorantia
1575 4554 1637 4616 et
1683 4553 2155 4632 inadvertentia,
2207 4554 2414 4619 omnia
2460 4559 2711 4640 peccata
2759 4558 2822 4623 ’111
2871 4562 3149 4628 ecclesiis
