3497 5147
394 232 541 307 [778]
967 249 1137 296 QUAE
1174 250 1378 292 omna
1413 249 1528 292 nm
1563 249 1752 292 rnsro
1788 249 2285 294 Pmammm‘rua
2752 244 2855 299 567

393 345 550 410 alias
587 344 906 410 commode
943 364 1016 410 ea
1048 346 1358 411 addiscere
1386 365 1512 411 non
1547 348 1824 427 possent;
1861 347 2023 412 unde
2054 349 2148 412 est
2181 348 2483 432 obligatio
2517 353 2856 419 audiendae

392 449 600 532 potius
637 448 994 513 catechesis.
1034 449 1096 514 It
1127 452 1191 514 et
1222 468 1259 513 a
1295 468 1346 514 s.
1372 448 1560 531 Alph.
1584 469 1645 513 n.
1672 449 1822 512 308.
1858 449 2036 526 Sane,
2071 452 2144 514 ut
2173 453 2386 515 monet
2416 453 2641 519 Suarez
2675 458 2753 520 ab
2786 476 2858 522 eo

392 552 645 628 citatus,
678 551 721 614 l.
750 553 810 615 2.
835 571 887 615 6.
920 551 1022 615 16.
1048 572 1109 616 11.
1139 553 1223 629 8.,
1249 571 1357 635 per
1386 552 1589 636 legem
1622 552 1976 634 positivam,
2012 572 2133 618 non
2165 554 2507 637 imponitur
2556 558 2680 622 alia
2714 560 2863 624 obli-

391 655 590 739 gatio,
625 673 813 736 quam
847 654 1149 737 episcopis
1186 656 1250 721 et
1280 655 1564 738 parochis
1594 655 2007 737 praedicandi.

487 755 551 821 S.
584 756 770 839 Alph.
796 757 840 820 l.
867 776 918 820 c.
947 757 1331 822 occasionem
1364 757 1584 840 arripit
1615 755 1950 821 disserendi
1983 757 2056 822 de
2091 758 2470 842 obligatione
2501 765 2754 845 parochi
2786 765 2864 829 ad

394 859 768 942 pascendum
800 847 1055 943 gregem
1093 879 1279 924 suum
1311 859 1496 924 verbo
1530 859 1665 922 Dei.
1699 860 1791 923 De
1824 859 1941 924 hac
1973 879 2037 923 re
2075 879 2332 944 agemus
2368 863 2433 927 in
2467 865 2545 928 tr.
2579 866 2690 930 IX.
2718 887 2769 932 c.
2801 869 2861 932 2.

481 961 661 1042 Quod
706 964 948 1046 spectat
994 962 1072 1026 ad
1119 964 1517 1045 praeceptum
1566 962 1908 1026 audiendae
1941 962 2170 1028 Missae
2208 967 2273 1028 et
2317 968 2697 1050 gravitatem
2729 971 2863 1035 eius

396 1064 771 1141 violationis,
806 1064 1062 1129 affertur
1098 1084 1344 1146 quoque
1382 1083 1629 1147 propos.
1657 1066 1761 1128 52.
1791 1063 2086 1129 damnata
2125 1066 2203 1129 ab
2229 1068 2586 1136 Innocentio
2618 1072 2761 1150 XI.;
2789 1093 2862 1138 ea

394 1169 603 1232 tamen
634 1168 729 1232 est
760 1166 1065 1250 generalis
1099 1166 1172 1230 de
1211 1166 1639 1232 observatione
1686 1165 2026 1231 festorum:
2068 1191 2104 1224 <‹
2135 1169 2543 1253 Praeceptum
2577 1175 2863 1239 servandi

395 1268 556 1334 festa
586 1286 708 1332 non
742 1268 983 1352 obligat
1006 1268 1121 1332 sub
1152 1267 1427 1347 mortali,
1465 1267 1734 1351 seposito
1763 1267 2073 1346 scandalo,
2102 1270 2154 1332 si
2191 1270 2355 1335 absit
2378 1276 2771 1357 contemptus
2798 1301 2860 1341 ».

481 1371 642 1451 Quid
696 1370 1070 1453 requiratur,
1126 1373 1201 1435 ut
1254 1369 1450 1436 Missa
1506 1370 1801 1435 audiatur
1859 1371 1998 1448 rite,
2057 1373 2426 1455 explanatur
2480 1376 2541 1441 in
2599 1377 2863 1443 Resolu-

395 1474 689 1539 tionibus.

1381 1614 1557 1681 Unde
1590 1613 1875 1680 resolve-9.

505 1764 684 1818 XXlll.
716 1765 764 1815 l.
789 1763 896 1817 Non
921 1768 997 1814 est
1022 1761 1255 1826 obligatio
1292 1760 1521 1815 audiendi
1546 1759 1831 1814 concionem
1870 1761 1917 1814 in
1959 1760 2194 1819 parocbia
2222 1763 2451 1830 propria:
2483 1771 2583 1818 tum
2610 1765 2721 1830 qnia
2755 1768 2860 1819 DD.

399 1847 537 1901 multi
575 1848 757 1899 nullum
791 1850 879 1898 bac
904 1848 964 1899 de
993 1860 1046 1899 re
1072 1851 1383 1912 praeceptum
1408 1853 1704 1913 agnoscam
1732 1861 1841 1899 cum
1868 1845 2088 1900 Trident.
2109 1861 2230 1901 sess.
2259 1849 2346 1901 24.
2377 1865 2419 1903 c.
2450 1850 2499 1902 4.
2527 1848 2593 1904 de
2621 1850 2859 1916 Reform.

397 1929 544 1996 dicat,
563 1930 754 1997 teneri,
775 1928 873 1985 ubi
895 1928 953 1983 id
977 1927 1255 1984 commode
1278 1929 1404 1999 fieri
1420 1932 1611 1997 potest,
1633 1936 1735 1984 tum
1759 1929 1890 1995 quia,
1919 1929 1959 1983 si
1986 1945 2081 1996 qua
2106 1930 2341 1995 obligatio
2371 1932 2475 1998 luit,
2503 1932 2547 1986 ei
2574 1937 2862 1998 derogatum

397 2023 474 2071 est
502 2030 586 2083 per
612 2015 865 2083 privilegia
887 2014 1199 2080 Regularium
1225 2020 1274 2068 et
1296 2018 1572 2079 generalem
1594 2014 1997 2069 consuetudinem
2023 2015 2336 2070 contrariam.
2363 2019 2508 2071 Suar.
2536 2017 2603 2072 de
2631 2018 2737 2072 Bel.
2762 2028 2797 2071 t.
2819 2021 2864 2072 l.

398 2105 430 2154 l.
459 2105 508 2154 2.
536 2114 640 2168 cap.
662 2101 746 2154 46.
767 2103 917 2163 Amr,
942 2101 1148 2153 Navarr.
1170 2098 1354 2153 Cened.
1374 2100 1535 2152 Zerol.
1560 2114 1605 2164 p.
1645 2101 1685 2152 l.
1706 2113 1754 2150 v.
1777 2098 1970 2168 praed.
1994 2101 2149 2154 Trull.
2172 2104 2203 2154 l.
2228 2103 2276 2154 2.
2297 2117 2325 2155 c
2354 2104 2396 2154 l.
2418 2103 2467 2155 d.
2490 2103 2538 2155 4.
2565 2102 2692 2155 Vide
2717 2104 2862 2156 Barb.

399 2187 460 2241 in
493 2183 736 2241 Trident.
764 2199 885 2238 sess·
914 2185 997 2237 24.
1024 2198 1067 2238 c.
1095 2184 1140 2237 4.
1168 2185 1268 2238 imo
1294 2186 1491 2239 Fratres
1515 2183 1881 2238 praedicatores
1906 2191 1953 2236 et
1982 2184 2194 2238 Minores
2220 2186 2378 2251 etqui
2402 2201 2512 2240 cum
2538 2185 2660 2253 ipsis
2686 2186 2735 2240 in
2764 2187 2862 2253 pri-

400 2269 589 2334 vilegiis
626 2267 1000 2329 communicant,
1029 2267 1374 2323 concionantes
1410 2268 1457 2322 in
1486 2267 1588 2322 suis
1613 2267 1836 2322 ecclesiis
1875 2267 2054 2335 quovis
2080 2268 2191 2321 anni
2231 2276 2451 2335 tempore
2494 2278 2695 2335 possunt
2723 2270 2860 2323 audi-

404 2354 594 2408 toribus
625 2353 730 2408 suis
758 2354 1026 2406 concedere
1060 2355 1136 2406 l8.
1162 2369 1314 2406 annos
1338 2360 1387 2407 et
1415 2353 1533 2406 320.
1563 2352 1669 2406 dies
1696 2352 1964 2417 indulgent.
2000 2353 2190 2406 nomine
2219 2356 2395 2420 Papae.
2425 2355 2566 2408 Dian.
2597 2372 2643 2422 p.
2675 2356 2721 2408 4.
2750 2362 2784 2408 t.
2808 2357 2855 2408 4.

404 2455 445 2493 r.
473 2443 557 2493 22.
585 2454 645 2493 ex
668 2439 881 2521 liodriq.
906 2444 998 2491 etc.

488 2561 793 2629 Constant
825 2562 975 2626 haec
1012 2560 1202 2626 etiam
1234 2581 1305 2627 ex
1342 2560 1439 2637 iis,
1476 2581 1634 2643 quae
1665 2560 1740 2624 A.
1782 2580 1853 2624 ex
1884 2560 2160 2643 professo
2192 2560 2258 2626 in
2293 2562 2454 2626 Dub.
2490 2560 2599 2627 IV.
2636 2560 2789 2646 agit.

484 2666 580 2731 An
619 2665 844 2731 fratres
877 2663 1339 2729 Praedicatores
1378 2663 1441 2727 et
1478 2662 1750 2727 Minores
1785 2663 2149 2728 facultatem
2186 2665 2477 2744 habeant,
2512 2665 2585 2729 de
2618 2686 2741 2748 qua
2772 2665 2862 2730 lo·

397 2769 613 2851 quitur
643 2767 742 2844 A„
775 2765 883 2848 qui
929 2766 1154 2831 certior
1198 2764 1332 2828 fieri
1378 2764 1550 2841 velit,
1586 2765 1662 2829 ab
1710 2765 1860 2847 ipsis
1910 2765 2276 2831 sciscitetur.

506 2909 695 2961 xxlv.
721 2911 771 2961 2.
804 2908 908 2961 Non
934 2913 1009 2960 est
1038 2905 1272 2971 obligatio
1300 2907 1359 2958 ad
1398 2905 1687 2959 audiendam
1727 2905 1921 2960 Missam
1963 2905 2078 2960 teria
2118 2906 2281 2972 quinta
2309 2915 2359 2962 et
2389 2917 2528 2963 sexta
2572 2917 2620 2964 et
2646 2913 2863 2964 Sabbato

399 2993 599 3047 maioris
626 2994 968 3047 llebdomadae
996 3007 1150 3058 neque
1175 2992 1349 3044 diebus
1376 2990 1715 3055 Rogationum.
1746 2993 1892 3049 Azor,
1923 2991 2119 3057 Henriq.
2146 2994 2287 3046 Suar.
2315 2996 2364 3047 d.
2392 2997 2476 3047 83.
2503 3001 2621 3048 sect.
2651 2997 2703 3048 5.

503 3079 667 3132 XXV.
681 3080 730 3131 3.
746 3081 794 3131 ln
814 3074 893 3131 dic
912 3075 1191 3130 Nativitatis
1208 3074 1393 3129 Christi
1415 3082 1600 3129 tantum
1623 3074 1804 3128 teneris
1823 3075 1994 3130 audire
2017 3091 2158 3129 unam
2179 3075 2390 3130 Missam.
2408 3079 2732 3131 Navar.Suar.
2755 3078 2862 3132 Fill.

487 3190 661 3265 772.
696 3195 819 3259 Bes
866 3195 1033 3259 clara
1079 3194 1192 3257 est.
1244 3193 1573 3257 Praeterea
1620 3193 1682 3255 in
1731 3193 1829 3256 die
1867 3192 2082 3256 Nativ.
2117 3194 2193 3256 D.
2229 3192 2306 3255 N.
2344 3194 2534 3258 etiam
2567 3191 2863 3259 Sacerdos

398 3299 604 3382 potest
650 3317 840 3361 unam
885 3296 1189 3360 celebrare
1237 3294 1519 3358 Missam.

506 3436 694 3488 xxvl.
723 3434 769 3486 4.
797 3433 1056 3496 satisfacit,
1082 3430 1165 3497 qui
1192 3429 1366 3484 recitat
1391 3432 1485 3482 sub
1514 3429 1658 3483 Miaea
1689 3431 1772 3495 (ex
1802 3428 2120 3497 obligatione)
2153 3432 2311 3483 Horas
2334 3430 2606 3484 Canonicas
2645 3436 2719 3485 vel
2750 3447 2863 3496 poe·

398 3518 647 3574 nitentiam
678 3518 943 3572 iniunctam
980 3517 1029 3570 in
1065 3513 1388 3577 confessione,
1411 3519 1464 3567 ut
1503 3520 1666 3566 contra
1706 3512 1923 3567 Caietan.
1952 3517 2090 3579 sylv.
2118 3517 2240 3577 Aug.
2270 3513 2454 3568 Armill.
2499 3517 2675 3568 docent
2711 3519 2857 3570 Suar.

397 3607 479 3659 Sd.
505 3604 707 3670 Rodriq.
736 3603 840 3657 Fill.
866 3612 958 3657 etc.
986 3602 1129 3656 Ratio
1156 3607 1246 3662 est,
1272 3599 1385 3666 quia
1412 3600 1606 3652 duobus
1632 3596 1905 3664 praeceptis
1934 3604 2093 3663 potest
2119 3597 2261 3651 simul
2290 3598 2535 3661 satisfieri,
2567 3605 2619 3651 ut
2639 3614 2685 3650 v.
2710 3614 2858 3665 supra

400 3689 466 3744 de
498 3687 744 3760 lapibus,
772 3703 876 3753 cap.
906 3688 953 3739 3.
984 3688 1099 3739 dub.
1128 3688 1175 3738 3.
1205 3686 1338 3739 idem
1377 3686 1437 3738 de
1469 3698 1544 3745 eo,
1570 3682 1652 3747 qui
1680 3685 1939 3735 confltetur
1964 3688 2185 3747 tempore
2225 3681 2414 3743 Missae,
2441 3685 2650 3736 amrmat
2689 3682 2861 3749 Regin.

399 3776 430 3827 l.
466 3775 526 3826 19
551 3789 598 3827 n.
632 3773 710 3826 14.
738 3773 1001 3825 dummodo
1037 3771 1352 3826 intentionem
1392 3767 1619 3823 babuerit
1658 3765 1884 3821 audiendi
1925 3766 2134 3820 Missam.
2179 3768 2329 3831 Negat
2369 3774 2528 3821 autem
2567 3770 2750 3823 Suarez
2788 3768 2862 3824 de

403 3858 570 3914 Euch.
596 3861 642 3912 d.
674 3862 758 3912 88.
785 3866 904 3912 sect.
933 3862 982 3912 6.
1010 3860 1158 3921 Azor,
1188 3872 1230 3912 c.
1258 3858 1309 3910 7.
1334 3871 1382 3922 q.
1411 3858 1459 3908 6.
1488 3856 1769 3916 GordonuS,
1794 3854 1944 3910 Card.
1974 3855 2107 3917 Lugo
2134 3853 2167 3906 1.
2194 3868 2252 3916 c.‚
2280 3852 2321 3907 si
2359 3853 2553 3921 quidem
2595 3855 2749 3922 possit
2775 3856 2866 3909 dir-

400 3949 522 3998 lerre
545 3944 912 4000 contessionem
939 3959 1027 3998 nec
1050 3942 1178 3998 adsit
1203 3942 1468 3996 necessitas
1507 3938 1755 4007 praecepti
1785 3936 2122 3993 concessionis.
2151 3941 2281 3993 ldem
2309 3939 2428 3995 dicit
2455 3943 2632 3995 Bonae.
2662 3941 2789 4007 disp.
2813 3943 2863 3996 4.

397 4045 440 4081 a.
473 4030 559 4082 ult.
589 4045 635 4096 p.
662 4032 708 4082 l.
737 4028 830 4082 Ubi
868 4026 1162 4081 contrariam
1194 4024 1382 4092 praxim
1420 4027 1721 4091 quorundam
1762 4030 1979 4087 excusat,
2009 4024 2087 4077 vel
2115 4026 2178 4077 ob
2207 4024 2546 4078 necessitatem
2587 4024 2855 4078 communi·

395 4112 537 4167 candi
577 4117 653 4167 vel
690 4111 1008 4166 intentionem
1049 4110 1275 4164 audiendi
1315 4110 1507 4164 Missam
1546 4109 1691 4165 aliam
1730 4110 1808 4162 vel
1848 4107 2057 4174 denique
2096 4111 2158 4160 ob
2201 4111 2377 4161 bonam
2408 4108 2570 4161 fldem.

487 4217 663 4291 773.
700 4222 791 4285 De
822 4219 1184 4284 recitatione
1220 4218 1407 4283 officii
1446 4220 1559 4283 aut
1596 4218 1840 4283 actione
1873 4217 2289 4301 poenitentiae
2328 4219 2603 4299 tempore
2636 4216 2868 4282 Missae

397 4323 552 4387 alias
584 4322 871 4399 diximuS‚
900 4322 1006 4386 ubi
1036 4321 1111 4384 de
1144 4319 1422 4400 Leyibus
1445 4340 1576 4403 cap.
1606 4322 1720 4384 ΠΙ.
1748 4320 1893 4383 dub.
1923 4320 1998 4382 V.
2026 4321 2161 4383 ets.
2189 4319 2373 4401 Alph.
2401 4318 2507 4382 lib.
2537 4320 2597 4383 3.
2625 4340 2683 4382 11.
2713 4320 2864 4383 309.

395 4425 547 4489 dicit
568 4424 940 4489 sententiam
971 4424 1045 4487 A.
1073 4442 1204 4487 esse
1228 4422 1820 4486 communissimam.
1859 4421 2157 4500 Quaestio
2192 4423 2402 4483 tamen
2435 4420 2508 4484 fit
2540 4421 2700 4485 circa
2725 4439 2868 4484 con-

396 4525 745 4603 fessionem,
780 4545 938 4607 quae
970 4525 1307 4610 peragatur
1338 4526 1612 4604 tempore
1645 4522 1894 4585 Missae.
