3497 5147
348 338 493 413 [110]
1352 348 1501 398 Qum
1539 348 1632 390 srr
1667 347 1811 389 sms
2733 342 2804 397 81

337 454 403 519 in
435 450 917 534 concupiscibili,
952 468 1089 533 spes
1136 449 1201 512 in
1245 446 1561 523 irascibili,
1601 447 1910 529 quatenus
1958 446 2021 509 in
2069 447 2394 512 voluntate
2431 452 2598 527 sunt,
2648 470 2809 534 quae

338 555 528 619 habet
561 556 740 618 aetus
787 552 1019 616 similes
1052 548 1513 634 concupiscibili
1560 551 1624 613 et
1668 547 1999 612 irascibili:
2037 548 2109 611 de
2175 549 2368 615 Verit.
2411 571 2469 633 q.
2507 554 2610 616 25.
2645 573 2701 617 a.
2741 556 2804 619 3.

336 659 415 729 ad
450 659 556 722 6¹¹¹.
594 658 731 723 Iam
770 675 914 723 vero
949 656 1197 740 agimus
1227 674 1392 719 nunc
1423 653 1496 717 de
1534 671 1660 738 spe,
1694 653 1883 735 prout
1915 652 2010 716 est
2033 654 2362 720 rationalis
2402 657 2597 733 actus,
2633 678 2669 721 a
2701 678 2806 723 vo-

332 762 583 827 luntate
614 759 880 825 elicitus

428 858 564 933 110.
606 860 902 925 Definitio
962 860 1113 944 spei,
1171 858 1382 941 prouti
1430 860 1525 921 est
1572 858 1773 922 virtus
1831 857 2203 943 theologica,
2268 861 2345 923 ab
2397 860 2471 924 A.
2532 862 2798 927 tradita:

332 985 514 1029 amor
542 961 1074 1043 concupiscentiae
1098 981 1249 1042 erya
1266 958 1475 1024 Deum
1498 960 1612 1024 etc.
1639 960 1863 1025 merito
1888 961 2097 1043 potest
2120 960 2314 1025 videri
2345 981 2584 1028 manca.
2614 964 2802 1030 Forte

332 1067 628 1150 supplent
659 1066 1004 1149 postrema:
1040 1062 1268 1143 parati
1294 1081 1510 1127 sumu-s·
1529 1060 1797 1142 perdere
1829 1063 2039 1126 omnia
2070 1064 2309 1142 potius,
2341 1085 2529 1145 quam
2569 1064 2800 1141 Deum,

332 1170 441 1235 ubi
480 1168 765 1233 innuitur
800 1185 948 1231 eura
980 1164 1354 1249 adipiscendi
1398 1165 1515 1229 hoc
1546 1164 1798 1229 bonum.

423 1272 588 1336 Item
612 1289 831 1334 manca
861 1270 957 1333 est
978 1268 1254 1332 definitio
1283 1267 1446 1352 apud
1471 1266 1733 1355 Struggl
1759 1269 1940 1332 tract.
1961 1269 2024 1332 4.
2044 1288 2103 1350 q.
2124 1271 2185 1333 3.
2213 1290 2269 1333 n.
2300 1272 2391 1335 2.;
2413 1297 2448 1329 ‹<
2464 1271 2578 1335 Est
2597 1272 2798 1337 virtus

333 1374 637 1439 divinitus
684 1371 859 1437 nobis
892 1370 1116 1445 infusa,
1168 1389 1291 1451 qua
1338 1370 1629 1435 voluntas
1675 1369 1985 1434 desiderat
2033 1372 2256 1449 Deum,
2306 1375 2493 1456 prout
2538 1374 2656 1439 iste
2702 1377 2800 1440 est

332 1475 657 1542 beatitudo
692 1474 903 1540 nostra
936 1493 1008 1539 ex
1030 1472 1238 1557 gratia
1271 1474 1336 1536 et
1366 1472 1606 1536 meritis
1641 1472 2067 1554 consequenda
2102 1498 2162 1536 ».

423 1578 634 1656 Ratio,
668 1597 778 1641 cur
809 1577 1073 1657 utraque
1103 1594 1227 1639 non
1258 1575 1521 1658 placeat,
1560 1575 1672 1653 est,
1706 1574 1854 1656 quia
1888 1593 2025 1657 spes
2056 1577 2350 1658 supponit
2379 1578 2590 1660 potius
2627 1597 2802 1643 arno-

332 1702 467 1747 rem
512 1684 577 1745 et
627 1678 998 1745 desiderium
1058 1679 1121 1742 et
1182 1697 1371 1761 supra
1428 1696 1500 1741 ea
1562 1677 1882 1759 quidpiam
1931 1677 2125 1741 addit.
2175 1678 2274 1741 Ita
2331 1682 2494 1744 certe
2541 1700 2589 1744 s,
2639 1682 2801 1746 Tho-

333 1804 473 1847 mas
509 1785 566 1846 1.
602 1785 661 1845 2.
700 1802 759 1863 q.
795 1782 900 1844 40.
938 1783 1054 1845 art.
1094 1781 1182 1843 1.:
1231 1804 1266 1837 «
1312 1780 1519 1856 Patet,
1558 1778 1723 1861 quod
1772 1798 1908 1862 spes
1940 1778 2144 1843 differt
2190 1800 2227 1843 a
2275 1780 2594 1861 desideriO,
2635 1784 2802 1848 sicut

337 1885 632 1951 differunt
673 1885 982 1968 passiones
1030 1882 1356 1947 irascibilis
1393 1902 1430 1945 a
1461 1881 1851 1965 passionibus
1896 1882 2390 1965 concupiscibilis
2437 1886 2500 1949 et
2545 1887 2800 1970 propter

332 1989 456 2053 hoc
499 2006 637 2070 spes
692 1986 1134 2072 praesupponit
1179 1984 1569 2061 desiderium,
1611 1983 1775 2047 sicut
1829 2002 2040 2048 omnes
2095 1986 2412 2067 passiones
2467 1987 2796 2055 irascibilis

325 2089 838 2175 praesupponunt
884 2088 1198 2171 passiones
1243 2085 1737 2170 concupiscibilis
1784 2112 1846 2150 ».
1893 2087 2061 2172 Ergo
2109 2089 2272 2154 male
2317 2089 2610 2155 definitur
2654 2109 2796 2175 spes

322 2212 436 2278 per
474 2211 714 2256 merum
759 2190 1151 2255 desiderium.
1190 2189 1433 2253 Pariter
1480 2188 1642 2253 idem
1690 2210 1738 2253 s,
1781 2189 2053 2255 Thomas
2095 2190 2151 2254 1.
2205 2193 2265 2255 2.
2306 2212 2364 2274 q.
2407 2192 2511 2257 62.
2563 2194 2679 2257 art.
2730 2194 2794 2257 4.

322 2295 408 2360 ad
455 2296 549 2359 3.:
603 2319 640 2353 ι
677 2291 828 2378 Spes
859 2291 1111 2375 respicit
1156 2291 1298 2356 duo,
1333 2291 1545 2357 Unum
1592 2292 1840 2373 quidem
1889 2294 2053 2359 sicut
2084 2294 2420 2380 principale
2460 2296 2794 2373 obiectum,

319 2397 565 2465 scilicet
600 2397 853 2472 bonum,
889 2393 1055 2476 quod
1100 2395 1389 2477 speratur
1436 2395 1500 2457 et
1539 2396 1824 2477 respectu
1872 2396 2059 2461 huius
2113 2416 2354 2476 semper
2399 2417 2576 2460 amor
2606 2417 2796 2477 prae·

320 2499 490 2564 cedit
532 2519 722 2579 spem,
757 2515 1078 2579 nunquam
1124 2495 1289 2560 enim
1319 2496 1608 2580 spera-tur
1656 2496 1908 2580 aliquod
1955 2497 2187 2563 bonum
2218 2498 2338 2563 nisi
2375 2498 2792 2565 desideratum

321 2605 395 2669 et
430 2604 713 2668 amatum
746 2626 809 2665 ».
843 2599 927 2664 Et
949 2618 1164 2664 rursus
1202 2600 1260 2663 1.
1298 2601 1358 2662 2.
1385 2618 1444 2680 q.
1480 2598 1588 2662 40.
1623 2600 1741 2662 art.
1789 2600 1883 2663 7.:
1926 2626 1959 2658 «
1993 2601 2064 2665 In
2089 2603 2397 2684 quantum
2425 2602 2623 2687 igitur
2654 2622 2794 2685 spes

320 2705 580 2789 respicit
615 2705 849 2769 bonum
880 2703 1218 2786 speratum,
1260 2719 1398 2784 spes
1432 2720 1506 2764 ex
1543 2719 1753 2766 amore
1791 2703 2113 2778 causatum
2148 2723 2271 2769 non
2318 2703 2481 2768 enim
2528 2705 2623 2770 est
2653 2723 2796 2787 spes

315 2807 449 2876 nisi
486 2806 558 2872 de
589 2807 751 2872 bono
784 2803 1138 2870 desiderato
1178 2805 1240 2868 et
1275 2804 1488 2868 amato
1522 2827 1583 2865 ».
1635 2803 1830 2867 Amor
1862 2823 2027 2882 vero,
2068 2824 2140 2869 ex
2188 2824 2309 2887 quo
2358 2825 2516 2889 speS,
2566 2806 2792 2871 saltem

316 2908 693 2986 necessario,
744 2906 1038 2990 procedit,
1086 2924 1212 2970 non
1260 2906 1356 2970 est
1400 2902 1707 2987 perfectus
1757 2923 1950 2982 amor,
2000 2907 2204 2988 qualis
2251 2909 2346 2973 est
2389 2907 2637 2985 caritaS,
2685 2909 2793 2974 sed

312 3010 723 3096 imperfectus
762 3028 957 3087 amor,
1013 3027 1135 3090 quo
1184 3007 1638 3090 complacemus
1684 3005 1748 3070 in
1797 3025 1888 3084 eo,
1938 3008 2102 3089 quod
2150 3010 2244 3074 est
2290 3011 2522 3076 bonum
2566 3012 2786 3076 nobis:

312 3116 383 3179 2.
427 3115 488 3177 2.
525 3133 586 3195 (1.
631 3113 734 3176 17.
768 3131 824 3176 a.
863 3111 923 3176 8.
957 3108 1117 3174 Cum
1150 3129 1296 3194 ergo
1331 3129 1468 3193 spes
1501 3112 1963 3192 praesupponat
1996 3129 2270 3176 amorem
2302 3115 2364 3176 et
2395 3113 2790 3232 desiderium,

309 3234 445 3281 non
483 3216 649 3280 recte
687 3234 794 3297 per
825 3213 982 3278 tales
1017 3216 1194 3277 actus
1226 3211 1536 3277 definitur.

406 3316 480 3383 Si
509 3317 726 3399 itaque
772 3335 896 3380 non
925 3316 1091 3380 recte
1124 3313 1418 3378 definitur
1450 3333 1588 3396 spes
1620 3334 1727 3397 per
1760 3334 2034 3380 amorem
2066 3319 2180 3381 aut
2217 3317 2605 3398 desiderium,
2640 3321 2792 3404 quia

312 3441 462 3507 spes
510 3419 958 3505 praesupponit
995 3437 1067 3482 ea
1128 3418 1193 3482 et
1238 3415 1893 3499 aliquid·superaddit‚
1958 3418 2066 3500 qui
2111 3418 2361 3485 demum
2406 3422 2577 3486 istud
2625 3424 2791 3487 erit?

309 3522 638 3590 Audiatur
675 3541 725 3586 s.
760 3519 1031 3586 Thomas
1075 3520 1132 3582 1.
1163 3520 1223 3581 2.
1252 3538 1311 3600 q.
1351 3519 1458 3582 40.
1500 3520 1617 3582 art.
1658 3520 1747 3584 1.:
1789 3545 1824 3579 ‹
1862 3519 2039 3585 Circa
2073 3521 2383 3587 obiectum
2416 3527 2626 3588 autem
2658 3525 2788 3607 spei

312 3627 597 3708 quatuor
628 3621 1012 3688 conditiones
1045 3621 1475 3686 attenduntur.
1511 3619 1741 3686 Primo
1774 3622 2023 3704 quidem
2059 3624 2224 3706 quod
2257 3625 2340 3689 sit
2371 3626 2630 3703 bonum3
2664 3645 2787 3690 non

317 3727 486 3792 enim
532 3725 781 3810 proprie
828 3723 1132 3806 loquendo
1181 3724 1276 3788 est
1324 3742 1460 3808 spes
1508 3723 1627 3787 nisi
1673 3723 1747 3787 de
1786 3724 1947 3789 bono
1995 3727 2058 3789 et
2103 3746 2210 3810 per
2247 3728 2365 3793 hoc
2400 3727 2604 3794 differt
2648 3749 2789 3814 spes

314 3853 354 3899 a
396 3833 641 3908 timore,
690 3831 799 3913 qui
847 3830 942 3895 est
987 3829 1060 3894 de
1107 3829 1295 3893 malo.
1337 3827 1620 3892 Secundo
1668 3831 1743 3893 ut
1788 3829 1872 3894 sit
1919 3830 2234 3908 futurum;
2286 3853 2407 3900 non
2454 3835 2618 3900 enim
2649 3855 2790 3919 spes

311 3938 412 4001 est
446 3934 521 4000 de
556 3933 867 4018 praesenti
901 3933 1030 4000 iam
1075 3931 1291 3996 habito
1340 3932 1403 3995 et
1449 3951 1555 4014 per
1587 3932 1703 3997 hoc
1737 3932 1942 3996 differt
1974 3952 2112 4016 spes
2145 3954 2181 3998 a
2211 3935 2460 4020 gaudio,
2496 3937 2662 4020 quod
2693 3940 2789 4003 est

312 4038 388 4104 de
450 4038 615 4101 bono
665 4034 992 4119 praesenti.
1053 4034 1263 4097 Tertio
1311 4034 1649 4115 requiritur
1695 4034 1862 4117 quod
1909 4034 1993 4099 sit
2053 4036 2289 4119 aliquid
2336 4038 2598 4102 arduum
2646 4059 2788 4103 cum

309 4139 690 4205 difficultate
738 4136 1152 4220 adipiscibile;
1189 4154 1313 4200 non
1360 4136 1525 4199 enim
1574 4136 1800 4218 aliquis
1847 4137 2076 4201 dicitur
2123 4139 2354 4220 aliquid
2402 4158 2646 4223 sperare
2677 4142 2791 4206 mi-

307 4244 577 4320 nimum,
618 4240 786 4324 quod
816 4240 1035 4304 statim
1073 4239 1168 4303 est
1204 4239 1269 4303 in
1316 4258 1430 4303 sua
1483 4239 1792 4322 potestate
1827 4240 1898 4303 ut
1929 4240 2158 4306 habeat
2194 4243 2257 4306 et
2285 4262 2391 4324 per
2422 4242 2538 4307 hoc
2584 4243 2790 4311 differt

306 4365 451 4432 spes
491 4366 528 4409 a
576 4343 876 4409 desiderio
908 4343 1007 4406 vel
1036 4341 1397 4425 cupiditate,
1431 4341 1597 4423 quod
1628 4343 1724 4405 est
1755 4342 1828 4406 de
1859 4343 2020 4408 bono
2045 4343 2256 4408 futuro
2289 4344 2590 4424 absolute,
2626 4348 2789 4411 unde

306 4450 584 4532 pertinet
633 4446 709 4512 ad
758 4443 1313 4527 concupiscibilem,
1364 4463 1501 4526 spes
1549 4444 1759 4509 autem
1793 4444 1872 4509 ad
1919 4445 2307 4510 irascibilem.
2353 4447 2588 4526 Quarto
2619 4447 2786 4531 quod

310 4550 472 4614 illud
521 4549 789 4614 arduum
838 4549 923 4612 sit
966 4547 1258 4632 possibile
1308 4546 1597 4629 adipisci3
1631 4563 1757 4610 non
1789 4547 1951 4611 enim
1985 4547 2208 4630 aliquis
2256 4550 2463 4631 sperat
2493 4551 2575 4628 id,
2616 4549 2783 4632 quod

423 4669 718 4714 Batauum.
741 4690 794 4700 -—
812 4666 983 4711 Mor-al.
1012 4665 1149 4710 Tom.
1180 4665 1247 4708 11.
2650 4668 2679 4708 6
