3497 5147
334 307 483 382 [627]
941 324 1109 373 Qum
1149 326 1228 366 m
1268 324 1518 374 Qum-ra
1557 325 1652 367 arr
1689 326 2020 369 oamomo
2054 328 2194 371 von
2697 318 2806 374 483

1318 527 1496 595 Unde
1542 527 1830 593 resolves.

448 697 637 750 XXVl.
668 699 714 750 ·l.
740 698 789 751 ln
820 696 1024 751 materia
1052 696 1151 751 levi
1173 711 1316 751 nemo
1342 696 1585 762 obligatur
1611 700 1701 750 sub
1737 697 1961 765 mortali;
1987 697 2101 765 quia
2128 699 2333 752 materia
2357 700 2405 753 id
2433 713 2529 753 non
2554 697 2805 765 permittit.

334 782 521 836 Navar.
541 797 589 835 n.
618 782 701 834 40.
732 784 908 836 Sancb.
934 783 969 837 1.
999 782 1046 835 4.
1072 796 1117 835 c.
1142 785 1225 836 42.
1244 784 1413 846 Laym.
1441 783 1474 836 l.
1501 797 1543 835 e.
1571 781 1728 835 Verbi
1753 780 1921 848 gralia,
1951 782 2132 837 vovisti
2157 783 2362 839 recitare
2387 782 2607 849 quotidie
2638 782 2803 839 Salve

336 865 586 936 Reaina:
614 867 886 921 omittendo
931 869 1083 921 semel
1121 867 1409 932 iterumque,
1437 881 1533 919 non
1571 881 1745 933 peccas
1783 866 2056 920 mortaliter
2074 882 2090 934 ς
2129 867 2241 933 quia
2282 867 2481 922 materia
2521 875 2596 922 esl
2634 882 2803 936 parva.

338 952 567 1004 Sancbez
598 953 629 1003 Ι.
653 951 700 1004 4.
720 966 763 1004 c.
788 954 873 1005 42.
900 954 1069 1017 Laym.
1096 955 1128 1006 l.
1147 965 1193 1006 c.
1220 954 1350 1006 Azor
1370 953 1403 1005 l.
1427 953 1511 1004 21.
1537 966 1581 1004 c.
1606 952 1830 1014 45.1mo‚
1851 950 1942 1005 elsi
1967 957 2073 1005 tolo
2100 966 2224 1006 anno
2250 951 2463 1021 omittas»,
2482 966 2591 1006 esse
2618 958 2801 1006 lantum

344 1033 560 1101 veniale,
586 1049 648 1089 eo
672 1036 806 1102 quod
831 1035 1061 1090 materiae
1083 1033 1209 1091 istae
1232 1050 1415 1103 parvae
1441 1050 1537 1089 non
1573 1039 1851 1090 coalescant
1878 1035 1927 1089 in
1955 1051 2115 1101 unam,
2144 1035 2466 1102 probabiliter
2488 1038 2633 1090 docel
2657 1036 2801 1090 Dian.

337 1129 375 1173 t.
404 1121 456 1172 ὃ.
483 1118 621 1174 misc.
649 1135 696 1174 n.
723 1121 810 1175 24.
836 1135 898 1175 ex
924 1123 1063 1185 Solo,
1086 1126 1233 1187 Arag.
1261 1129 1310 1175 et
1335 1124 1489 1175 Tann.
1516 1125 1566 1175 2.
1594 1124 1642 1174 2.
1669 1124 1717 1175 d.
1746 1122 1796 1175 4.
1821 1124 1939 1175 dub.
1967 1125 2014 1176 3.
2041 1130 2207 1176 contra
2243 1125 2436 1177 Valent.
2464 1131 2555 1177 ete.

429 1245 606 1319 627.
639 1247 809 1315 Nota
850 1250 919 1312 1⁰
950 1248 1115 1331 quod
1160 1249 1378 1334 regula
1410 1249 1635 1326 valeat,
1676 1249 1823 1315 licet
1855 1250 1993 1332 quis
2026 1251 2179 1315 velit
2210 1271 2274 1315 se
2307 1252 2422 1316 snb
2451 1256 2630 1338 gravi
2656 1257 2806 1320 obli·

328 1371 508 1438 gare,
546 1352 639 1417 ita
685 1351 821 1416 heic
860 1370 910 1418 s.
942 1350 1126 1434 Alph.

426 1457 461 1493 *
486 1455 677 1521 Ratio
710 1455 824 1533 est,
859 1455 1008 1537 quia
1051 1455 1150 1520 ius
1196 1458 1458 1520 naturae
1504 1475 1626 1521 non
1674 1456 2001 1539 permittit,
2037 1459 2110 1521 ut
2156 1457 2220 1522 in
2243 1478 2308 1522 re
2337 1458 2462 1522 levi
2499 1460 2799 1544 obligatio

327 1559 423 1624 sit
468 1558 709 1643 gravis:
741 1558 1036 1624 voluntas
1081 1577 1228 1623 vero
1260 1558 1547 1634 hominia,
1584 1562 1656 1623 ut
1687 1559 1973 1636 diximuS,
2008 1578 2130 1625 non
2162 1562 2330 1625 creat
2355 1561 2799 1646 obligationem

330 1662 494 1738 voti,
527 1660 633 1726 sed
666 1679 730 1726 se
768 1660 1020 1725 subiicit
1048 1660 1164 1736 illi,
1196 1680 1385 1743 quam
1422 1661 1521 1726 ius
1553 1661 1814 1726 naturae
1847 1661 2227 1744 praescribit.
2251 1662 2284 1699 *

518 1764 589 1827 2ο
621 1762 810 1827 Valet
837 1763 1058 1847 regula
1095 1763 1172 1827 A.
1218 1780 1341 1827 non
1389 1763 1594 1828 solum
1648 1762 1894 1845 quando
1948 1781 2073 1828 non
2127 1765 2412 1829 servatur
2454 1766 2608 1831 levis
2655 1786 2797 1850 pars

334 1865 641 1930 materiae
689 1865 952 1930 alicuius
997 1883 1284 1949 magnae,
1310 1865 1416 1930 sed
1447 1865 1638 1930 etiam
1675 1885 1817 1930 cum
1851 1865 2169 1931 omittitur
2202 1870 2329 1931 tota
2349 1869 2477 1932 voti
2507 1871 2793 1945 materia,

329 1968 395 2034 si
425 1968 576 2031 haec
597 1968 731 2032 erat
760 1967 935 2032 levis.
968 1966 1106 2032 Hoc
1134 1968 1351 2032 contra
1384 1965 1752 2032 Caietanum
1777 1969 1912 2033 DD.
1946 1970 2356 2035 communiter
2377 1970 2615 2036 docent.
2649 1972 2790 2038 Vid.

334 2070 572 2137 Suarez
616 2071 723 2135 lib.
761 2073 821 2135 5.
854 2091 987 2154 cap.
1022 2071 1085 2136 4.
1112 2091 1172 2135 n.
1203 2072 1260 2135 7.
1297 2072 1357 2137 9.
1392 2069 1929 2150 Quemadmodum
1959 2072 2142 2149 enim,
2176 2074 2230 2138 si
2261 2073 2669 2140 confessarius
2708 2077 2797 2142 le-

326 2194 478 2239 vem
503 2174 951 2257 poenitentiam
981 2173 1283 2258 imponat,
1318 2173 1569 2239 omissio
1587 2174 1738 2252 eius,
1774 2175 1893 2240 etsi
1915 2176 2152 2253 totalis,
2177 2177 2310 2241 leve
2331 2181 2649 2261 peccatum
2677 2183 2791 2260 est,

323 2278 492 2342 levis
541 2276 943 2362 obligationis
987 2276 1237 2354 fractio;
1288 2276 1450 2341 idem
1499 2277 1824 2342 dicendum
1870 2277 1943 2342 de
1992 2277 2320 2344 omissione
2367 2281 2553 2346 totali
2597 2285 2796 2348 mate-

325 2379 463 2444 riae
511 2379 872 2463 promissae,
923 2379 978 2444 si
1022 2399 1095 2445 ea
1141 2383 1236 2444 est
1281 2379 1455 2445 leviS.
1511 2379 1683 2444 Haec
1729 2379 2010 2444 doctrina
2071 2400 2107 2444 a
2154 2380 2525 2449 confessario
2570 2388 2664 2449 est
2700 2404 2795 2450 ex·

330 2480 623 2566 plicanda
672 2481 1032 2564 poenitenti,
1067 2481 1175 2564 qui
1207 2482 1361 2546 talia
1408 2481 1683 2546 emiserit
1728 2483 1896 2559 vota,
1931 2500 2005 2548 ne
2038 2502 2108 2547 ex
2140 2484 2512 2550 conscientia
2543 2505 2796 2552 erronea

322 2589 537 2671 peccet
567 2586 861 2671 graviter.

511 2694 583 2757 3⁰
624 2691 917 2770 Infertur,
953 2693 1171 2758 votum
1203 2691 1444 2756 vitandi
1469 2694 1790 2774 peccatum
1817 2711 1941 2757 non
1963 2693 2240 2777 obligare
2263 2694 2382 2759 nisi
2413 2695 2590 2761 iuxta
2626 2696 2794 2762 illius

323 2797 734 2883 gravitatem.
761 2795 1276 2860 Salmanticenses
1314 2813 1446 2876 cap.
1483 2796 1542 2858 2.
1576 2815 1636 2857 n.
1681 2795 1828 2858 115.
1870 2795 2034 2878 apud
2063 2815 2113 2860 s.
2147 2796 2332 2879 Alph.
2365 2818 2425 2861 n.
2462 2800 2611 2862 211.
2637 2800 2790 2864 exci-

324 2900 535 2984 piunt,
584 2898 705 2962 nisi
749 2900 969 2962 votum
1016 2896 1253 2961 vitandi
1300 2897 1431 2961 leve
1479 2896 1798 2979 peccatum
1832 2897 2060 2961 habeat
2089 2918 2340 2964 causam
2389 2901 2665 2982 aliquam
2695 2921 2789 2966 ra-

322 3005 509 3068 tione
556 3001 734 3067 cuins
765 3002 853 3066 sit
887 3020 985 3065 res
1015 2999 1230 3086 magni
1261 2998 1581 3075 momenti,
1615 3001 1689 3062 ut
1719 3000 1775 3063 si
1797 2998 2125 3064 Praelatus
2158 3006 2408 3067 voveret
2437 3021 2560 3067 non
2591 3002 2787 3067 dicere

316 3104 752 3180 mendacium3
809 3103 907 3168 vel
969 3102 1021 3168 si
1068 3102 1304 3166 veniale
1342 3104 1662 3185 peccatum
1721 3100 1901 3166 valde
1946 3102 2271 3186 impediret
2316 3124 2352 3168 a
2400 3104 2677 3188 profectu
2722 3106 2785 3169 in

308 3207 707 3375 ιωὸἓῒὶὼιιιιὲἑι
742 3309 988 3374 videtur
1017 3310 1181 3373 bona
1211 3308 1457 3393 regula:
1491 3326 1665 3372 secus
1697 3308 1849 3371 haec
1885 3310 2089 3372 essent
2117 3307 2370 3372 dicenda
2407 3309 2626 3393 gravia
2657 3328 2789 3392 peo-

304 3418 469 3481 cata
511 3412 669 3477 citra
698 3412 939 3476 votnm.

507 3518 581 3580 4⁰
612 3514 829 3595 Quoad
866 3516 926 3578 2.
965 3514 1227 3598 partem,
1268 3532 1391 3595 qua
1432 3512 1678 3589 dicitur,
1711 3530 1935 3595 parvas
1967 3511 2260 3575 materias
2292 3529 2414 3575 non
2451 3510 2787 3574 coalescere

312 3626 385 3689 in
440 3619 776 3685 materiam
813 3618 1023 3703 gravis
1070 3616 1325 3700 peceati,
1374 3616 1627 3678 monent
1657 3615 1794 3678 DD.
1829 3614 1892 3676 id
1938 3631 2056 3677 non
2090 3630 2331 3695 semper
2360 3630 2490 3676 esse
2535 3631 2785 3676 verum:

312 3725 450 3791 vid.
480 3742 532 3787 s.
567 3722 752 3805 Alph.
793 3742 853 3786 n.
891 3721 1040 3785 212.
1073 3721 1137 3784 et
1166 3722 1330 3784 recte
1361 3718 1594 3793 dicunt,
1624 3735 1779 3800 opus
1805 3734 1935 3780 esse
1966 3715 2380 3780 distinctione.
2407 3715 2639 3780 Verum
2657 3735 2792 3800 pro-

308 3828 569 3915 positae
595 3823 1020 3890 distinctiones
1057 3840 1181 3887 non
1210 3822 1415 3887 solent
1444 3840 1575 3885 esse
1608 3818 1942 3883 admodum
1974 3813 2446 3883 claraez‘dicunt
2467 3838 2526 3882 v.
2546 3839 2640 3903 gr.
2664 3837 2784 3885 non

308 3931 671 3998 coalescere
692 3926 1011 4003 materiae,
1044 3925 1290 4008 quando
1319 3924 1487 3988 facta
1519 3921 1847 4005 promissio
1879 3922 1975 3985 est
2012 3921 2196 3985 affixa
2234 3921 2373 3999 diei,
2422 3926 2610 4006 prout
2656 3922 2787 3987 fieri

313 4032 489 4099 solet
536 4030 601 4094 in
638 4029 802 4094 votis
834 4027 1277 4111 personalibuS,
1309 4026 1427 4090 nisi
1466 4027 1706 4090 constet
1753 4024 1826 4089 de
1875 4023 2186 4107 opposito:
2219 4025 2437 4089 contra
2466 4043 2611 4089 vero
2644 4043 2786 4089 coa·

313 4136 576 4206 lescere,
617 4132 673 4195 si
703 4130 1029 4214 promissio
1077 4129 1353 4213 plurium
1381 4128 1614 4193 levium
1645 4127 2051 4193 materiarum
2082 4125 2248 4191 facta
2280 4126 2363 4191 sit
2399 4145 2506 4208 per
2529 4124 2784 4189 modum

311 4238 514 4304 unius
552 4236 615 4299 et
647 4233 775 4299 dies
813 4233 1165 4317 assignetur
1209 4250 1333 4296 non
1381 4230 1459 4295 ad
1504 4230 1836 4295 finiendam
1869 4229 2333 4313 obligationem,
2367 4225 2471 4291 sed
2501 4245 2577 4291 ne
2614 4225 2784 4291 diffe-

312 4344 505 4406 ratur
535 4336 869 4415 exsecutio,
926 4356 985 4400 v.
1042 4355 1136 4420 gr.
1170 4335 1223 4400 si
1256 4334 1403 4417 quis
1436 4336 1679 4410 voveat,
1720 4332 1985 4417 singulis
2033 4330 2246 4395 diebus
2292 4348 2550 4413 parvam
2595 4348 2786 4411 quan-

315 4446 467 4510 dam
507 4444 984 4527 eleemosynam.
1023 4440 1161 4506 Hoc
1192 4441 1406 4503 autem
1436 4437 1647 4502 dicunt
1672 4436 2027 4521 contingere
2051 4435 2174 4500 fere
2205 4434 2268 4498 in
2295 4434 2459 4499 votis
2491 4434 2781 4509 realibuS,

316 4548 438 4613 nisi
477 4544 727 4611 constet
757 4543 830 4607 de
865 4543 1170 4626 opposito.
