3497 5147
326 352 468 429 [122]
1065 367 1316 416 QUANDO
1355 367 1616 411 onmem
1651 369 1868 411 raam.
1908 369 2042 411 epm
2716 355 2787 409 91

416 465 649 529 Verum
687 465 838 528 11330
868 482 990 527 non
1021 463 1328 529 modicam
1382 465 1611 529 habent
1664 465 2121 532 difficultatem.
2168 466 2334 531 Nam
2379 466 2541 531 ratio
2592 466 2787 530 allata

327 568 650 634 manifeste
681 567 929 643 evincit,
965 568 1176 631 actum
1207 568 1335 650 spei
1383 587 1493 650 pro
1542 567 1775 633 adultis
1808 570 2219 633 necessarium
2261 588 2390 634 esse
2423 568 2789 633 necessitate

328 671 533 737 medii.
564 669 750 747 Nam,
785 670 860 734 ut
902 669 1110 752 inquit
1152 668 1473 754 Laymann
1520 670 1627 734 lib.
1670 672 1729 734 2.
1769 672 1847 734 tr.
1891 673 1950 734 2.
1990 690 2122 755 cap.
2166 673 2224 735 2.
2254 692 2313 735 n.
2352 676 2433 748 1.,
2468 672 2636 735 Deus
2684 671 2792 734 ho-

326 777 519 841 mines
567 773 818 839 adultos
864 773 1106 838 salvare
1151 791 1273 837 non
1338 773 1476 838 vult
1522 773 1652 838 sine
1700 792 1914 839 eorum
1979 775 2302 840 voluntate
2373 774 2438 838 et
2496 792 2789 857 coopera-

329 879 527 944 tione:
576 877 728 942 11330
774 878 989 940 autem
1032 875 1407 959 cooperatio,
1443 876 1767 959 supposita
1806 876 1943 952 fide,
1975 895 2097 942 non
2131 877 2205 940 fit
2249 877 2380 941 sine
2428 878 2573 940 actu
2622 874 2788 958 spei;

328 980 631 1063 siquidem
661 998 769 1063 per
799 998 972 1063 spem
1007 978 1302 1043 voluntas
1340 978 1600 1043 viatoris
1633 979 1853 1063 incipit
1884 979 2164 1045 accedere
2197 982 2260 1045 et
2299 980 2791 1063 appropinquare

331 1085 480 1148 Deo,
514 1083 706 1148 Porro
755 1082 809 1147 si
857 1082 1034 1147 actus
1081 1081 1210 1164 spei
1249 1081 1344 1146 est
1390 1081 1482 1146 ita
1527 1081 1926 1158 necessariae,
1982 1082 2294 1165 quomodo
2335 1081 2574 1146 Auctor
2619 1079 2790 1156 dicit,

331 1206 458 1252 esse
483 1184 814 1266 probabile
848 1184 1159 1248 hominem
1206 1183 1399 1249 teneri
1447 1185 1561 1248 etc.
1598 1187 1627 1247 Ῥ

416 1290 746 1353 Praeterea
776 1288 938 1352 311113
972 1287 1238 1365 obiiciet,
1288 1306 1360 1351 ex
1406 1286 1468 1350 vi
1516 1287 1746 1352 3113133
1794 1288 2057 1353 rationis
2106 1292 2317 1353 actum
2364 1288 2494 1371 spei
2533 1306 2654 1351 non
2674 1305 2796 1366 per

331 1387 428 1466 se:
446 1390 552 1456 sed
588 1390 831 1455 ratione
864 1389 1123 1454 alterius
1161 1389 1471 1472 praecepti
1503 1408 1634 1453 3333
1666 1391 2097 1456 necessarium.
2135 1391 2216 1456 Et
2247 1391 2450 1473 reipsa
2483 1390 2540 1454 si
2570 1389 2794 1473 fingaS,

333 1495 645 1560 hominem
691 1512 815 1558 non
862 1491 1057 1556 teneri
1102 1491 1302 1574 primo
1340 1491 1450 1555 illo
1490 1490 1787 1575 tempore,
1829 1511 1953 1575 quo
1987 1493 2256 1575 acquirit
2290 1513 2474 1558 usum
2506 1492 2792 1567 rationis,

335 1615 397 1661 se
444 1595 520 1660 ad
567 1596 770 1659 Deum
801 1593 1155 1658 convertere
1182 1593 1295 1656 aut
1327 1593 1647 1677 quidpiam
1695 1593 1866 1658 aliud
1905 1596 2240 1676 praestare,
2291 1593 2368 1657 ad
2417 1592 2583 1675 quod
2618 1593 2796 1656 actus

335 1698 463 1782 spei
509 1697 594 1762 311
638 1696 1037 1772 33033331133,
1087 1713 1157 1759 30
1202 1695 1340 1777 11130
1387 1694 1516 1759 13111
1566 1696 1769 1760 033331
1814 1695 2001 1760 huius
2073 1697 2250 1760 actus
2304 1695 2638 1760 necessitas
2685 1711 2799 1776 pro

343 1819 412 1865 eo
450 1801 742 1882 tempore.

435 1901 517 1966 Et
545 1900 988 1965 concedendum
1020 1899 1286 1975 videtur,
1322 1901 1653 1981 utramque
1691 1900 2130 1965 difficultatem
2180 1901 2379 1966 solida
2426 1899 2666 1964 ratione
2712 1899 2803 1962 in·

341 2007 481 2071 niti.
516 2005 677 2070 Hinc
707 2004 869 2087 quod
902 2004 1238 2069 secundum
1271 2002 1540 2068 Sanchez
1564 2003 1740 2068 Mor.
1768 2004 1874 2068 lib.
1913 2007 1971 2068 2.
1999 2025 2174 2089 capp.
2208 2006 2314 2069 33.
2343 2026 2402 2069 n.
2430 2005 2522 2069 3.:
2556 2028 2592 2062 «
2624 2004 2796 2081 Este,

335 2109 677 2173 diceremus
713 2108 831 2172 1100
862 2109 1258 2190 111330311111111
1305 2106 1399 2188 (33
1430 2107 1828 2171 convertendi
1884 2106 1962 2171 ad
2017 2108 2247 2191 Deum)
2279 2109 2428 2171 tunc
2465 2106 2635 2188 (cum
2682 2105 2801 2189 pri-

334 2230 512 2276 mum
544 2210 730 2274 homo
755 2209 1024 2292 acquirit
1047 2227 1232 2273 usum
1256 2208 1548 2292 rationis)
1580 2209 1877 2293 obligare,
1916 2227 2038 2275 non
2066 2209 2374 2294 obligaret
2405 2209 2801 2293 praeceptum

335 2313 465 2398 spei
484 2331 612 2394 per
646 2331 733 2390 33,
767 2311 874 2375 3311
897 2331 1020 2392 per
1050 2309 1337 2374 accidens
1384 2311 1622 2376 ratione
1666 2310 1925 2376 alterius
1958 2337 1993 2370 »
2033 2310 2148 2397 (a).

423 2414 607 2495 Quod
653 2433 798 2479 vero
831 2413 1060 2478 attinet
1098 2412 1173 2477 ad
1212 2414 1477 2496 primam
1523 2412 1977 2491 difficultatem,
2012 2413 2149 2479 ideo
2181 2414 2418 2479 Auctor
2464 2414 2633 2491 dicit,
2668 2432 2798 2477 3333

322 2514 658 2599 probabile
690 2515 1004 2582 hominem
1036 2515 1184 2581 tunc
1216 2514 1443 2593 teneri3
1477 2515 1626 2598 quia
1656 2515 1805 2581 licet
1834 2517 2073 2581 certum
2104 2516 2208 2590 sit,
2241 2515 2458 2581 debere
2489 2514 2802 2581 hominem

337 2621 416 2685 ad
447 2623 655 2686 Deum
686 2619 982 2695 converti,
1008 2638 1151 2683 cum
1182 2618 1238 2683 ei
1269 2620 1364 2683 est
1399 2618 1776 2684 sufficienter
1807 2618 2182 2703 propositus,
2210 2620 2418 2683 tamen
2455 2637 2580 2683 non
2612 2634 2804 2698 aeque

334 2726 581 2788 certum
627 2723 741 2799 est,
791 2722 1104 2787 hominem
1167 2722 1245 2786 ad
1290 2742 1427 2786 eam
1475 2722 1934 2788 conversionem
1995 2721 2189 2787 teneri
2243 2719 2443 2805 primo
2506 2720 2805 2802 1311111013,

331 2847 456 2911 quo
505 2825 734 2909 incipit
779 2844 931 2890 usus
976 2825 1257 2889 rationis.

427 2923 596 2998 122.
645 2925 881 3010 Nempe
926 2926 1301 2991 dissentiunt
1346 2925 1731 3002 Scholastici,
1783 2947 1861 2991 an
1908 2927 2126 2991 statim
2173 2946 2244 2990 ac
2290 2946 2441 3010 puer
2497 2925 2575 2989 ad
2621 2944 2808 2989 usum

327 3032 607 3096 rationis
652 3031 1017 3113 pervenerit,
1068 3030 1354 3094 teneatur
1400 3048 1464 3093 se
1512 3029 1588 3094 ad
1638 3030 1838 3093 Deum
1885 3030 2270 3094 convertere:
2320 3047 2507 3111 qua-m
2561 3046 2810 3091 conver-

327 3136 585 3201 sionem
615 3132 935 3208 Doctores,
972 3131 1413 3196 affirmativam
1460 3133 1831 3196 sententiam
1878 3134 2175 3208 13333133,
2208 3149 2330 3195 303
2379 3129 2592 3194 eodem
2622 3127 2809 3193 modo

328 3235 565 3302 deinde
601 3234 927 3318 explicant.
954 3233 1037 3297 Et
1059 3232 1307 3317 quidem
1337 3234 1495 3298 hanc
1518 3234 1945 3316 quaestionem
1975 3233 2216 3318 agitare
2248 3232 2700 3297 consueverunt
2733 3230 2811 3294 ad

329 3339 531 3405 aliam
574 3336 1059 3402 controversiam
1106 3335 1483 3413 solvendam,
1515 3356 1668 3402 num
1698 3335 1934 3401 scilicet
1963 3337 2160 3420 possit
2196 3335 2348 3413 fieri,
2376 3337 2449 3400 ut
2486 3353 2638 3418 puer
2668 3353 2811 3397 cum

329 3443 469 3509 solo
520 3440 784 3526 peccato
817 3439 1106 3524 originali
1138 3439 1367 3504 habeat
1397 3442 1718 3523 peccatum
1752 3439 2008 3505 veniale.
2029 3441 2121 3503 De
2152 3459 2276 3521 (1113
2308 3458 2357 3503 3.
2392 3438 2612 3503 Τ110111.
2652 3437 2710 3501 1.
2747 3438 2808 3500 2.

332 3565 392 3628 q.
447 3547 565 3610 89.
617 3544 737 3606 art.
789 3542 872 3617 6.,
922 3540 1147 3605 Suarez
1195 3540 1268 3603 de
1315 3540 1566 3605 Peccat.
1616 3542 1772 3624 disp.
1824 3543 1884 3605 2.
1918 3542 2065 3605 3301.
2102 3543 2182 3616 8.,
2224 3541 2505 3622 Vasquez
2554 3539 2617 3601 in
2664 3539 2706 3601 l.
2750 3539 2810 3600 2.

333 3648 493 3731 disp.
539 3647 717 3721 149„
751 3643 1020 3709 Sanchez
1069 3642 1308 3708 M'oral.
1356 3644 1463 3709 lib.
1499 3647 1559 3707 2.
1593 3664 1725 3727 0311.
1762 3644 1867 3707 33.
1903 3664 1960 3707 3.
1998 3644 2058 3706 3.
2093 3644 2156 3707 et
2203 3641 2311 3706 alii
2356 3641 2588 3724 passim
2635 3637 2816 3703 Com-

335 3752 734 3816 mentatores
780 3766 829 3811 s.
865 3745 1140 3811 Thomae
1185 3746 1276 3828 (in
1325 3766 1465 3811 eum
1512 3747 1768 3830 locum).

424 3852 688 3918 Indoles
736 3852 943 3915 tamen
1005 3850 1177 3914 illius
1224 3851 1677 3915 controversiae
1739 3849 1948 3927 efficit,
2000 3850 2072 3913 ut
2120 3867 2210 3925 33,
2260 3866 2418 3930 quae
2481 3844 2817 3910 incidenter

331 3959 565 4023 dicunt
615 3954 690 4018 de
735 3956 950 4019 nostra
996 3954 1113 4018 hac
1158 3953 1538 4035 quaestione,
1586 3972 1710 4018 non
1769 3971 2064 4037 magnam
2111 3949 2290 4015 nobis
2338 3948 2597 4013 afferant
2652 3946 2819 4011 utili-

333 4062 568 4125 tatem.
608 4054 767 4121 Sane
812 4055 891 4119 lis
938 4058 1032 4119 est
1069 4056 1231 4120 inter
1278 4074 1401 4132 eos,
1437 4055 1510 4119 de
1542 4075 1665 4138 qua
1703 4053 2115 4130 conversione,
2150 4052 2497 4137 perfectane
2531 4067 2636 4133 per
2667 4047 2821 4112 cari-

334 4166 571 4239 tatem,
613 4179 692 4223 an
732 4158 856 4223 alia
903 4158 1107 4222 minus
1156 4156 1444 4241 perfecta,
1480 4158 1781 4242 obligatio
1820 4155 2200 4222 concedenda
2246 4154 2331 4219 sit
2362 4153 2460 4216 vel
2506 4149 2818 4236 neganda:

335 4263 645 4350 quamvis
678 4261 871 4326 etiam
901 4262 1128 4345 negata
1166 4261 1530 4324 necessitate
1560 4259 1865 4344 perfectae
1897 4256 2311 4323 conversionis
2358 4273 2464 4338 per
2494 4254 2821 4317 caritatem

421 4479 494 4531 (a)
527 4473 652 4518 Erit
678 4471 808 4516 forte
837 4473 926 4527 qui
954 4476 1118 4527 putet,
1149 4485 1265 4515 cum
1287 4472 1348 4515 de
1369 4471 1530 4526 prima
1558 4471 1883 4516 conversione
1911 4471 1976 4514 ad
1998 4471 2157 4514 Deum
2178 4470 2365 4525 agitur,
2387 4472 2557 4511 actum
2579 4466 2701 4521 spei,
2721 4477 2822 4509 non

336 4543 574 4598 simplex
605 4539 849 4593 modium,
871 4540 956 4583 sed
974 4540 1308 4582 intrinsecum
1331 4540 1641 4583 elementum
1660 4537 1884 4582 eiusdem
1904 4549 2026 4590 ense,
2046 4548 2184 4592 opem
2204 4546 2383 4589 nempe
2401 4546 2507 4577 3333
2535 4533 2826 4577 inchoatam

336 4611 496 4656 mun
526 4607 931 4662 conver-ionem,
958 4619 1092 4663 qnae
1117 4606 1378 4661 perficitur
1403 4606 1671 4651 accedente
1698 4604 1930 4649 caritate.
1960 4604 2019 4648 Ε.
