3497 5147
741 406 849 461 246
982 420 1193 460 'ranem
1224 421 1304 460 vt.
1334 420 1494 460 snc‘r.
1524 421 1561 460 1.
1593 421 1679 460 nn:
1703 419 1895 461 ΡΒιΜο
1919 420 2135 461 Panno.
2163 421 2490 463 mammem.
2517 420 2649 462 OAP.
2677 422 2716 460 1.
2743 421 2886 462 nun.
2910 422 2977 462 11.
3055 408 3198 479 [336]

744 518 945 581 deberi
978 517 1180 581 causis
1211 516 1622 593 naturalibuS,
1648 517 1766 580 etsi
1801 516 2000 580 adhuc
2031 517 2148 580 sibi
2179 517 2431 601 ignotis.
2461 517 2850 600 Respondeo:
2878 518 3029 581 haec
3061 519 3195 601 ipsa

743 619 1183 702 phaenomena,
1231 638 1389 705 quae
1435 619 1585 701 ipsis
1633 618 1983 683 videntibus
2029 620 2419 702 contingunt,
2459 619 2784 683 manifeste
2821 638 2925 683 eos
2963 618 3196 698 docere,

743 722 1092 804 opinionem
1128 722 1323 797 illam,
1357 721 1523 802 quod
1553 721 1881 785 daemones
1913 721 2070 785 nulli
2101 722 2245 797 sint,
2279 721 2502 785 falsam
2534 740 2665 785 esse
2696 720 2954 803 ideoque
2985 741 3197 787 eorum

739 824 1179 908 ignorantiam,
1209 824 1260 887 si
1294 844 1415 906 qua
1448 825 1561 900 est,
1588 823 2037 887 crassissimam
2069 842 2200 887 esse
2224 826 2286 887 et
2319 824 2691 900 affectatam,
2720 825 2923 887 ortam
2954 843 3026 887 ex
3061 824 3198 890 odio

739 927 899 1004 fidei,
941 948 1128 1010 quam
1160 928 1519 992 reiecerunt.
1553 927 1723 990 Haec
1770 928 1981 990 autem
2014 927 2364 1010 ignorantia
2400 946 2436 990 a
2467 928 2717 1009 peccato
2754 944 2873 989 non
2915 931 3193 1003 excusat:

738 1030 1197 1112 superstitionis
1243 1048 1391 1113 ergo
1429 1030 1493 1092 et
1537 1029 1655 1111 ipsi
1702 1029 1790 1092 rei
1838 1033 2011 1092 sunt:
2046 1030 2330 1111 quamvis
2376 1029 2774 1112 potissimum
2820 1047 3036 1092 eorum
3067 1049 3201 1111 pec-

738 1134 950 1196 catum
996 1132 1080 1195 sit
1110 1130 1474 1214 praecedens
1513 1131 1828 1212 apostasia
1862 1150 1898 1194 a
1936 1130 2052 1194 fide
2090 1133 2154 1194 et
2187 1131 2264 1194 ab
2302 1130 2592 1208 Ecclesia,
2644 1129 2706 1193 in
2754 1130 2931 1193 cuius
2963 1131 3196 1212 peccati

739 1253 998 1315 poenam
1048 1234 1263 1298 traditi
1312 1235 1459 1298 sunt
1506 1230 1794 1296 Satanae.
1823 1233 1858 1269 *

848 1396 952 1447 Vll.
987 1396 1232 1460 Respond.
1261 1397 1309 1447 2.
1337 1392 1586 1447 Divinatio
1621 1399 1695 1445 est
1722 1393 1929 1458 duplex:
1957 1407 2067 1457 una,
2094 1392 2142 1444 in
2170 1408 2262 1457 qua
2301 1399 2375 1445 est
2399 1391 2646 1444 invocatio
2679 1394 2756 1445 vel
2785 1400 2979 1457 pactum
3005 1407 3203 1458 expres·

736 1494 843 1533 sum
870 1493 980 1531 cum
1008 1480 1244 1531 daemone
1271 1486 1317 1531 et
1342 1476 1556 1541 generali
1584 1476 1775 1530 nomine
1801 1476 1980 1529 dicitur
2008 1476 2371 1530 Necroniantia:
2396 1483 2446 1529 ut
2472 1490 2584 1528 cum
2611 1477 2819 1529 daemon
2846 1480 3040 1529 occulta
3059 1479 3200 1530 docet

740 1578 828 1630 per
854 1565 1118 1628 pythones,
1138 1562 1431 1628 arreptitios,
1457 1561 1757 1629 praestigias,
1791 1576 1877 1626 per
1906 1575 2136 1626 personas
2163 1569 2468 1613 mortuorum
2499 1563 2575 1612 vel
2604 1559 2830 1614 vivorum
2857 1561 3194 1627 apparentium

739 1647 897 1701 aliave
937 1648 1069 1712 signa
1111 1647 1158 1699 in
1208 1661 1334 1707 aere,
1375 1660 1517 1711 aqua,
1557 1646 1684 1710 igne,
1726 1644 1954 1711 speculis.
1997 1645 2101 1698 Alia
2140 1653 2230 1703 est,
2269 1645 2315 1697 in
2357 1659 2451 1708 qua
2491 1651 2679 1697 tautum
2718 1651 2793 1697 est
2830 1644 3082 1697 invocatio
3122 1648 3197 1698 vel

737 1740 930 1799 pactum
971 1732 1166 1786 tacitum
1208 1747 1292 1784 seu
1332 1730 1780 1798 interpretativum:
1811 1738 1862 1783 ut
1899 1745 2009 1782 cum
2042 1744 2102 1782 ex
2144 1728 2447 1783 lineamentis
2483 1727 2721 1795 corporis,
2752 1728 2975 1791 vocibus,
3014 1729 3194 1793 garritu

737 1817 898 1871 avium
938 1824 988 1870 et
1023 1816 1280 1879 similibus,
1306 1816 1484 1882 quibus
1522 1830 1574 1868 se
1617 1817 1832 1868 Daemon
1872 1813 2143 1868 immiscere
2168 1815 2308 1876 solet,
2338 1813 2591 1880 quaeritur
2618 1812 2852 1878 cognitio,
2882 1816 2944 1866 ad
2970 1829 3117 1880 quam
3145 1828 3197 1867 ea

736 1909 849 1956 sunt
887 1901 1341 1967 improportionata.
1383 1904 1431 1953 S.
1464 1904 1637 1953 Tuom.
1666 1916 1711 1965 q.
1741 1901 1826 1951 95.
1853 1899 1974 1952 Cum
2020 1914 2136 1952 vero
2179 1899 2431 1964 utriusque
2471 1897 2652 1965 speciei
2692 1898 2853 1951 variae
2892 1913 3069 1952 rursus
3107 1898 3200 1951 sint

737 1986 942 2051 specieS,
973 2000 1056 2037 eas
1080 1986 1158 2037 hic
1186 1985 1372 2043 omitto,
1400 1986 1528 2049 quod
1570 1986 1833 2036 secundum
1861 1984 2147 2037 sententiam
2188 1982 2589 2045 communiorem,
2617 1982 2665 2036 in
2708 1997 2884 2046 genere
2912 1984 3069 2036 moris
3106 1999 3197 2036 nou

736 2069 962 2123 differant
987 2084 1076 2121 nec
1115 2068 1372 2133 specialem
1400 2071 1610 2120 habeant
1637 2068 1868 2120 malitiam
1895 2068 2103 2133 ideoque
2144 2068 2193 2121 in
2220 2068 2522 2121 confessione
2565 2083 2660 2120 non
2686 2067 2750 2120 sit
2774 2083 2901 2134 opus
2932 2069 3193 2134 explicare.

736 2168 795 2206 an
822 2168 870 2206 v.
897 2167 944 2216 g.
972 2156 1093 2205 lacta
1122 2151 1186 2203 sit
1211 2150 1446 2204 divinatio
1474 2166 1534 2203 ex
1562 2151 1791 2218 speculis,
1822 2167 1948 2212 aere,
1979 2159 2172 2205 mortuo
2200 2161 2290 2206 etc.
2320 2152 2701 2218 Exprimendum
2728 2159 2887 2206 tamen
2916 2152 3195 2206 necessario

733 2245 825 2299 est,
852 2244 1010 2290 utrum
1036 2234 1282 2289 invocatio
1309 2235 1413 2288 sive
1447 2235 1607 2300 pactio
1633 2250 1881 2301 expressa,
1908 2250 1967 2289 an
2009 2237 2155 2290 tacita
2195 2236 2516 2290 intervenerit
2527 2252 2544 2303 ;
2568 2235 2699 2302 quia,
2730 2237 2837 2290 sive
2877 2241 2999 2290 haec
3038 2252 3197 2290 mora·

732 2321 844 2374 liter
881 2320 1006 2374 inter
1043 2335 1096 2373 se
1132 2319 1297 2386 specie
1332 2319 1572 2379 differant,
1605 2318 1710 2372 sive
1737 2334 1849 2382 non,
1881 2320 2161 2373 notabiliter
2203 2329 2358 2374 tamen
2388 2329 2576 2375 mutant
2612 2321 2844 2374 iudicium
2882 2321 3195 2377 Conlessarii.

732 2407 795 2459 V.
826 2409 993 2471 Laym.
1024 2410 1053 2459 l.
1081 2420 1120 2459 c.
1151 2408 1328 2458 Sancti.
1364 2408 1392 2455 l.
1423 2420 1465 2457 c.
1497 2406 1630 2456 hess.
1659 2408 1688 2457 l.
1716 2420 1760 2456 c.
1787 2406 1834 2457 d.
1862 2407 1910 2457 5.
1944 2407 2074 2458 Deir.
2105 2409 2134 2457 l.
2166 2406 2211 2458 4.
2242 2405 2366 2472 disp.
2402 2406 2448 2458 4.
2476 2421 2519 2459 c.
2548 2410 2595 2460 2.
2625 2408 2746 2460 Bon.
2771 2422 2819 2472 q.
2847 2408 2896 2459 5.
2928 2421 2974 2472 p.
3008 2408 3054 2459 t.

821 2542 995 2617 336.
1032 2544 1092 2611 S.
1129 2546 1350 2610 Thom.
1382 2544 1603 2609 melius
1641 2564 1830 2627 quam
1861 2545 2098 2611 Auctor
2129 2565 2259 2612 rem
2296 2547 2526 2632 digerit
2558 2551 2618 2614 2.
2658 2551 2717 2613 2.
2751 2568 2808 2632 q.
2847 2550 2953 2614 95.
2984 2552 3105 2615 art.
3133 2550 3192 2614 3.

736 2676 772 2710 «
798 2651 1011 2716 Omnis
1043 2650 1345 2714 divinatio
1370 2649 1574 2713 utitur
1607 2650 1683 2713 ad
1705 2651 2271 2734 praecognitionem
2300 2652 2500 2717 futuri
2530 2654 2786 2740 eventus
2812 2654 3027 2735 aliquo
3060 2654 3194 2718 dae-

729 2772 986 2818 monum
1021 2753 1277 2818 consilio
1311 2753 1410 2816 vel
1443 2752 1702 2816 auxilio:
1737 2752 1904 2834 quod
1936 2752 2185 2834 quidem
2217 2754 2314 2818 vel
2344 2773 2623 2837 expresse
2659 2756 3058 2838 imploratur,
3099 2756 3194 2820 vel

728 2857 972 2938 praeter
1016 2855 1424 2919 intentionem
1470 2854 1736 2918 hominis
1785 2873 1848 2918 se
1897 2856 2134 2919 occulte
2180 2856 2439 2922 daemon
2487 2857 2716 2940 ingerit
2760 2857 2840 2922 ad
2887 2878 3193 2941 praenun-

729 2957 1013 3021 tiandum
1037 2957 1251 3020 futura
1276 2957 1599 3037 quaedam,
1621 2977 1778 3037 quae
1803 2958 2158 3023 hominibus
2184 2961 2330 3022 sunt
2355 2958 2591 3042 ignota,
2620 2959 2676 3022 ei
2701 2961 2912 3024 autem
2938 2963 3190 3045 cognita

729 3078 838 3141 per
884 3059 1117 3135 modOS,
1158 3058 1231 3122 de
1278 3059 1503 3139 quibus
1549 3059 1612 3121 in
1660 3059 1869 3123 Primo
1909 3060 1988 3140 (I.
2021 3063 2180 3142 part.
2216 3080 2274 3141 q.
2311 3061 2414 3124 57.
2450 3062 2566 3125 art.
2602 3062 2695 3144 3.)
2726 3062 2965 3127 dictum
3014 3066 3190 3128 est».

825 3185 861 3219 α
910 3163 1252 3224 Daemones
1284 3162 1512 3224 ,autem
1559 3180 1837 3243 expresse
1899 3162 2172 3227 invocati
2219 3163 2424 3227 solent
2484 3162 2698 3229 futura
2754 3167 3191 3247 praenuntiare

726 3262 1175 3344 multipliciter.
1203 3259 1581 3344 Quandoque
1628 3263 1877 3346 quidem
1915 3265 2341 3348 praestigiosis
2373 3265 2746 3346 quibusdam
2793 3269 3194 3350 apparitioni·

723 3365 841 3429 bus
889 3383 953 3428 se
1001 3365 1277 3446 aspectui
1321 3367 1385 3429 et
1430 3365 1676 3429 auditui
1722 3365 2045 3430 hominum
2101 3367 2450 3450 ingerentes
2497 3367 2576 3432 ad
2624 3371 3190 3450 praenuntiandum

721 3467 957 3543 futura,
986 3468 1048 3531 et
1071 3467 1221 3531 haec
1252 3468 1480 3550 species
1513 3469 2231 3549 vocaturpraestiyium,
2259 3489 2331 3533 ex
2362 3489 2433 3535 eo
2466 3470 2630 3552 quod
2669 3472 2836 3536 oculi
2866 3473 3190 3538 hominum

720 3571 1283 3655 praestringuntur.
1299 3570 1678 3652 Quandoque
1703 3571 1916 3635 autem
1941 3591 2047 3655 per
2070 3573 2329 3648 somnia,
2350 3573 2414 3636 et
2436 3574 2585 3637 haec
2610 3576 2870 3639 vocatur
2885 3574 3193 3639 divinatio

720 3676 1105 3737 somniorum
1165 3673 1372 3754 (aiunt
1434 3674 1905 3750 oniromantia).
1971 3673 2352 3757 Quandoque
2412 3695 2556 3740 vero
2626 3697 2734 3759 per
2792 3680 3191 3744 mortuorum

719 3775 1073 3854 aliquorum
1121 3776 1574 3856 apparitionem
1625 3776 1720 3839 vel
1766 3775 2144 3841 locutionem
2191 3780 2252 3841 et
2300 3779 2451 3841 haec
2498 3779 2726 3862 species
2773 3781 3044 3845 vocatur
3090 3801 3192 3845 ne·

721 3875 1132 3937 cromantia...
1172 3876 1551 3957 Quandoque
1584 3895 1726 3940 vero
1776 3877 1988 3942 futura
2038 3880 2480 3960 praenuntiant
2515 3899 2622 3963 per
2666 3881 2948 3947 homines
2989 3883 3184 3959 vivoS,

716 3978 878 4042 sicut
915 3978 979 4041 in
1018 3978 1359 4058 arreptitiis
1408 3980 1580 4061 patet
1630 3982 1693 4043 et
1741 3980 1890 4043 haec
1930 3983 2024 4045 est
2062 3982 2366 4046 divinatio
2401 4004 2523 4063 per
2555 3983 2930 4066 pythones...
2983 3986 3189 4066 Quan-

717 4080 917 4161 doque
966 4097 1110 4142 vero
1159 4077 1370 4143 futura
1418 4081 1862 4162 praenuntiant
1906 4101 2012 4163 per
2060 4083 2300 4164 aliquas
2347 4085 2582 4170 figuras
2630 4086 2728 4150 vel
2773 4086 2976 4171 signa,
3028 4109 3184 4171 quae

719 4182 783 4245 in
829 4182 1011 4247 rebus
1057 4175 1417 4245 inanimatis
1467 4183 1808 4264 apparent:
1858 4202 2016 4264 quae
2062 4185 2310 4265 quidem
2357 4189 2409 4252 si
2459 4190 2796 4271 appareant
2849 4189 2913 4253 in
2971 4191 3179 4273 aliquo

713 4302 965 4365 corpore
1013 4283 1311 4360 terrestri,
1362 4287 1515 4366 puta
1562 4285 1626 4348 in
1672 4284 1846 4368 ligno
1896 4285 1993 4350 vel
2039 4286 2199 4352 ferro
2219 4272 2345 4355 ⁸vel
2391 4290 2595 4373 lapide
2649 4290 2867 4373 polito,
2918 4295 3176 4357 vocatur

717 4388 1113 4468 yeomantia:
1161 4387 1213 4451 si
1262 4388 1472 4451 autem
1518 4388 1579 4451 in
1629 4406 1793 4469 aqua
1839 4387 2316 4470 hydr-ommia:
2351 4393 2403 4457 si
2452 4395 2663 4458 autem
2709 4393 2772 4457 in
2821 4412 2982 4468 aere,
3016 4415 3186 4458 aero-

713 4490 990 4553 mutia:
1038 4490 1089 4553 si
1139 4490 1347 4553 autem
1396 4490 1459 4554 in
1506 4491 1670 4575 igne,
1712 4494 2161 4571 pyromantia:
2210 4494 2262 4557 si
2310 4497 2523 4559 autem
2569 4495 2631 4559 in
2681 4495 3021 4560 visceribus
3061 4496 3184 4560 ani·

712 4593 998 4670 malium,
1047 4592 1520 4659 immolatorum
1569 4594 1633 4658 in
1682 4594 1807 4659 aris
1854 4595 2245 4673 daemonum,
2274 4600 2533 4662 vocatur
2578 4596 3093 4677 haruspicium».
