3497 5147
321 351 452 430 [224]
685 365 772 405 ms
806 367 1136 409 rnA'mnuA
1176 368 1624 411 connum-romu.
1663 368 2198 411 crucums'rammm
2233 368 2375 410 mus
2668 356 2769 410 167

424 464 590 517 XLVI.
612 464 759 527 Resp.
781 465 829 514 2.
855 465 1169 530 Praeceptum
1196 469 1289 518 hoc
1316 463 1500 527 obligat
1526 463 1934 518 concurrentibus
1962 464 2037 518 his
2062 463 2468 518 circumstantiis:
2497 467 2542 516 ·Ι.
2563 463 2606 517 si
2633 470 2769 517 cerlo

322 549 401 603 tibi
433 553 613 601 constet
652 548 713 599 de
752 554 953 612 peceato
993 548 1229 614 proximi;
1257 548 1487 612 indagare
1514 549 1641 602 enim
1669 557 1862 603 tenetur
1891 552 2027 603 solus
2059 548 2326 615 Superior:
2357 553 2403 602 2.
2435 548 2477 601 si
2514 548 2769 614 probabile

323 632 381 687 sit
413 647 498 685 non
536 634 821 685 emendasse
859 645 946 686 nec
985 635 1350 688 emendaturum
1392 635 1469 687 vel
1508 638 1847 700 relapsurum;
1874 634 1985 699 quia
2027 638 2339 698 eleemosyna
2383 633 2542 698 egenti
2583 640 2768 686 tantum

321 720 461 771 danda
497 723 593 770 est:
620 719 668 769 3.
697 716 738 767 si
767 715 892 770 alius
929 733 1084 783 aeque
1122 718 1329 771 idoneus
1367 732 1461 771 non
1504 718 1644 779 adsit,
1672 717 1754 782 qui
1793 726 2113 784 correpturus
2155 725 2386 784 putetur:
2417 718 2464 770 4.
2493 717 2535 770 si
2565 717 2625 770 sit
2656 732 2771 782 spes

323 805 519 868 tructus3
556 799 688 866 quia,
728 803 987 867 desperato
1028 805 1138 867 nne,
1178 808 1372 856 cessant
1411 802 1599 855 media:
1630 803 1678 855 5.
1720 802 1760 854 si
1800 803 1863 856 sit
1900 805 2026 855 bona
2066 788 2278 867 o'ccasio,
2319 805 2455 854 locus
2493 808 2541 855 et
2579 808 2771 868 tempus

321 893 629 952 opportunum
658 885 912 952 possisque
938 886 1042 938 sine
1084 893 1168 940 tuo
1207 885 1345 951 gravi
1383 889 1560 939 damno
1601 890 1775 940 [acere.
1806 889 1949 954 Quod
1978 885 2020 938 si
2047 889 2221 939 horum
2258 884 2441 950 aliquid
2465 885 2608 948 desit,
2636 900 2771 952 prae·

323 976 501 1037 ceptum
537 985 634 1023 non
673 969 873 1034 obligat.
901 972 1039 1024 Unde
1065 976 1214 1038 patet,
1237 970 1343 1024 eins
1368 970 1681 1024 omissionem
1719 970 1769 1024 in
1809 970 2016 1037 privatis
2044 973 2125 1025 vel
2153 972 2331 1024 atillam
2371 986 2480 1025 esse
2507 974 2584 1023 vel
2613 974 2768 1025 levem

322 1058 512 1122 culpam.
541 1070 588 1106 v.
613 1057 734 1107 Bon.
763 1056 795 1108 1.
821 1070 865 1109 c.

406 1185 575 1259 224.
619 1191 863 1256 ‘Auctor
908 1190 1058 1254 dicit
1103 1190 1624 1268 circumstantiae,
1675 1192 1737 1254 in
1786 1192 2013 1273 quibus
2054 1192 2314 1276 obligat.
2364 1190 2607 1257 Cla-rior
2653 1193 2772 1256 erit

325 1293 624 1370 tractatio,
660 1293 714 1356 si
745 1312 816 1356 ex
849 1293 1104 1357 adverso
1153 1294 1595 1358 enumerantur
1625 1293 2149 1370 circumstantiae,
2185 1294 2248 1357 in
2296 1294 2520 1375 quibus
2567 1293 2773 1358 deficit

325 1395 607 1482 obligatio
643 1396 756 1458 aut
793 1395 955 1459 certe
993 1414 1116 1459 non
1149 1397 1246 1459 est
1282 1396 1511 1480 gravis.

490 1498 558 1560 1·
603 1495 892 1561 Conditio
943 1516 1111 1582 ergo,
1161 1499 1444 1562 constare
1492 1497 1672 1562 debet
1716 1499 1883 1562 certo
1931 1497 2005 1561 de
2053 1499 2302 1581 peccato
2352 1498 2511 1578 (aut,
2570 1499 2776 1580 inquit

322 1617 366 1663 s,
397 1600 571 1682 Alph.
611 1619 683 1664 ex
722 1599 1055 1683 Tournely,
1091 1600 1163 1663 de
1196 1601 1467 1683 periculo
1500 1601 1769 1681 peccati:
1820 1599 1925 1663 sed
1964 1601 2306 1681 periculum
2341 1601 2575 1682 peccati
2607 1619 2776 1664 aver-

319 1702 440 1765 tere
477 1721 595 1766 non
621 1701 889 1784 pertinet
923 1700 1000 1764 ad
1033 1702 1529 1783 correptionem).
1565 1700 1728 1764 Hinc
1761 1701 1811 1763 si
1845 1700 2073 1764 notitia
2099 1701 2181 1764 sit
2214 1720 2321 1782 per
2346 1701 2631 1763 auditum
2664 1705 2777 1763 aut

324 1820 424 1884 per
454 1804 570 1868 alia
604 1804 784 1888 signa
815 1802 1027 1876 dubia,
1060 1821 1183 1867 non
1217 1804 1517 1866 tenemur.
1561 1803 1694 1866 Imo
1730 1802 1994 1866 offendes
2029 1802 2243 1880 alium,
2278 1821 2462 1883 quem
2494 1803 2680 1884 putas
2704 1819 2773 1864 ex

325 1904 545 1970 incerto
575 1905 800 1970 iudicio
840 1924 972 1969 esse
1003 1906 1068 1969 in
1101 1907 1276 1969 statu
1307 1904 1563 1987 peccati.

408 2007 592 2072 Addit
630 2027 677 2072 s.
712 2008 1067 2090 Alphonsus
1098 2007 1206 2071 lib.
1259 2008 1318 2070 2.
1355 2028 1412 2070 11.
1448 2008 1576 2083 38.,
1627 2027 1695 2071 ex
1730 2005 2343 2084 Salmanticensibus,
2383 2005 2514 2070 nisi
2547 2008 2637 2069 sit
2677 2026 2777 2069 su-

319 2110 503 2189 spicio
533 2110 608 2175 de
641 2109 966 2174 homicidio
1005 2111 1120 2173 etc.
1156 2107 1272 2173 Sed
1310 2110 1459 2173 haec
1491 2111 1638 2173 sunt
1676 2111 1849 2174 extra
1885 2110 2122 2184 locum3
2158 2110 2302 2192 quia
2337 2129 2537 2175 sermo
2577 2112 2672 2173 est
2703 2109 2775 2172 de

319 2214 696 2297 correptione
726 2214 1018 2291 fraterna,
1054 2233 1174 2278 non
1207 2214 1280 2278 de
1311 2215 1596 2278 cavendis
1622 2215 1944 2297 quibusvis
1976 2216 2237 2280 damnis.

399 2315 587 2380 Addit
607 2316 685 2380 A.
714 2334 836 2380 non
861 2335 992 2380 esse
1017 2316 1461 2400 obligationem
1487 2317 1844 2401 indagandi.
1874 2317 2089 2392 Recte,
2118 2317 2266 2398 quia
2290 2318 2407 2382 hoc
2431 2319 2527 2381 est
2549 2336 2778 2380 munus

318 2419 558 2483 tantum
582 2419 998 2501 superiorum,
1032 2419 1140 2500 qui
1163 2419 1489 2501 specialem
1522 2419 1913 2503 singulorum
1946 2419 2011 2482 et
2040 2421 2357 2502 praeterea
2389 2420 2587 2483 totius
2618 2439 2780 2483 com-

317 2521 645 2588 munitatis
677 2540 891 2586 curam
924 2522 1173 2586 habent.
1200 2520 1377 2602 Quod
1416 2540 1536 2586 non
1571 2522 1655 2586 sit
1689 2522 1993 2606 obligatio
2018 2521 2373 2605 indagandi,
2408 2524 2570 2587 recte
2602 2521 2783 2586 docet

318 2627 658 2691 communis
693 2624 1000 2689 sententia
1039 2644 1180 2689 cum
1213 2644 1261 2689 S.
1302 2626 1522 2690 Thom.
1566 2628 1624 2688 2.
1667 2626 1727 2689 2.
1756 2646 1814 2708 q.
1850 2627 1955 2689 33.
1992 2629 2109 2690 art.
2152 2628 2211 2689 2.
2248 2626 2325 2690 ad
2358 2625 2419 2689 4.

400 2728 532 2793 11110
579 2746 786 2810 neque
830 2727 925 2792 fas
958 2728 1055 2791 est
1098 2728 1320 2809 cuique
1352 2728 1648 2811 indagare
1681 2727 1947 2792 aliorum
1978 2728 2145 2792 facta
2176 2730 2239 2792 et
2273 2748 2454 2812 agere
2500 2728 2781 2811 explora-

316 2832 507 2895 torem
542 2832 717 2896 vitae
749 2829 1003 2894 alienae.
1038 2829 1220 2893 Nam.
1255 2830 1437 2893 Prov.
1473 2829 1703 2892 XXIV.
1743 2831 1845 2893 15.
1880 2830 1982 2893 Ne
2013 2850 2283 2910 quaeras
2300 2831 2679 2911 impietatem
2710 2832 2783 2894 in

312 2928 483 2995 domo
530 2933 697 2997 iusti
741 2934 804 2995 et
844 2951 972 2995 non
1019 2935 1222 2995 vastes
1267 2932 1542 3012 requiem
1579 2932 1732 2994 eius,
1774 2931 2100 2995 Praeterea
2132 2933 2361 2996 notitia
2398 2933 2549 2997 facti
2594 2934 2781 2997 alieni

313 3053 431 3098 non
460 3036 559 3099 est
599 3032 884 3111 scientia,
933 3053 1123 3115 quam
1170 3034 1309 3115 quis
1358 3033 1670 3115 acquirere
1717 3034 2023 3111 teneatur,
2069 3034 2191 3098 nisi
2237 3036 2345 3117 qui
2394 3053 2547 3099 onus
2593 3035 2784 3099 habet

309 3137 695 3219 providendi.
732 3137 1010 3218 Denique
1056 3136 1173 3201 hoc
1218 3137 1314 3200 est
1347 3155 1502 3200 onus
1542 3135 1967 3213 intolerabile;
2008 3136 2173 3217 quod
2206 3155 2351 3201 sane
2389 3137 2669 3203 sentiunt
2711 3137 2778 3213 ii,

312 3239 420 3319 qui
451 3241 778 3322 praesunt.

396 3340 539 3407 Non
573 3343 788 3406 solum
822 3360 948 3406 non
979 3343 1263 3405 tenemur
1292 3359 1583 3422 quaerere
1615 3341 1965 3424 peccatores
1997 3343 2062 3405 et
2097 3345 2367 3424 peccata,
2403 3361 2560 3423 quae
2592 3341 2783 3407 corri—

314 3442 578 3524 piamuS,
615 3442 727 3507 sed
759 3444 905 3507 talis
937 3443 1257 3524 inquisitio
1296 3443 1524 3507 vitiosa
1555 3444 1650 3508 est
1687 3446 1751 3507 et
1780 3442 2303 3525 reprehensibilis;
2345 3445 2491 3525 quia
2528 3445 2785 3527 generat

316 3548 637 3625 scandala,
692 3547 1072 3612 occasionem
1119 3547 1371 3629 praebet
1419 3546 1573 3610 odiis
1621 3548 1686 3610 et
1730 3546 2237 3610 dissensionibus,
2288 3546 2451 3609 Nam
2505 3546 2786 3609 homines

311 3651 573 3714 moleste
597 3649 833 3724 ferunt,
868 3667 982 3713 sua
1007 3649 1162 3712 alios
1186 3648 1353 3712 facta
1378 3649 1644 3711 scrutari
1676 3650 1738 3711 et
1772 3650 1994 3729 suapte
2024 3649 2252 3711 natura
2284 3648 2433 3711 talis
2464 3646 2785 3729 inquisitio

305 3751 609 3816 iniuriam
643 3749 833 3815 infert
857 3749 1154 3834 proximo,
1181 3749 1357 3814 cuius
1390 3750 1610 3813 honori
1636 3752 1698 3813 et
1724 3749 2151 3813 aestimationi
2186 3751 2569 3827 adversatur,
2596 3767 2788 3831 quam

308 3852 378 3918 de
395 3874 462 3919 se
489 3854 808 3938 optimam
833 3870 1043 3916 omnes
1068 3851 1281 3916 haberi
1305 3851 1584 3934 cupiunt.
1615 3852 1797 3917 Dian.
1827 3853 1979 3916 tom.
2020 3852 2077 3915 7.
2106 3853 2185 3915 tr.
2213 3853 2273 3915 4.
2302 3852 2482 3916 resol.
2511 3853 2615 3915 25.
2641 3873 2700 3916 n.
2722 3853 2784 3915 3.

394 3957 563 4021 Hinc
587 3955 989 4040 Augustinus
1024 3973 1202 4018 serm.
1243 3953 1344 4017 16.
1373 3953 1446 4017 de
1489 3954 1665 4018 Verb.
1694 3952 1880 4019 Dom.
1898 3975 1919 4016 .·
1952 3979 1988 4013 ‹
2012 3955 2321 4020 Admonet
2345 3974 2456 4021 nos
2482 3956 2790 4020 Dominus

304 4061 517 4125 noster
555 4077 691 4122 non
721 4058 1034 4143 negligere
1069 4057 1331 4121 invicem
1379 4060 1632 4139 peccata
1678 4060 1913 4136 nostra,
1964 4077 2085 4122 non
2125 4058 2470 4140 quaerendo
2520 4059 2668 4141 quid
2700 4080 2791 4122 re-

305 4162 682 4245 prehendam,
734 4161 837 4225 sed
885 4160 1165 4237 videndo,
1201 4160 1350 4242 quid
1383 4162 1658 4246 corrigas
1692 4188 1752 4225 ».
2050 4244 2053 4247 Δ

393 4263 704 4331 Conditio
730 4264 820 4327 2⁸.
846 4261 987 4326 Non
1013 4263 1237 4327 teneris
1255 4263 1556 4346 corripere
1582 4264 1634 4327 si
1657 4265 1919 4341 constet,
1941 4265 2290 4347 proximum
2314 4263 2442 4327 iam
2461 4264 2793 4347 resipuisse

310 4387 344 4431 a
377 4368 667 4451 peccato.

397 4469 723 4536 Videlicet
751 4468 1035 4532 constare
1071 4467 1269 4544 debet,
1305 4468 1656 4551 proximum
1703 4468 1977 4551 indigere
2016 4466 2398 4549 correptione
2432 4469 2496 4531 et
2542 4467 2791 4548 quidem

311 4593 573 4658 gravem
608 4588 750 4635 esse
778 4569 1205 4655 indigentiam.
1245 4570 1410 4633 Hinc
1447 4570 1500 4633 si
1549 4572 1631 4634 sit
1681 4571 2012 4634 timoratae
2051 4569 2477 4646 conscientiae,
2520 4569 2670 4633 adeo
2718 4570 2793 4629 ut
