3497 5147
674 357 782 414 100
965 371 1176 410 1111101.
1217 370 1272 409 v.
1313 368 1475 408 sacr.
1517 368 1606 408 111.
1645 366 1729 408 1110
1768 365 2091 412 οΑΒιτΑτιε
2128 365 2518 408 PRAEGEPTIS.
2557 367 2754 410 CAPUT
2793 369 2832 410 1.
2989 353 3140 428 [184]

672 469 962 533 volumus
998 467 1185 531 alicui
1216 467 1468 541 bonum,
1503 463 1849 529 etiam-non
1895 465 2365 547 praesupposita
2412 464 2728 547 praedicta
2781 466 3009 532 unione
3054 467 3143 531 af-

670 570 871 637 fectus
918 569 997 634 ad
1030 570 1255 652 ipsum.
1291 567 1392 633 Sic
1422 587 1570 651 ergo
1602 567 1666 630 in
1696 566 2042 643 dilectione,
2078 568 2412 632 secundum
2444 568 2612 648 quod
2644 569 2742 632 est
2772 572 2950 634 aetus
2987 570 3143 634 cari-

672 673 848 748 tatis,
906 671 1247 740 includitur
1293 670 1540 753 quidem
1596 669 2051 745 benevolentia3
2100 669 2205 735 sed
2252 669 2500 736 dilectio
2551 671 2682 735 sive
2736 690 2910 736 amor
2964 672 3139 737 addit

670 775 960 844 unionem
1011 775 1267 840 affectus
1301 775 1365 837 et
1410 774 1662 856 propter
1707 773 1824 837 hoc
1854 771 2269 855 Philosophus
2301 771 2471 850 dicit,
2507 772 2671 854 quod
2708 773 3141 840 benevolentia

672 880 767 941 est
797 877 1171 961 principium
1206 876 1517 942 amicitiae
1551 899 1612 937 ».

761 978 1058 1044 Amicitia
1092 997 1233 1042 vero
1265 977 1505 1044 definiri
1537 977 1698 1042 solet
1733 1002 1769 1034 «
1815 996 1993 1040 amor
2030 967 2502 1052 benevolentiae}
2540 982 2815 1056 mmm,
2874 999 3001 1043 non
3048 979 3138 1044 la-

677 1085 833 1155 tens,
871 1101 1011 1144 cum
1039 1079 1260 1161 aliqua
1292 1080 1593 1144 bonorum
1621 1079 2172 1143 comnwnicatione
2211 1103 2273 1141 ι».

763 1183 1009 1250 Dicitur
1030 1168 1219 1246 'amor
1265 1180 1719 1246 bcvwvolentiaae
1766 1199 1875 1245 seu
1921 1181 2143 1248 melius
2175 1201 2318 1248 cum
2363 1182 2825 1258 benevolentia;
2858 1184 3028 1265 quia,
3060 1185 3135 1248 ut

675 1284 828 1349 dicit
879 1303 929 1348 s.
961 1284 1183 1349 Thom.
1220 1286 1279 1347 2.
1316 1285 1375 1346 2.
1411 1304 1468 1366 q.
1499 1285 1602 1346 23.
1641 1284 1758 1347 art.
1813 1283 1901 1346 1.:
1959 1308 1992 1339 «
2025 1302 2147 1347 non
2186 1283 2448 1366 quilibet
2494 1304 2670 1352 amor
2716 1286 2907 1350 habet
2951 1287 3137 1351 ratio-

674 1406 814 1458 nem
849 1387 1188 1464 amicitiae,
1237 1386 1340 1451 sed
1375 1404 1550 1450 amor
1581 1385 1689 1466 qui
1721 1386 1818 1450 est
1848 1404 1989 1452 cum
2022 1385 2468 1462 benevolentia,
2504 1387 2753 1469 quando
2787 1388 3021 1453 scilicet
3050 1390 3138 1453 sic

677 1508 963 1558 amamus
1011 1490 1283 1570 aliquem
1333 1491 1406 1554 ut
1451 1488 1509 1552 ei
1553 1488 1785 1552 bonum
1833 1487 2115 1552 velimus.
2155 1485 2223 1552 Si
2268 1489 2481 1554 autem
2526 1489 2708 1556 rebus
2742 1490 2967 1556 amatis
3014 1509 3135 1555 non

676 1592 907 1658 bonum
935 1593 1218 1671 νο11111110,
1252 1592 1356 1657 sed
1403 1593 1607 1674 ipsum
1645 1611 1860 1656 earum
1891 1591 2123 1658 bonum
2153 1591 2331 1655 nobis
2363 1592 2646 1669 velimus,
2672 1593 2838 1658 sicut
2873 1593 3137 1659 dicimur

677 1714 888 1760 amare
926 1697 1141 1761 vinum
1175 1697 1287 1761 aut
1323 1714 1554 1777 equum
1591 1695 1704 1758 aut
1741 1693 1976 1776 aliquid
2002 1693 2378 1769 huiusmodi,
2413 1713 2535 1760 non
2568 1696 2664 1760 est
2711 1715 2885 1761 amor
2932 1697 3141 1762 amici-

678 1800 802 1865 tiae
849 1801 954 1864 sed
1001 1800 1324 1865 cuiusdam
1369 1798 1917 1880 concupiscentiae.
1968 1796 2327 1862 Ridiculum
2371 1797 2535 1862 enim
2581 1799 2676 1862 est
2706 1798 2923 1876 dicere,
2972 1800 3136 1881 quod

678 1903 904 1984 aliquis
944 1903 1172 1972 habeat
1204 1902 1544 1966 amicitiam
1595 1900 1670 1963 ad
1718 1901 1935 1966 vinum
1972 1899 2071 1963 vel
2108 1899 2184 1963 ad
2221 1919 2451 1981 equum
2482 1925 2542 1961 ».

766 2004 953 2070 Nota.
1002 2004 1144 2069 Non
1176 2005 1268 2068 ita
1300 2003 1599 2068 dividitur
1632 2021 1807 2067 311101·
1845 2001 2155 2065 amicitiae
2186 2003 2249 2066 et
2286 2021 2460 2068 amor
2490 2003 3036 2086 concupiscentiae,
3064 2005 3146 2068 ut.

676 2106 940 2188 quilibet
987 2126 1180 2182 amor,
1229 2106 1337 2186 qui
1384 2124 1504 2168 non
1553 2104 1635 2167 sit
1686 2103 2016 2178 amicitiae,
2051 2102 2135 2164 sit
2167 2121 2342 2166 amor
2372 2104 2941 2188 concupiscentiam
2989 2106 3145 2186 quia.

677 2209 912 2274 00111001
948 2210 1157 2292 potest
1189 2226 1320 2273 esse
1350 2204 1777 2271 benevolentia
1824 2204 1954 2268 sine
2000 2203 2276 2268 amicitia
2323 2207 2386 2268 et
2438 2204 2568 2268 sine
2622 2206 3135 2289 concupiscentia,

633 2375 640 2378 ,
679 2313 818 2378 31110
862 2313 1064 2377 verbis
1109 2331 1231 2378 non
1281 2311 1480 2377 omnis
1553 2328 1727 2374 amor
1780 2307 2240 2374 benevolentiae
2287 2309 2383 2372 est
2427 2328 2603 2373 amor
2658 2309 2990 2376 amicitiae.
3037 2309 3135 2375 Sic

675 2415 852 2482 1111113
884 2415 1159 2480 amicitia
1206 2416 1301 2478 est
1334 2414 1411 2478 ad
1444 2412 1774 2486 aviculam,
1826 2409 1906 2482 ad
1949 2409 2242 2474 catellum
2290 2411 2428 2488 ete,
2469 2431 2579 2476 nec
2624 2414 2835 2476 tamen
2881 2412 3141 2478 affectus

679 2538 825 2603 erga
857 2517 1213 2583 huiusmodi
1245 2516 1425 2580 debet
1457 2533 1587 2579 esse
1619 2512 2168 2595 concupiscentiae,
2202 2512 2308 2578 sed
2342 2532 2521 2597 saepe
2552 2513 2724 2580 sistit
2767 2515 2833 2580 in
2866 2514 3011 2587 illis.

768 2621 926 2685 Item
975 2639 1153 2702 saepe
1185 2618 1463 2681 homines
1510 2615 1783 2699 diligunt
1830 2614 2006 2692 31100,
2054 2614 2162 2695 qui
2206 2614 2269 2677 id
2303 2615 2623 2699 ignorant:
2656 2635 2766 2679 nec
2797 2618 3007 2681 tamen
3040 2619 3134 2681 est

681 2741 855 2785 amor
907 2717 1454 2801 concupiscentiae.
1504 2717 1638 2780 Imo
1703 2717 1959 2785 affectus
2005 2716 2311 2781 excitatur
2358 2718 2550 2781 etiam
2601 2738 2749 2803 erga
2811 2719 3133 2783 mortuos:

677 2824 770 2889 ita
815 2822 1072 2907 legendo
1134 2819 1426 2884 historias
1496 2819 1594 2884 vel
1663 2819 1891 2883 aetatis
1952 2819 2291 2901 praesentis
2331 2819 2429 2883 vel
2475 2820 2664 2884 etiam
2714 2821 3136 2902 antiquiorum

678 2926 1030 3008 temporum
1070 2923 1323 2986 affectus
1361 2921 1557 2985 fertur
1595 2920 1693 2985 vel
1730 2921 1794 2984 in
1833 2920 2133 3002 quasdam
2165 2924 2380 3004 gentes
2430 2924 2542 2985 aut
2572 2922 2637 2985 in
2669 2923 2974 3004 quasdam
3010 2943 3139 3007 per-

678 3047 880 3092 sonas,
915 3027 986 3090 In
1034 3026 1133 3090 his
1174 3024 1458 3089 omnibus
1504 3024 1678 3087 nulla
1710 3026 1807 3087 est
1839 3023 2038 3087 adhuc
2072 3022 2346 3086 amicitia
2384 3043 2581 3105 neque
2620 3026 3131 3107 concupiscentia.

767 3131 953 3193 Patet
984 3148 1151 3211 erg0‚
1186 3127 1379 3191 latius
1409 3128 1619 3209 patere
1645 3145 1919 3190 amorem
1953 3125 2433 3203 benevolentiae,
2468 3145 2657 3209 quam
2684 3146 2958 3191 amorem
2992 3129 3139 3192 ami-

679 3233 863 3297 citiae
894 3251 1022 3307 seu,
1056 3232 1130 3295 ut
1159 3230 1382 3294 melius
1406 3229 1701 3303 (1103111110,
1729 3228 1894 3292 111101·
1922 3226 2415 3291 benevolentiam
2448 3230 2511 3293 et
2548 3229 3135 3314 amicitiamjngens

678 3336 1005 3401 discrimen
1040 3352 1190 3409 esse,
1225 3333 1388 3397 sicut
1411 3332 1590 3414 quasi
1622 3332 1784 3394 inter
1820 3349 2015 3414 genus
2047 3332 2110 3394 et
2140 3330 2423 3413 speciem.

768 3436 930 3501 Nam
964 3436 1042 3500 ad
1074 3436 1414 3499 amicitiam
1452 3434 1791 3515 requiritur
1841 3452 2018 3495 amor
2047 3436 2319 3496 mutuae.
2354 3433 2575 3498 Potest
2606 3435 2819 3498 autem
2864 3435 3018 3513 fieri,
3065 3438 3137 3500 ut

679 3560 957 3613 amemus
1005 3540 1277 3622 aliquem
1327 3556 1535 3603 amore
1581 3535 2064 3612 benevolentiae,
2112 3536 2166 3599 si
2210 3536 2475 3601 velimus
2523 3537 2579 3599 ei
2625 3536 2858 3601 bonum
2920 3539 2985 3603 et
3043 3538 3137 3602 de-

677 3644 848 3711 ficiat
893 3642 1261 3709 redamatio.
1303 3641 1403 3705 Ita
1443 3641 1610 3703 Deus
1644 3640 1817 3702 amat
1849 3640 2198 3721 peccatores
2247 3638 2311 3702 et
2354 3637 2481 3702 illis
2527 3637 2863 3717 benefacit3
2900 3660 3010 3705 nec
3041 3643 3136 3705 ta-

677 3766 818 3811 men
851 3747 946 3810 est
979 3764 1121 3808 vere
1152 3744 1404 3808 illorum
1438 3742 1695 3807 amicus.
1729 3741 1831 3804 Ita
1862 3741 2051 3807 etiam
2076 3741 2362 3823 peccator
2408 3742 2617 3823 potest
2648 3739 2904 3826 diligere
2938 3744 3135 3808 Deum

679 3848 922 3915 ratione
967 3845 1328 3929 imperfecta
1375 3845 1474 3909 vel
1519 3846 1682 3908 certe
1728 3844 2062 3922 antequam
2108 3841 2315 3925 gratia
2346 3843 2773 3909 sanctificante
2820 3844 3139 3919 induatur,

678 3971 820 4016 cum
858 3950 1094 4015 scilicet
1128 3946 1402 4012 nondum
1435 3946 1818 4009 constitutus
1866 3945 1962 4009 est
1997 3943 2113 4006 Dei
2161 3943 2416 4007 amicus,

768 4054 1014 4121 Dicitur
1061 4071 1188 4115 non
1236 4047 1471 4111 latens:
1506 4050 1569 4110 et
1598 4045 1801 4127 reipsa
1848 4045 2031 4108 amici
2063 4045 2183 4108 dici
2219 4064 2341 4109 non
2374 4046 2594 4123 solent,
2630 4047 2683 4110 si
2728 4051 3143 4116 neutersciat

680 4158 938 4223 alterius
964 4156 1028 4219 in
1056 4172 1119 4217 se
1153 4169 1446 4216 amorem.
1473 4147 1747 4223 Addunt,
1783 4147 2092 4211 amicitiae
2115 4147 2433 4230 proprium
2465 4167 2596 4214 esse
2627 4152 2700 4213 ut
2731 4151 2816 4214 sit
2848 4152 3149 4218 diuturna

677 4262 804 4324 imo
853 4255 1175 4339 perennis:
1227 4252 1559 4315 diuturnus
1611 4251 1820 4312 autem
1886 4268 2007 4313 non
2076 4252 2282 4331 potest
2347 4271 2476 4316 esse
2525 4272 2699 4318 amor
2754 4253 2884 4319 sine
2933 4274 3139 4323 amore

678 4361 936 4433 11111111ος
985 4355 1282 4438 frigescet
1313 4352 1474 4416 enim
1511 4352 1705 4416 facile.

768 4461 1037 4525 Additur
1086 4478 1226 4523 cum
1283 4457 1832 4521 communicatione
1901 4456 2216 4523 bonorum.
2264 4461 2435 4526 Haec
2489 4462 2971 4528 communicatio
3021 4483 3145 4529 non

677 4586 802 4632 uno
847 4565 1030 4630 modo
1062 4563 1455 4647 intelligitur.
