3497 5147
689 344 762 397 44
1070 356 1280 397 macr.
1323 356 1379 396 v.
1420 353 1582 396 secr.
1619 354 1659 396 1.
1697 355 1783 394 DE
1821 353 2193 396 runcum-rs
2231 354 2419 396 Pmm.
2458 354 2659 398 CAPUT
2693 357 2782 399 111.
3040 342 3154 418 [68]

691 454 927 519 sionem
964 454 1122 518 falso
1147 453 1345 517 cultui
1371 453 1470 517 vel
1509 452 2018 535 approbationem
2041 453 2207 529 eius3
2242 453 2406 534 quod
2440 471 2638 535 saepe,
2667 456 2775 530 ait,
2795 455 3151 541 contingere

696 559 922 639 potest,
957 559 1029 620 ut
1059 555 1112 620 si
1138 575 1226 619 ex.
1246 575 1340 639 gr.
1367 555 1673 638 templum
1695 553 2060 638 ingrediaris
2092 554 2475 619 curiositatis
2506 574 2694 619 causa
2726 557 2800 620 ut
2831 557 2964 622 eius
2990 560 3150 622 stru-

690 659 939 727 cturam
971 658 1100 722 sive
1133 659 1423 721 ornatum
1453 656 1682 734 videa-S,
1724 657 1823 719 vel
1855 658 1928 719 ut
1961 658 2022 719 te
2059 654 2219 720 forte
2258 674 2292 718 a
2331 656 2545 738 pluvia
2591 656 2878 722 defendas
2927 660 3041 723 aut
3085 659 3148 724 in

688 760 897 824 locum
927 760 1243 824 munitum
1280 759 1559 841 recipias,
1591 758 1865 822 instante
1904 757 2255 822 adversario
2294 760 2408 821 etc.
2459 756 2523 822 Si
2560 778 2708 843 ergo
2757 778 2789 823 e
2836 762 3147 826 contrario

688 862 795 926 illa
836 863 1118 945 superius
1151 862 1530 938 enumerata,
1564 859 1944 938 scandalum,
1979 860 2320 942 periculum
2353 860 2759 942 perversionis
2798 863 2913 926 etc.
2939 862 3145 928 locum

688 965 978 1042 habeant,
1014 983 1109 1029 res
1147 964 1368 1028 illicita
1400 964 1513 1027 est.

774 1068 992 1132 Monet
1023 1067 1287 1132 secundo
1313 1066 1478 1148 quod
1515 1066 1579 1128 in
1610 1065 1687 1128 iis
1712 1065 1883 1141 lociS‚
1912 1065 1973 1128 in
2008 1065 2232 1146 quibus
2256 1066 2510 1129 libertas
2535 1066 2943 1131 conscientiae
2975 1069 3150 1152 viget

686 1172 749 1234 et
773 1170 1063 1235 catholici
1086 1188 1228 1233 cum
1252 1167 1577 1232 haereticis
1599 1167 1946 1249 promiscue
1969 1168 2312 1244 versantur,
2348 1168 2551 1232 solent
2583 1168 2915 1250 aliquando
2940 1172 3148 1235 catho-

684 1272 789 1336 lici
813 1272 1266 1337 haereticorum
1289 1271 1610 1335 conciones
1635 1269 1866 1345 audire,
1907 1271 1979 1333 ut
2011 1288 2114 1334 eos
2146 1270 2485 1334 confutent.
2521 1269 2699 1350 Quod
2731 1271 2981 1352 quidem
3005 1293 3148 1338 cum

687 1374 827 1438 aliis
856 1379 989 1458 ipse
1022 1374 1331 1457 permittit
1377 1372 1574 1437 doctis
1621 1372 1770 1435 viris
1819 1372 1882 1435 et
1930 1372 2006 1436 ob
2051 1391 2306 1456 gravem
2346 1392 2616 1437 causam.
2667 1372 2826 1437 Sane
2873 1376 2981 1455 qui
3031 1376 3149 1440 hoc

686 1480 869 1560 pacto
916 1478 1173 1541 interest
1218 1475 1496 1540 concioni
1541 1473 1904 1549 haereticae,
1957 1473 2130 1537 adest
2174 1493 2339 1538 mere
2385 1475 2769 1540 curiositatis
2815 1496 3022 1554 causa,
3073 1480 3147 1543 ut

686 1599 902 1662 nempe
934 1582 1151 1645 noscat
1187 1577 1335 1661 quid
1367 1577 1659 1641 haeretici
1692 1576 1970 1640 doceant.
2007 1576 2403 1660 Regulariter
2440 1578 2650 1642 tamen
2695 1578 2759 1642 id
2804 1597 2926 1643 non
2963 1580 3146 1645 licere

684 1681 873 1745 habes
911 1701 983 1745 ex
1014 1681 1256 1745 decreto
1289 1678 1356 1743 C.
1393 1699 1441 1743 S.
1475 1678 1545 1742 Ο.
1581 1679 1864 1761 superius
1895 1699 1953 1742 n.
1991 1679 2095 1742 97.
2135 1679 2417 1744 recitato.

772 1784 965 1848 Porro
999 1783 1212 1847 eadem
1249 1782 1650 1866 congregatio
1684 1800 1732 1845 s.
1768 1780 1971 1845 Officii
2009 1782 2106 1844 14.
2143 1782 2264 1845 ian.
2305 1782 2495 1845 1818.
2538 1782 2616 1846 ad
2662 1782 2956 1849 dubium:
2998 1811 3035 1843 «
3066 1805 3144 1850 an

686 1888 870 1951 liceat
885 1888 1207 1951 catholicis
1233 1886 1401 1950 adire
1426 1886 1656 1967 templa
1683 1884 2134 1949 haereticorum
2153 1910 2187 1943 »
2213 1885 2559 1968 respondit:
2597 1886 2801 1963 licere,
2833 1889 2894 1952 si
2914 1889 3149 1953 adeant

684 2009 847 2052 mere
878 1989 1264 2052 curiositatis
1294 2007 1504 2060 causa,
1536 1987 1768 2067 absque
1799 1986 1936 2049 ulla
1966 1988 2514 2051 communicatione
2545 1989 2615 2052 in
2645 1991 2864 2054 sacris
2906 1989 3142 2070 Quibus

684 2091 886 2155 verbis
935 2090 1310 2175 significavit
1357 2109 1420 2153 se
1465 2089 1640 2169 loqui
1685 2088 1759 2153 de
1805 2089 2090 2172 ingressu
2133 2089 2197 2152 in
2245 2090 2547 2172 templum
2593 2110 2737 2155 cum
2768 2111 2943 2157 sacra
2976 2113 3143 2176 pera-

684 2196 939 2279 guntur.
981 2192 1372 2275 Quapropter
1418 2192 1472 2256 si
1517 2192 1861 2255 catholicus
1910 2192 2072 2256 adsit
2118 2212 2260 2256 cum
2306 2194 2598 2257 haeretici
2645 2195 2805 2258 ritus
2852 2213 3000 2261 suos
3045 2216 3143 2280 pe-

684 2299 934 2381 ragunt,
969 2296 1022 2359 is
1069 2296 1249 2359 debet
1295 2313 1547 2378 prorsus
1594 2294 2003 2358 materialiter
2051 2294 2260 2359 adesse
2309 2296 2540 2378 absque
2585 2297 2716 2361 ullo
2763 2300 3140 2365 reverentiae

681 2400 859 2483 signo
893 2400 956 2463 et
986 2399 1167 2481 plane
1207 2397 1454 2462 omnino
1487 2416 1552 2461 se
1582 2397 1807 2460 habere
1841 2416 1911 2460 ac
1943 2397 1995 2460 si
2027 2400 2332 2479 spectaret
2358 2398 2631 2480 aliquam
2670 2400 3072 2465 comoediam.

771 2502 981 2566 Tertio
1016 2501 1195 2565 docet
1218 2500 1419 2584 Lugo‚
1438 2499 1681 2563 licitum
1707 2518 1838 2562 esse
1863 2499 2185 2563 catholicis
2211 2500 2558 2584 ingressum
2582 2501 2645 2563 in
2671 2502 2904 2584 templa
2936 2502 3142 2567 haere-

681 2606 950 2671 ticorum
984 2605 1173 2668 etiam
1206 2622 1348 2666 cum
1385 2602 1547 2665 ritus
1579 2620 1723 2666 suos
1756 2602 2048 2665 haeretici
2088 2603 2417 2680 celebrant,
2453 2603 2699 2684 quando
2730 2607 2977 2669 constat
3006 2606 3139 2670 fieri

681 2708 757 2772 ad
788 2705 1163 2770 reddendum
1196 2704 1400 2769 solum
1431 2703 1708 2767 debitum
1741 2704 1919 2768 civile
1959 2693 2495 2786 alicui‘personae‚
2523 2725 2712 2786 quam
2736 2708 3134 2779 comitantur.

679 2810 754 2873 ut
783 2807 1021 2872 faciunt
1052 2806 1274 2870 famuli
1304 2806 1402 2869 vel
1440 2806 1711 2870 famulae
1759 2807 2128 2871 comitantes
2175 2806 2456 2872 dominos
2506 2810 2619 2871 aut
2655 2807 2936 2874 dominas
2968 2830 3133 2889 suas,

678 2931 832 2994 quas
867 2911 1017 2976 alibi
1048 2909 1299 2974 honoris
1347 2911 1410 2972 et
1456 2909 1732 2990 obsequii
1766 2928 1952 2973 causa
1999 2910 2286 2973 comitari
2317 2910 2552 2975 solent:
2586 2912 2750 2975 sicut
2797 2916 2860 2977 et
2903 2914 3135 2977 milites

677 3016 775 3080 vel
811 3012 1112 3078 satellites
1143 3011 1299 3094 regii
1335 3012 1598 3093 possunt
1641 3011 1775 3094 regi
1810 3012 2117 3075 haeretico
2166 3012 2469 3094 templum
2508 3032 2691 3078 suum
2736 3015 3001 3080 intranti
3038 3034 3138 3081 as-

677 3118 914 3191 sistere,
949 3112 1113 3196 quod
1151 3113 1471 3196 colligitur
1501 3131 1571 3176 ex
1604 3113 1879 3195 exemplo
1919 3111 2222 3176 Naaman.

765 3215 886 3288 68.
923 3217 1145 3298 Accipe
1179 3215 1302 3278 alia
1333 3214 1595 3278 decreta.
1637 3240 1671 3271 «
1705 3215 1801 3278 An
1834 3215 2125 3278 catholici
2171 3215 2551 3281 Missionarii
2599 3237 2668 3282 ac
2715 3218 3068 3304 Presbyteri
3099 3239 3136 3285 a

676 3319 1086 3386 schismaticis
1117 3318 1344 3402 rogati,
1393 3317 1458 3381 in
1505 3318 1729 3381 horum
1777 3317 2046 3380 ecclesiis
2093 3318 2444 3399 praedicare
2475 3320 2761 3402 possint?
2799 3321 2982 3405 Resp.
3018 3322 3135 3388 Vel

674 3424 1022 3487 invitantur
1056 3421 1131 3485 ad
1170 3421 1472 3497 effectum,
1508 3421 1582 3483 ut
1630 3421 1714 3483 ibi
1756 3418 2142 3502 praedicetur
2187 3422 2418 3486 veritas
2466 3423 2772 3487 catholica
2817 3423 3135 3490 indefinite

672 3528 736 3591 et
764 3526 955 3590 etiam
987 3526 1201 3588 contra
1236 3542 1469 3588 errores
1509 3521 1841 3587 eorundem
1875 3522 2430 3601 schismaticorum,
2459 3526 2523 3588 et
2545 3527 2696 3590 tunc
2727 3526 3129 3592 affirmative:

671 3632 769 3694 vel
805 3631 1076 3704 tantum,
1109 3627 1184 3692 ut
1214 3644 1414 3691 sermo
1447 3626 1560 3690 fiat
1590 3625 1663 3689 de
1695 3625 2037 3690 virtutibus
2070 3628 2134 3690 et
2163 3627 2353 3704 vitiis,
2382 3647 2540 3709 quae
2564 3631 2975 3695 communiter
2998 3633 3131 3697 tam

672 3753 708 3796 a
740 3731 1063 3795 catholicis
1095 3749 1283 3811 quam
1332 3748 1367 3792 a
1416 3728 1826 3792 schismaticis
1859 3728 2146 3811 amplecti
2198 3730 2309 3792 aut
2347 3729 2532 3793 vitari
2580 3730 2821 3809 debent,
2856 3734 2920 3796 et
2950 3752 3134 3818 nega·

673 3835 798 3898 tive
832 3859 891 3896 ».
927 3831 987 3897 S.
1023 3831 1090 3897 C.
1130 3832 1203 3896 de
1234 3832 1304 3896 P.
1337 3832 1407 3895 F.
1447 3831 1637 3894 1624.

760 3937 921 3999 Item
946 3935 1158 3998 eadem
1182 3954 1230 3998 s.
1251 3932 1318 3996 O.
1342 3933 1444 3995 13.
1471 3931 1634 4014 Aug.
1666 3932 1856 3995 1627.
1884 3957 1918 3990 «
1941 3932 2264 3997 mandavit
2280 3934 2462 3997 scribi
2486 3935 2770 4020 Archiep.
2797 3936 3126 4018 Sardiensi‚

669 4041 744 4104 ut
774 4039 1141 4123 provideret,
1179 4057 1251 4100 ne
1278 4036 1336 4098 in
1364 4034 1617 4098 ecclesia
1642 4053 1689 4096 s.
1719 4035 1968 4098 Ioannis
2001 4035 2074 4099 de
2106 4034 2359 4101 Cartola
2391 4037 2683 4104 dioecesis
2709 4038 3129 4108 Cattamensis

670 4141 959 4206 catholici
998 4160 1141 4204 cum
1174 4137 1411 4221 graecis
1449 4134 1859 4200 schismaticis
1885 4137 2092 4201 divina
2117 4138 2450 4203 celebrent:
2476 4160 2622 4205 nam
2655 4144 2941 4224 quamvis
2974 4146 3131 4210 alta-

666 4245 838 4308 ribus
870 4242 1125 4306 diversis
1158 4240 1437 4314 utantur,
1472 4239 1680 4301 tamen
1706 4241 1959 4320 propter
1982 4240 2269 4304 ecclesiae
2304 4240 2700 4308 identitatem
2730 4246 2827 4310 est
2853 4264 3131 4312 commu-

666 4346 870 4409 nicare
901 4362 1043 4407 cum
1076 4338 1485 4404 schismaticis
1517 4340 1579 4402 in
1612 4339 1838 4404 divinis
1865 4366 1924 4402 ».
1951 4341 2121 4406 Haec
2151 4362 2271 4408 non
2304 4346 2399 4409 est
2421 4345 2518 4409 lex
2549 4346 2950 4425 universalis3
2979 4366 3128 4414 sane

667 4445 1063 4529 lerosolymis
1088 4444 1151 4506 in
1176 4440 1409 4523 templo
1444 4459 1492 4504 s.
1514 4440 1791 4524 Sepulcri
1825 4443 1994 4506 aliud
2027 4448 2328 4511 servatur.
2363 4446 2586 4513 Confer
2609 4451 2673 4514 et
2705 4449 2972 4515 similem
2995 4471 3129 4534 per·

664 4549 1018 4612 missionem
1051 4544 1284 4609 factam
1315 4543 1722 4608 missionariis
1746 4544 1808 4607 in
1841 4546 2171 4631 Abyssinia
2201 4549 2301 4612 12.
2329 4550 2475 4632 Apr.
2509 4550 2698 4613 1704.
2728 4550 2893 4634 apud
2916 4552 3127 4619 Zitelli

669 4650 835 4728 App.
871 4646 1008 4711 Iur.
1044 4645 1208 4725 eccl„
1243 4665 1385 4731 pag.
1413 4645 1542 4711 495
