3497 5147
377 387 525 464 [937]
1433 402 1519 442 nn
1557 402 1805 445 numo
2738 387 2844 442 695

379 519 532 577 cem,
584 518 621 562 a
669 518 792 581 quo
840 501 1007 563 certo
1046 499 1330 564 imminet
1397 499 1610 582 iniqua
1670 501 1997 578 sententia,
2047 501 2102 564 si
2149 501 2273 564 alia
2318 501 2421 564 via
2469 519 2589 564 non
2638 501 2845 582 potest

378 604 668 667 innocens
693 600 989 665 damnum
1038 602 1234 666 vitare
1272 604 1386 685 (a).

468 703 665 785 Atqui
714 703 1153 787 argumentum
1200 704 1368 769 istud
1415 725 1535 770 non
1569 705 1900 771 concludit.
1936 707 2017 771 Et
2063 724 2208 771 sane
2255 705 2504 789 perinde
2536 706 2650 783 est,
2693 724 2763 769 ac
2793 705 2849 769 si

379 806 675 870 dicerem:
733 831 768 863 «
815 804 999 869 Licet
1041 804 1313 870 occidere
1362 808 1647 889 iniquum
1691 829 2122 891 ayyressorem
2167 809 2254 871 ad
2307 809 2606 872 damnum
2649 807 2850 871 vitan-

378 910 525 973 dum
549 933 618 985 »ς
655 908 806 972 haec
852 909 1015 973 enim
1052 911 1395 993 propositio
1444 910 1726 976 damnari
1760 912 2024 990 deberet,
2061 932 2203 976 cum
2234 912 2586 977 consentiat
2616 930 2724 994 per
2761 931 2845 989 se,

381 1013 457 1076 ob
505 1011 767 1094 quodvis
816 1011 1140 1075 vitandum
1190 1012 1504 1093 damnum,
1555 1014 1747 1079 etiam
1798 1016 1874 1079 ob
1922 1016 2231 1080 iacturam
2288 1014 2472 1079 unius
2522 1015 2689 1079 ob‘oli
2737 1015 2851 1078 aut

378 1113 536 1189 iulii,
580 1112 771 1177 occidi
818 1131 1247 1197 aggressorem
1291 1116 1576 1198 iniquum
1625 1136 1822 1200 posse.
1857 1117 2027 1181 Num
2058 1136 2204 1181 vero
2241 1116 2405 1181 recte
2438 1116 2578 1198 quis
2607 1116 2850 1180 conclu-

379 1217 570 1294 deret,
604 1235 797 1298 neque
831 1216 906 1279 ad
941 1217 1268 1282 vitandum
1300 1219 1597 1285 damnum
1630 1221 1831 1284 omnis
1871 1220 2257 1284 substantiae
2288 1219 2471 1285 licere
2507 1219 2849 1283 interficere

381 1321 920 1403 aggressorem...?
965 1318 1019 1382 A
1066 1319 1203 1402 pari
1250 1320 1313 1383 in
1360 1339 1425 1384 re
1471 1324 1706 1386 nostra.
1742 1321 1827 1386 Vi
1873 1321 2036 1386 enim
2084 1320 2255 1385 illius
2289 1320 2732 1404 propositionis
2780 1320 2850 1382 li-

379 1422 545 1485 ceret
592 1419 861 1485 occidere
907 1420 1173 1486 iudicem
1219 1422 1318 1486 vel
1367 1426 1790 1488 accusatorem
1839 1426 1951 1488 aut
1996 1423 2188 1488 falsos
2236 1424 2446 1500 testes,
2496 1423 2643 1486 licet
2680 1421 2753 1485 de
2785 1441 2850 1485 re

377 1523 532 1589 levis
564 1524 867 1588 momenti
914 1524 1159 1608 agatur,
1188 1524 1522 1591 dummodo
1569 1526 1804 1590 iniusta
1852 1524 2160 1590 sententia
2197 1525 2540 1590 immineat.
2576 1523 2657 1587 Et
2689 1523 2847 1587 falso

370 1625 517 1690 inde
564 1625 976 1703 concluderes,
1023 1626 1249 1691 idcirco
1310 1628 1387 1692 ob
1457 1628 1721 1705 nullum,
1772 1629 1922 1692 utut
1964 1629 2308 1692 maximum
2357 1625 2685 1691 vitandum
2747 1625 2850 1689 da-

378 1749 614 1805 mnum,
679 1729 742 1793 id
788 1730 988 1793 licere.
1047 1729 1212 1814 Ergo
1278 1732 1717 1815 argumentum
1789 1730 2047 1795 ductum
2111 1730 2186 1794 ab
2247 1730 2360 1795 illa
2428 1729 2850 1812 propositione

382 1832 590 1897 omitti
622 1831 820 1896 debet.

471 1929 645 2004 937.
685 1933 814 1997 Nec
852 1934 1157 1999 validiora
1206 1938 1353 1999 sunt
1401 1936 1525 1999 alia
1564 1938 1954 2020 argumenta.
2005 1933 2065 1999 S.
2115 1934 2298 2018 Alph.
2355 1955 2416 1998 n.
2466 1936 2617 1998 400.
2677 1955 2734 2016 q.
2786 1934 2848 1995 2.

385 2039 477 2103 ita
523 2037 936 2102 ratiocinatur
991 2039 1134 2120 post
1196 2036 1710 2102 Salmanticenses
1760 2037 1833 2100 de
1882 2040 1941 2101 5.
1991 2036 2220 2101 Prae&
2262 2056 2396 2120 cap.
2450 2038 2505 2099 1.
2548 2057 2608 2100 n.
2662 2035 2846 2098 169.:

391 2165 425 2197 «
465 2140 654 2203 Ratio
702 2139 850 2220 quia
882 2138 1152 2203 defensio
1185 2139 1301 2204 hoc
1324 2159 1471 2204 casu
1505 2142 1667 2204 esset
1698 2141 2026 2216 excessivo„
2067 2141 2143 2204 ut
2165 2140 2466 2221 probatur
2503 2159 2573 2203 ex
2606 2159 2654 2203 s.
2690 2139 2853 2203 Tho·

381 2259 483 2305 ma
525 2242 583 2303 2.
636 2242 694 2303 2.
731 2260 789 2322 q.
827 2240 931 2304 64.
974 2242 1090 2304 art.
1136 2240 1193 2303 7.
1230 2266 1290 2304 ».
1326 2241 1767 2306 Animadverte
1793 2242 1946 2318 heic,
1981 2262 2030 2305 s,
2071 2241 2377 2306 Thomam
2408 2241 2496 2305 ibi
2520 2241 2677 2305 nihil
2717 2259 2853 2323 pro·

463 2480 523 2531 (a)
555 2478 693 2528 Quae
719 2478 855 2521 ratio
880 2479 1278 2533 argumentandi
1306 2479 1489 2523 idonee.
1516 2481 1659 2524 nobis
1688 2482 1911 2525 videtur.
1942 2482 2169 2527 Eatenus
2201 2482 2338 2526 enim
2366 2481 2543 2526 liceret
2571 2493 2845 2536 provocare

382 2543 446 2588 ud
477 2544 728 2597 ducllum,
747 2547 1002 2599 quatenus
1029 2544 1111 2588 ius
1131 2548 1259 2590 esset
1280 2546 1554 2592 occidendi.
1576 2548 1746 2593 Dices:
1769 2562 1828 2594 es
1855 2549 2131 2605 propositio
2157 2549 2419 2604 damnate,
2441 2562 2558 2594 cum
2579 2549 2846 2595 indefinite

383 2613 437 2656 de
464 2614 636 2666 iniqua
664 2614 891 2656 sententio
923 2611 1182 2667 loquatur,
1202 2618 1366 2668 potest
1386 2615 1606 2670 intelligi
1635 2621 1686 2659 et
1705 2618 1769 2660 de
1788 2617 1981 2661 iniusta
2008 2618 2264 2662 sententia
2281 2618 2339 2661 in
2357 2630 2413 2662 re
2430 2617 2559 2673 levi;
2582 2621 2643 2662 ut
2661 2618 2848 2661 idcirco

383 2679 631 2722 damnata
660 2679 728 2722 sit
756 2679 1046 2734 propositio,
1077 2680 1198 2734 quia
1227 2693 1318 2735 pro
1346 2683 1546 2725 iactura
1575 2696 1775 2738 quoque
1805 2686 1957 2729 unius
1985 2685 2103 2728 iulii
2132 2684 2540 2729 interfectionem
2575 2685 2847 2739 permittit.

383 2745 496 2789 Non
527 2758 645 2801 ergo
672 2749 812 2789 recte
841 2746 1111 2790 concludes
1140 2747 1193 2789 id
1226 2759 1327 2790 non
1356 2749 1524 2802 licere,
1555 2751 1599 2792 si
1643 2754 1826 2805 agatur
1854 2751 1914 2794 de
1941 2752 2088 2806 gravi
2131 2751 2318 2795 damno
2345 2751 2572 2794 vitando.
2602 2751 2698 2795 Sed
2726 2751 2850 2796 hsce

380 2813 588 2856 videtur
616 2813 779 2856 nimis
807 2813 1082 2857 subtilitas.
1115 2813 1226 2857 Non
1257 2815 1393 2858 enim
1424 2819 1499 2858 est
1527 2816 1582 2858 in
1613 2829 1751 2860 more
1779 2818 2045 2862 hominum
2075 2819 2314 2872 positum,
2345 2818 2501 2862 etiam
2540 2818 2851 2874 iniquorum,

381 2884 442 2922 ut
470 2892 561 2934 pro
590 2880 692 2923 levi
734 2880 937 2934 damno,
967 2892 1083 2923 cum
1127 2881 1427 2934 praesertim
1456 2884 1681 2926 nondum
1726 2890 1801 2927 est
1843 2886 2068 2940 illatum,
2100 2885 2519 2929 deliberationem
2563 2887 2854 2941 concipiant

382 2945 642 2988 occidendi
671 2946 1127 2990 damnificatorem.
1150 2948 1319 2991 Potest
1340 2948 1391 2991 id
1419 2948 1599 3003 utique
1628 2951 1920 3006 contingere
1947 2963 2011 2995 ex
2031 2951 2234 2995 malitis
2261 2952 2470 3006 speciin
2499 2951 2739 3006 hominis,
2765 2954 2852 2997 sed

385 3024 531 3055 casus
558 3013 850 3057 rarissimus
870 3014 985 3058 erit.
1006 3015 1162 3057 Porro
1181 3015 1360 3059 merito
1387 3018 1721 3070 supponimus
1739 3022 1790 3061 et
1810 3023 2043 3062 suctores
2069 3019 2425 3073 propositionis
2446 3023 2498 3064 et
2517 3020 2627 3063 eius
2646 3020 2854 3064 damne-

383 3082 549 3122 torem
569 3078 699 3122 illud
722 3092 841 3134 prae
861 3081 1023 3124 oculis
1038 3082 1232 3125 directe
1250 3082 1501 3136 habuisse,
1517 3084 1650 3138 quod
1670 3085 1886 3128 attentis
1905 3084 2170 3129 hominum
2190 3085 2413 3129 moribus
2427 3084 2706 3128 verisimile
2724 3089 2855 3129 esset

389 3154 714 3196 eventurum.
745 3151 940 3196 Idcirco
968 3153 1241 3206 propositio
1269 3154 1331 3196 de
1359 3154 1538 3208 inique
1566 3156 1822 3199 sententia
1849 3156 1905 3199 in
1931 3169 1987 3199 re
2015 3157 2160 3210 gravi
2190 3159 2328 3200 certe
2355 3156 2602 3209 loquitur.

465 3217 656 3261 Deinde
684 3218 795 3272 ipss
823 3220 1126 3274 proscriptio
1154 3233 1328 3274 propp.
1353 3224 1392 3264 1.
1416 3226 1465 3264 et
1493 3223 1535 3264 4.
1567 3223 1929 3266 damnatarum
1961 3235 1992 3265 a
2019 3222 2290 3266 Benedioto
2311 3223 2446 3265 XIV.
2478 3221 2684 3264 videtur
2712 3220 2855 3265 nobis

381 3284 535 3327 aliter
555 3285 863 3340 accipienda.
884 3285 1131 3330 Videlicet
1149 3299 1208 3329 ea
1224 3287 1331 3330 illis
1346 3288 1635 3331 adhibenda
1651 3293 1725 3331 est
1743 3289 2117 3343 interpretatio,
2135 3301 2265 3342 quae
2281 3291 2419 3332 certa
2435 3293 2511 3331 est
2525 3302 2566 3331 s.
2579 3288 2852 3342 Alphonso.

380 3351 778 3407 supponendum
812 3357 887 3397 est
922 3353 1060 3398 enim
1093 3354 1227 3398 velle
1261 3355 1514 3399 Romanos
1544 3355 1812 3400 Pontifices
1839 3355 2134 3398 huiusmodi
2171 3355 2537 3410 proscriptione
2564 3355 2854 3409 propositio-

381 3432 523 3472 num,
542 3421 741 3474 sliquid
772 3421 945 3464 docere
967 3421 1157 3474 fideles,
1179 3421 1313 3475 quod
1335 3422 1390 3464 in
1410 3423 1724 3476 quaestione,
1743 3435 1875 3475 quae
1895 3422 2085 3476 egitur,
2107 3422 2278 3466 valeat
2300 3434 2404 3465 esse
2424 3434 2602 3465 norma
2626 3422 2853 3476 practica

383 3498 562 3530 eorum
590 3486 866 3530 actionum.

464 3552 575 3596 Iam
604 3554 646 3595 si
674 3554 999 3598 inhaerentes
1027 3554 1232 3611 regulae
1260 3554 1645 3598 dialecticorum
1673 3554 1908 3608 dicimus,
1928 3555 2068 3599 huno
2096 3567 2202 3599 esse
2229 3565 2432 3598 sensum
2455 3552 2852 3606 proscriptionis,

381 3622 445 3662 ut
465 3618 708 3664 illicitum
728 3622 798 3664 sit
817 3625 909 3665 aut
929 3627 1192 3677 acceptare
1212 3625 1305 3665 eut
1325 3620 1521 3675 offerre,
1539 3623 1726 3665 neutra
1744 3633 1802 3664 re
1819 3621 2179 3674 determinate,
2195 3621 2319 3675 quid
2335 3619 2665 3664 emolumenti
2686 3619 2853 3672 cspiet

382 3685 568 3739 fidelis,
597 3688 777 3731 videns
804 3693 1041 3732 neutram
1063 3690 1313 3732 actionem
1333 3688 1429 3731 sibi
1456 3687 1728 3731 interdici?
1748 3688 1853 3732 Cur
1871 3700 1989 3742 ergo
2008 3687 2176 3741 potius
2205 3700 2305 3730 non
2327 3697 2599 3739 sequemur
2621 3685 2852 3739 regulam

382 3755 709 3809 praecipuam
727 3754 1191 3810 interpretationis:
1213 3757 1289 3799 ita
1316 3768 1497 3811 nempe
1516 3756 1674 3799 verbs.
1702 3756 2116 3809 interpretemur,
2138 3756 2198 3798 ut
2221 3753 2432 3808 loquens
2459 3751 2656 3807 aliquid
2676 3764 2851 3805 reapse

382 3822 763 3865 accomodatum
792 3835 881 3866 suo
910 3821 1002 3865 fini
1023 3824 1245 3867 voluerit
1263 3824 1430 3867 dicere
1445 3823 1466 3866 ἰ’
1494 3823 1562 3866 Et
1590 3822 1779 3866 idcirco
1799 3835 1890 3865 our
1911 3833 2014 3865 non
2040 3821 2282 3874 dicemus,
2303 3820 2722 3875 proscriptionem
2742 3831 2851 3873 pro·

384 3887 689 3942 positionum
721 3901 825 3932 esse
854 3892 1169 3934 contractam
1198 3890 1403 3944 quidem
1428 3888 1594 3944 quoad
1624 3889 1835 3932 formam
1857 3893 1914 3932 at
1927 3900 2104 3942 reapse
2123 3886 2533 3951 sevivalentem
2552 3886 2767 3938 duabus,
2788 3890 2849 3929 ut

384 3959 662 4011 utrumque
683 3955 906 4000 voluerit
925 3955 1156 4000 Pontifex
1174 3969 1373 4012 negare,
1389 3957 1523 4011 quod
1548 3963 1782 3999 suctores
1797 3955 2195 4010 propositionum
2218 3953 2556 4004 affirmabant,
2575 3966 2676 3997 uon
2696 3954 2848 3998 licere

383 4020 578 4065 scilicet
606 4026 867 4076 acceptare
896 4022 1143 4076 duellum,
1173 4036 1272 4066 non
1302 4022 1454 4067 licere
1484 4023 1661 4068 offerre
1698 4022 1967 4067 duellum?
1998 4021 2224 4066 Profecto
2252 4020 2376 4066 haec
2418 4034 2520 4065 non
2549 4024 2626 4063 est
2654 4023 2848 4063 contra·

384 4087 602 4132 dictoris
628 4089 983 4143 propositionis
1022 4091 1312 4142 damnatae,
1342 4091 1383 4134 si
1414 4090 1753 4134 extrinsecam
1795 4089 1903 4133 eius
1942 4088 2156 4132 formem
2196 4092 2404 4142 spectes,
2436 4087 2522 4130 sed
2565 4085 2845 4129 contraria:

384 4159 462 4198 est
491 4159 663 4199 tamen
690 4169 766 4208 es,
795 4168 950 4210 quam
979 4156 1137 4212 exigit
1166 4159 1271 4210 ipse
1299 4170 1477 4213 scopus
1506 4157 1765 4201 Pontificis
1794 4155 1991 4210 aliquid
2022 4155 2149 4200 certi
2177 4167 2268 4198 nos
2305 4154 2481 4198 dooere
2509 4152 2729 4196 volentis
2756 4163 2850 4195 sus

385 4224 764 4278 proscriptione.
787 4223 1091 4277 Exemplum
1120 4224 1273 4268 habes
1304 4224 1356 4267 in
1376 4225 1586 4268 Decreto
1614 4224 1891 4269 Clementis
1913 4223 2050 4266 VIII.
2073 4223 2133 4266 de
2163 4221 2470 4266 confessione
2501 4232 2587 4275 per
2610 4218 2849 4272 Litteras,

384 4289 473 4332 ubi
501 4290 596 4333 etsi
624 4289 875 4333 habeatur
903 4288 1159 4344 particula
1186 4294 1243 4342 et,
1273 4289 1435 4334 incisa
1462 4295 1585 4334 sunt
1622 4290 1919 4346 accipienda
1944 4290 2256 4334 disiunctive
2300 4291 2504 4342 propter
2532 4285 2745 4329 eandem
2771 4295 2850 4327 rs-

384 4357 593 4410 tionem,
622 4356 684 4400 of.
714 4357 879 4400 Traot.
911 4360 1142 4400 nostrum
1170 4359 1225 4400 dc
1246 4359 1425 4402 Poenit.
1446 4359 1522 4402 ed.
1553 4359 1594 4401 2.
1626 4371 1738 4413 pag.
1774 4359 1852 4401 160
1877 4371 2012 4412 seqq.

465 4423 623 4477 Adde,
652 4435 713 4467 ex
738 4436 796 4466 eo
824 4423 959 4477 quod
989 4422 1140 4467 liceat
1169 4424 1393 4466 occidere
1430 4423 1681 4467 iniustum
1711 4426 2000 4468 invasorem
2044 4424 2306 4476 bonorum,
2339 4434 2437 4465 non
2482 4421 2634 4464 licere
2661 4419 2849 4464 inferre

384 4490 579 4543 stetim,
607 4491 741 4545 quod
770 4490 922 4533 liceat
952 4501 1011 4532 es
1037 4488 1210 4532 duello
1239 4489 1537 4542 defendero3
1570 4491 1692 4542 quia
1720 4491 1952 4534 duellum
1983 4490 2211 4534 continet
2246 4493 2509 4544 praeterea
2537 4487 2724 4531 vitium
2752 4486 2852 4530 sui-

384 4557 522 4601 cidii.
551 4558 733 4612 Itaque
760 4556 993 4613 quaestio
1021 4560 1097 4600 est
1126 4557 1300 4609 etiam,
1328 4568 1397 4599 sn
1427 4556 1580 4598 liceat
1609 4569 1661 4599 se
1690 4562 1859 4600 certae
1888 4557 2041 4600 morti
2071 4568 2319 4609 exponere
2348 4567 2438 4609 pro
2466 4553 2849 4598 defensionebo·

385 4636 584 4668 norum.
614 4623 708 4666 Pro
735 4623 1023 4667 defensione
1052 4625 1225 4666 sutem
1255 4624 1392 4665 vitae
1421 4634 1513 4665 our
1540 4634 1642 4667 non
1669 4622 1877 4684 licebit?
1904 4623 1967 4667 cf.
1998 4635 2049 4666 n.
2079 4623 2176 4667 982.
2206 4623 2260 4666 iu
2290 4622 2405 4665 fine.
2437 4621 2494 4666 E.
