3497 5147
719 350 822 404 136
908 363 1119 404 Tnac‘r.
1151 364 1204 404 v.
1232 361 1393 404 sacr.
1422 362 1508 403 111.
1537 363 1621 401 nn
1645 362 1967 404 0311111110
1992 363 2381 405 0333030110.
2409 365 2605 405 CAPUT
2630 365 2696 404 11.
2722 366 2866 407 non.
2893 368 2958 407 11.
3034 353 3177 428 [183]

715 461 874 524 tenti
938 461 1199 537 veniam,
1259 462 1333 524 ut
1393 462 1584 525 etiam
1650 462 2113 543 praetermittat
2175 462 2480 527 actionem
2534 462 2905 527 iniuriarum
2967 485 3176 532 coram

713 564 1088 646 competenti
1136 564 1537 647 magistratu.
1585 565 1685 628 Ita
1734 563 1997 648 Sylvest.
2050 565 2123 627 V.
2183 562 2476 628 Caritas:
2509 584 2568 646 q.
2604 564 2688 640 6.,
2732 567 2979 646 (111311ᾱο
3021 570 3179 634 alter

715 666 1125 730 sufficientem
1175 667 1393 730 offerat
1440 666 1947 731 satisfactionem.
1990 665 2125 743 Sed,
2174 666 2381 748 inquit
2425 667 2734 744 Valentia,
2770 670 2976 734 verius
3024 672 3177 737 mihi

713 767 979 845 videtur,
1020 768 1186 849 quod
1236 768 1517 833 absolute
1567 769 1841 832 affirmat
1877 768 2188 844 Glossa...,
2240 789 2360 833 non
2408 770 2601 832 teneri
2648 769 2883 833 laesam
2931 775 3171 854 partem

713 871 1001 935 omittere
1067 872 1375 935 actionem
1438 871 1828 947 iniuriarum,
1879 871 2126 934 etiamsi
2189 870 2463 952 alioquin
2530 873 2817 936 teneatur
2877 873 3175 956 deponere

713 973 926 1038 odium
973 977 1035 1038 et
1081 994 1420 1039 rancorem.
1470 975 1657 1038 Ratio
1706 976 1828 1050 est3
1864 974 2011 1055 quia
2042 993 2164 1038 non
2214 974 2460 1038 tenetur
2497 974 2723 1056 aliquis
2770 975 3174 1042 determinate

712 1079 1029 1159 acceptare
1061 1078 1220 1140 hanc
1252 1077 1461 1159 potius
1488 1096 1678 1158 quam
1701 1077 1877 1139 illam
1910 1076 2397 1141 satisfactionem
2423 1097 2531 1160 pro
2556 1077 2805 1156 iniuria,
2841 1079 2944 1142 sed
2968 1083 3173 1162 potest

709 1180 916 1261 petere
950 1197 986 1241 a
1017 1178 1235 1255 iudice,
1278 1180 1352 1242 ut
1383 1179 1501 1243 sibi
1523 1179 1779 1242 iuridice
1811 1179 2230 1261 compensatio
2263 1178 2471 1242 debita
2508 1179 2639 1242 fiat.
2679 1180 2761 1242 Et
2792 1178 3017 1263 Sporer
3044 1183 3086 1245 l.
3119 1202 3169 1247 0.

710 1300 769 1344 n.
817 1282 917 1344 19.
954 1281 1105 1346 dicit
1137 1282 1296 1345 hanc
1334 1283 1706 1345 sententiam
1743 1299 2133 1344 communem
2172 1283 2533 1346 Doctorum.

799 1383 935 1446 Hac
966 1384 1039 1447 de
1071 1404 1136 1448 re
1169 1384 1630 1462 S.·Antoninus,
1665 1385 1825 1466 part.
1864 1385 1921 1445 2.
1965 1384 2064 1446 tit.
2101 1385 2159 1447 8.
2202 1404 2332 1466 cap.
2377 1387 2436 1446 2.
2475 1385 2532 1466 ξ.
2569 1385 2662 1448 6.;
2703 1409 2738 1443 «
2770 1385 2861 1448 Ex
2890 1386 3171 1452 illatione

710 1486 972 1550 iniuriae
1020 1487 1221 1550 oritur
1269 1487 1430 1551 actio
1478 1487 1867 1550 iniuriarum.
1910 1485 2087 1549 Hanc
2134 1487 2344 1550 nullus
2392 1487 2640 1550 tenetur
2669 1487 3005 1565 remittere,
3045 1490 3169 1554 imo

706 1589 1075 1670 quandoque
1122 1589 1328 1653 laesus
1375 1589 1687 1653 dimittere
1735 1608 1854 1653 non
1903 1590 2128 1671 potest,
2177 1590 2251 1650 ut
2297 1589 2348 1651 si
2396 1589 2622 1652 iniuria
2677 1588 2857 1653 illata
2904 1592 3002 1653 est
3048 1610 3171 1656 mo-

705 1692 901 1755 nacho
941 1693 1056 1754 etc.
1092 1717 1153 1754 ».
2536 1709 2539 1712 ·

797 1793 869 1855 Id
894 1814 941 1856 s.
971 1794 1154 1876 Alph.
1176 1814 1234 1857 n.
1265 1796 1368 1857 29.
1396 1795 1632 1858 fatetur
1653 1794 1867 1858 docere
1892 1794 2078 1857 etiam
2116 1792 2630 1857 Salmanticenses
2655 1797 2719 1858 et
2743 1796 2869 1858 iam
2902 1795 3168 1860 diximus

704 1915 776 1960 ex
809 1895 1050 1977 Sporer,
1086 1917 1216 1960 esse
1249 1898 1592 1961 doctrinam
1626 1917 2022 1960 communem.
2060 1896 2478 1961 Veruntamen
2513 1899 2695 1961 notat
2741 1917 2882 1961 011111
2914 1898 3012 1974 Α.,
3053 1899 3169 1962 dif-

704 1998 863 2059 ficile
897 2017 1045 2074 esse,
1081 1999 1155 2060 ut
1188 1999 1247 2060 in
1284 2000 1523 2063 actione
1555 1999 1862 2062 criminali
1909 2018 2030 2062 non
2078 1999 2387 2061 subintret
2425 1999 2587 2062 livor
2631 1999 2957 2076 vindictae,
2998 2019 3169 2082 prae-

705 2101 922 2164 sertim
955 2101 1006 2164 si
1048 2119 1244 2182 poena
1277 2101 1362 2163 sit
1397 2101 1627 2183 graviS,
1662 2120 1718 2163 v,
1760 2121 1852 2183 gr.
1893 2100 2331 2175 mutilationiS,
2372 2100 2593 2164 mortis
2640 2102 2754 2164 etc.
2795 2104 2860 2164 et
2890 2104 2963 2165 ut
2994 2101 3166 2165 addit

705 2202 928 2285 Sporer
964 2204 1005 2265 l.
1043 2222 1092 2266 0.
1135 2224 1194 2266 11.
1235 2204 1358 2278 19.,
1399 2203 1448 2266 01
1498 2203 1647 2266 11300
1693 2202 2038 2265 satisfactio
2072 2202 2239 2265 laeso
2288 2202 2373 2265 sit
2416 2221 2668 2285 prorsus
2706 2204 2969 2268 inutilis.
3008 2204 3168 2268 Hinc

705 2305 918 2368 subdit
950 2324 998 2368 0.
1033 2305 1217 2387 Alph.
1252 2325 1317 2368 se
1354 2303 1695 2368 adhaerere
1731 2304 2032 2378 Antoine,
2066 2303 2231 2384 quod
2275 2328 2310 2362 ‹<
2342 2305 2610 2387 practice
2656 2305 2963 2386 loquendo
3011 2327 3167 2368 nun-

701 2428 888 2489 quam
921 2408 1105 2472 liceat
1133 2414 1410 2490 expetere
1436 2408 1829 2489 punitio-nem
1859 2406 2119 2478 inimici,
2154 2406 2272 2468 etsi
2300 2406 2529 2468 iustam
2558 2412 2621 2470 et
2655 2406 2936 2488 leyitima
2964 2415 3165 2472 aucto-

699 2511 886 2573 ritate
916 2512 1287 2593 faciendam.

789 2615 1025 2678 Verum
1056 2614 1327 2678 Antoine
1353 2614 1426 2676 de
1459 2611 1654 2675 Gardt.
1682 2630 1815 2693 cap.
1845 2614 1905 2674 2.
1934 2613 2050 2675 art.
2089 2614 2146 2674 2.
2182 2630 2240 2692 q.
2270 2613 2329 2674 2.
2356 2630 2513 2694 resp.
2549 2613 2609 2675 3.
2636 2612 2701 2675 in
2732 2613 2836 2677 fin.
2864 2614 2952 2677 sic
2976 2614 3160 2678 dicit:

707 2742 743 2776 «x
780 2716 1119 2797 Nunquam
1147 2716 1296 2779 licet
1332 2717 1611 2798 expetere
1641 2715 2029 2798 punitionem
2060 2714 2292 2777 inimici
2340 2715 2456 2778 etsi
2488 2716 2722 2779 iustam
2769 2718 2832 2780 et
2877 2717 3163 2800 legitima

698 2818 1076 2882 auctoritate
1110 2818 1362 2894 factam,
1398 2834 1723 2892 omri-:Nus
1755 2834 1895 2880 Erus
1927 2833 2150 2879 MALUM
2182 2832 2320 2891 EST3
2355 2835 2498 2879 nam
2532 2817 2649 2880 hoc
2678 2818 2779 2880 est
2809 2820 2987 2882 actus
3038 2820 3159 2884 odii

695 2939 1016 3001 nunquam
1046 2921 1203 2985 liciti
1236 2945 1296 2983 ».
1337 2920 1419 2982 Et
1449 2939 1636 3002 supra
1666 2920 1907 2983 dixerat
1941 2919 2089 2982 ibid.
2117 2939 2175 3000 q.
2205 2921 2264 2981 2.
2299 2938 2456 3000 resp.
2499 2919 2596 2981 3.:
2638 2943 2674 2977 ⁴<
2702 2920 2837 2984 Imo
2865 2919 3158 2986 adversus

692 3025 874 3087 11111111
911 3024 1057 3088 licet
1093 3024 1420 3088 instituere
1456 3024 1763 3088 actionem
1800 3024 1938 3087 tum
1984 3023 2228 3086 civilem
2266 3023 2404 3085 tum
2441 3022 2844 3099 criminalem,
2878 3025 3064 3090 modo
3097 3026 3159 3089 id

691 3144 815 3190 non
862 3126 976 3189 fiat
1022 3146 1092 3189 ex
1146 3125 1305 3198 odio,
1353 3125 1628 3190 vindicta
1684 3126 1797 3189 aut
1844 3126 1966 3189 alio
2030 3143 2220 3207 pravo
2268 3123 2420 3187 fine:
2471 3124 2714 3188 civilem
2764 3126 3034 3207 quidem,
3085 3129 3159 3192 ut

695 3228 993 3291 damnum
1037 3228 1290 3291 illatum
1335 3229 1689 3312 compenset
1734 3228 1831 3292 vel
1880 3246 1989 3310 pro
2036 3226 2265 3290 iniuria
2325 3226 2705 3303 satisfaciat3
2765 3229 3151 3294 criminalem

692 3350 837 3395 vero
885 3350 956 3394 ex
1005 3350 1212 3395 amore
1251 3332 1532 3415 publicae
1561 3331 1863 3408 iustitiae,
1896 3349 1971 3393 ne
2013 3329 2150 3393 aliis
2182 3332 2401 3393 noceat
2433 3329 2530 3394 vel
2563 3349 2637 3393 ne
2667 3329 2981 3412 impunita
3029 3353 3155 3398 ma-

687 3436 875 3497 neant
912 3434 1171 3497 crimina
1203 3454 1346 3498 cum
1376 3433 1750 3517 reipublicae
1787 3432 2012 3495 damno
2046 3456 2106 3496 ».

778 3537 872 3601 De
917 3538 1034 3601 hac
1079 3556 1144 3600 re
1178 3556 1226 3600 0.
1261 3537 1532 3601 Thomas
1565 3538 1624 3599 2.
1663 3538 1723 3599 2.
1759 3556 1817 3617 q.
1873 3536 2018 3599 108.
2061 3537 2176 3599 art.
2218 3536 2273 3599 1.
2309 3537 2396 3600 sic
2440 3537 2665 3618 probat
2710 3538 3023 3618 quomodo
3071 3540 3153 3603 le-

685 3640 947 3724 gitimus
979 3641 1341 3722 potestesse
1367 3639 1504 3704 finis
1539 3639 1783 3722 petendi
1807 3638 2173 3703 vindictam:
2209 3664 2243 3695 «
2269 3638 2623 3702 Vindicatio
2654 3638 2730 3702 fit
2760 3659 2866 3722 per
2896 3642 3149 3724 aliquod

683 3742 940 3825 poenale
985 3744 1223 3807 malum
1270 3743 1575 3806 inflictum
1622 3742 1919 3825 peccanti.
1954 3741 2069 3805 Est
2114 3761 2259 3825 ergo
2308 3742 2369 3804 in
2418 3741 2833 3807 vindicatione
2878 3745 3149 3809 conside-

682 3846 913 3909 randus
961 3845 1331 3909 vindicantis
1379 3846 1642 3908 animus.
1672 3842 1737 3907 Si
1786 3844 1949 3908 enim
1981 3844 2113 3907 eius
2145 3843 2408 3906 intentio
2442 3842 2680 3908 feratur
2696 3846 3149 3924 principaliter

678 3946 742 4010 in
789 3948 1027 4011 malum
1073 3947 1244 4009 illius
1291 3946 1364 4009 de
1412 3964 1534 4026 quo
1583 3944 1919 4009 vindictam
1968 3944 2163 4007 sumit
2193 3945 2257 4006 et
2285 3943 2370 4006 ibi
2419 3944 2716 4024 quiescat,
2757 3949 2852 4011 est
2891 3950 3141 4014 omnino

680 4049 1038 4113 illicitum...
1090 4048 1155 4111 Si
1201 4067 1345 4112 vero
1402 4046 1666 4111 intentio
1713 4046 2085 4109 vindicantis
2134 4045 2370 4109 feratur
2403 4048 2855 4127 mnmpaliter
2908 4051 2971 4114 in
3029 4053 3144 4116 ali-

679 4153 844 4234 quod
882 4154 1133 4228 bonum,
1162 4151 1240 4214 ad
1272 4150 1437 4231 quod
1471 4150 1825 4232 pervenitur
1861 4169 1968 4230 per
2004 4167 2263 4231 poenam
2290 4150 2617 4231 peccantis,
2645 4153 2799 4235 puta
2833 4154 2910 4217 ad
2942 4173 3142 4219 emen-

676 4255 993 4318 dationem
1039 4252 1347 4335 peccantis
1395 4252 1494 4315 vel
1542 4252 1765 4315 saltem
1813 4251 1889 4314 ad
1939 4251 2377 4315 cohibitionem
2410 4250 2545 4316 eius
2577 4255 2641 4316 et
2687 4255 2959 4335 quietem
2991 4257 3142 4322 alio·

669 4374 813 4419 rum
859 4356 932 4417 ed
965 4355 1041 4418 ad
1072 4354 1352 4418 iustitiae
1391 4353 1921 4418 conservationem
1958 4355 2020 4417 et
2051 4354 2167 4416 Dei
2199 4354 2512 4433 honorem,
2549 4357 2755 4437 potest
2798 4357 3135 4424 vindicatio

675 4475 804 4521 0000
850 4455 1044 4533 licita,
1096 4456 1251 4519 alias
1284 4456 1506 4520 debitis
1545 4457 2028 4520 circumstantiis
2060 4456 2321 4521 servatis
2356 4480 2431 4521 »z
2466 4458 2693 4539 quibus
2740 4458 2881 4522 addi
2929 4462 3137 4543 potest

671 4559 794 4623 alia
820 4560 981 4624 ratio
1000 4558 1306 4623 vindictae
1331 4559 1718 4643 expetendae,
1754 4559 1884 4623 scil.
1923 4559 2012 4623 ad
2042 4559 2316 4622 aliorum
2351 4559 2698 4639 exemplum
2728 4579 2799 4624 30
2821 4560 3130 4639 fraenum.
