3497 5147
650 314 761 368 712
975 326 1285 368 'fusor-‚vn
1312 325 1474 367 sinor.
1503 326 1582 368 vr.
1609 325 1693 365 nn
1716 324 1910 367 snxro
1936 325 2014 365 m·
2041 323 2204 365 nono
2229 323 2446 366 Panno.
2468 323 2781 365 vacuom
2966 307 3113 384 [963]

646 424 838 489 tionis
869 441 1161 487 venereae
1207 422 1397 487 libere
1430 421 1758 498 admissae,
1794 420 2159 504 praesertim
2205 418 2260 483 si
2305 419 2581 485 studiose
2636 421 2698 484 et
2746 439 2891 485 cum
2935 439 3116 486 mora

644 525 821 602 fiant,
848 526 913 590 et
957 525 1108 589 tunc
1138 524 1193 587 si
1237 524 1364 588 tale
1395 523 1740 606 periculum
1779 522 2131 606 proximum
2176 521 2612 605 praevideatur
2642 522 2707 586 in
2732 521 2809 587 iis
2842 522 3114 588 tactibus

645 628 841 694 oculis
888 628 1005 691 etc.
1039 646 1110 691 ex
1155 625 1499 692 intentione
1545 626 1679 689 sola
1726 625 1900 690 illius
1937 623 2368 689 delectationis
2413 623 2665 702 habitis,
2719 625 2932 709 gravis
2980 628 3117 691 erat

642 729 826 813 culpa
850 755 912 791 ».
953 726 1133 793 Certe
1173 753 1208 788 α
1232 728 1614 814 hypothesis,
1651 728 1742 791 ait
1767 728 1840 790 Β.
1868 720 2037 806 ibid„
2063 725 2137 791 de
2164 726 2412 804 osculis,
2441 725 2825 809 amplexibus
2849 727 2914 790 et
2938 727 3118 792 tacti-

644 831 779 908 buS,
820 831 929 912 qui
959 830 1307 897 habeantur
1342 831 1419 894 ob
1452 849 1687 895 meram
1725 829 2202 894 delectationem
2249 848 2402 915 pure
2446 828 2799 893 sensibilem
2845 848 2915 893 ex
2962 829 3115 914 ipsis

641 932 913 1016 praecise
947 933 1401 1016 exsurgentem,
1436 931 1498 995 in
1545 931 1721 1015 praxi
1752 931 1853 994 vix
1892 931 2101 995 locum
2146 931 2370 996 habere
2417 929 2664 995 videtur
2710 955 2770 994 ».
2821 929 2922 996 Sic
2967 951 3115 1018 ergo

643 1036 756 1100 illa
804 1036 1042 1100 occasio
1090 1036 1153 1099 et
1216 1035 1561 1117 periculum
1608 1035 1847 1118 peccati
1892 1034 2179 1099 mortalis
2228 1037 2547 1118 apparent,
2583 1034 2655 1098 de
2710 1034 2936 1116 quibus
2981 1034 3115 1101 Sal·

644 1139 1055 1202 manticenses
1087 1137 1452 1220 loquuntur,
1494 1162 1528 1194 «
1554 1137 1681 1219 qui,
1717 1135 1923 1221 pergit
1960 1137 2032 1199 B.
2068 1136 2110 1200 l.
2138 1155 2213 1213 c.‚
2252 1138 2572 1219 praeterea
2601 1136 2750 1201 ibid.
2785 1156 2844 1202 n.
2875 1138 2979 1202 40.
3019 1158 3117 1203 ex-

646 1257 853 1322 presse
885 1240 1157 1315 monent,
1207 1237 1530 1315 AuctoreS,
1558 1238 1668 1320 qui
1698 1238 1911 1322 gravis
1960 1239 2176 1322 culpae
2214 1239 2330 1303 hos
2362 1241 2539 1303 actus
2586 1238 2887 1304 damnant
2932 1241 3118 1322 (quos

646 1342 944 1405 nimirum
969 1359 1018 1404 s.
1051 1338 1236 1423 Alph.
1264 1339 1402 1405 dein
1435 1341 1613 1422 quasi
1652 1359 1762 1424 pro
1796 1339 2102 1405 sensibilis
2134 1338 2562 1405 delectationis
2585 1342 2768 1406 reatu
2787 1341 3114 1427 allegavit)

643 1463 768 1508 non
800 1444 873 1508 de
910 1442 1317 1508 delectatione
1347 1462 1512 1507 mere
1544 1443 1818 1507 sensibili
1848 1443 2040 1525 loqui,
2074 1442 2180 1508 sed
2212 1442 2284 1507 de
2322 1444 2556 1509 carnali
2586 1446 2649 1509 et
2679 1463 2937 1509 venerea
2972 1471 3034 1509 ».

743 1571 778 1604 «
816 1546 958 1611 Huc
1002 1546 1199 1630 igitur
1244 1546 1521 1610 revocari
1569 1546 1777 1630 potest
1823 1546 2103 1610 doctrina
2136 1565 2184 1609 s.
2225 1545 2410 1629 Alph.
2459 1548 2532 1610 ut
2578 1546 2652 1612 de
2700 1547 3112 1615 delectatione

646 1648 917 1713 sensuali
953 1648 1274 1730 loquatur,
1297 1668 1566 1731 quacum
1595 1648 1939 1731 periculum
1970 1649 2370 1713 coniunctum
2402 1649 2497 1712 est
2528 1667 2819 1713 venereae
2850 1649 3114 1716 delecta-

644 1750 854 1816 tionis.
883 1749 1047 1815 Scite
1075 1751 1311 1815 interea
1342 1751 1473 1833 ipse
1509 1753 1740 1828 monet,
1767 1751 1937 1815 aliud
1961 1769 2092 1816 esse
2123 1770 2306 1836 agere
2323 1755 2588 1832 propter
2623 1750 3108 1832 delectationem,

646 1852 820 1917 aliud
849 1872 988 1914 cum
1021 1851 1425 1916 delectatione
1451 1878 1511 1916 ».

734 1955 1332 2037 Praeoccupavimus
1364 1955 1497 2019 heic
1530 1955 1854 2037 quaedam,
1883 1954 1954 2018 de
1988 1956 2213 2037 quibus
2247 1956 2394 2020 data
2420 1975 2604 2037 opera
2635 1958 2700 2021 in
2731 1976 2899 2041 seqq.
2928 1979 3112 2044 agen-

643 2058 820 2122 dum:
854 2058 924 2121 at
954 2058 1298 2121 necessaria
1334 2057 1605 2133 fuerunt,
1634 2060 1706 2121 ut
1745 2057 2062 2122 distinctio
2095 2057 2580 2123 delectationum
2610 2060 3014 2125 statueretur.

732 2155 904 2231 983.
931 2160 1096 2225 Illud
1128 2161 1275 2224 lieet
1300 2160 1637 2237 advertere,
1666 2159 1851 2241 quod,
1879 2160 2000 2224 etsi
2035 2160 2099 2224 in
2123 2161 2368 2225 feminis
2401 2162 2531 2226 veri
2563 2161 2815 2228 seminis
2845 2165 3106 2230 secretio

640 2282 765 2328 non
797 2263 929 2340 fiat,
952 2263 1358 2328 nihilominus
1396 2264 1459 2326 et
1494 2263 1570 2326 ab
1608 2263 1759 2345 ipsis
1799 2281 2054 2327 venerea
2087 2263 2377 2345 voluptas
2415 2264 2771 2347 percipitur,
2797 2269 3108 2351 completa

643 2383 786 2429 cum
818 2366 1168 2429 irritatione
1217 2365 1527 2449 organica,
1569 2384 1725 2446 quae
1776 2364 2039 2428 exsolvit
2074 2365 2139 2428 et
2184 2365 2377 2429 satiat
2422 2367 2734 2445 naturam,
2769 2369 3108 2436 comitante

642 2465 767 2530 fere
806 2485 1045 2547 semper
1075 2466 1411 2531 secretione
1449 2465 1727 2528 humoris
1766 2465 1828 2528 in
1879 2466 2128 2549 organis
2158 2467 2595 2550 generationiS,
2629 2469 3000 2553 incompleta
3036 2471 3102 2535 in

643 2568 813 2650 turpi
846 2567 1280 2633 commotione.

733 2670 906 2744 954.
945 2674 1298 2758 Distinguit
1342 2674 1416 2738 A.
1452 2693 1572 2739 non
1621 2677 1874 2758 peccata
1912 2676 2018 2739 sed
2065 2678 2242 2741 actus
2287 2677 2570 2742 luxuriae
2601 2679 2665 2742 in
2713 2679 3105 2764 imperfectos

642 2780 706 2842 et
750 2777 1085 2859 perfectos:
1120 2775 1437 2842 distinctio
1477 2777 1772 2842 nimirum
1820 2797 1940 2843 non
1988 2778 2155 2843 cadit
2202 2796 2386 2862 super
2431 2780 2813 2864 gravitatem
2843 2786 3100 2866 peccati,

641 2879 746 2942 sed
770 2897 953 2959 super
976 2880 1267 2942 naturam
1293 2880 1490 2944 actus.
1518 2880 1713 2944 Actus
1738 2880 2083 2962 imperfecti
2108 2880 2202 2944 illi
2227 2882 2393 2958 sunt,
2421 2881 2494 2946 de
2518 2883 2745 2964 quibus
2768 2885 2833 2950 in
2857 2885 2999 2951 dub.
3020 2889 3101 2964 1.,

640 2979 913 3062 perfecti,
948 2980 1021 3045 de
1054 2981 1279 3063 quibus
1311 2982 1374 3045 in
1406 2981 1648 3047 duobus
1681 2982 1867 3046 dubb.
1903 3003 2070 3066 seqq.

729 3083 924 3148 Actus
956 3084 1298 3167 imperfecti
1345 3085 1819 3170 distinguuntur
1851 3087 1914 3150 in
1946 3088 2229 3151 internos
2274 3091 2337 3152 et
2374 3092 2700 3154 externos:
2732 3091 2806 3155 de
2843 3093 3101 3158 internis

640 3190 852 3251 autem
898 3188 958 3251 h.
1012 3207 1062 3251 e.
1110 3207 1356 3252 morosa
1401 3188 1802 3253 detecta-tione
1849 3192 1913 3253 et
1945 3210 2150 3270 pravo
2194 3190 2501 3255 desiderio
2548 3193 2645 3257 vel
2696 3194 2927 3275 qaudio
2973 3196 3102 3261 iam

636 3307 837 3354 sermo
871 3291 1123 3356 habitus
1155 3294 1250 3356 est
1283 3292 1359 3357 ab
1392 3293 1526 3374 ipso
1566 3293 1638 3356 B.
1669 3294 1730 3356 in
1767 3294 1843 3356 tr.
1874 3292 1947 3357 de
1988 3292 2279 3357 Peccatis
2311 3314 2348 3357 a
2377 3315 2438 3358 n.
2467 3296 2571 3359 54.
2606 3296 2684 3360 ad
2723 3316 2782 3361 n.
2816 3298 2961 3363 165.
2989 3319 3102 3364 nec

638 3389 768 3453 illic
805 3391 985 3457 dictis
1034 3413 1187 3475 opus
1236 3397 1330 3459 est
1360 3396 1494 3459 heic
1543 3394 1666 3459 alia
1715 3395 1955 3460 addere.
1993 3396 2288 3460 Doctrina
2338 3416 2519 3479 porro
2557 3398 2632 3462 A.
2668 3400 2844 3464 actus
2887 3400 3103 3466 huius-

636 3493 803 3557 modi
836 3494 1109 3561 internos
1135 3497 1397 3579 speciem
1432 3517 1671 3561 sumere
1704 3498 1782 3561 ab
1816 3498 2093 3573 obiectis,
2119 3498 2480 3580 complenda
2511 3501 2607 3563 est
2636 3500 2733 3577 iis,
2761 3521 2919 3584 quae
2950 3501 3102 3567 data

637 3597 870 3660 suntin
896 3598 1108 3662 eodem
1134 3601 1212 3663 tr.
1239 3599 1313 3663 de
1339 3599 1649 3675 Peccatis,
1675 3600 1782 3664 ubi
1808 3599 1880 3664 de
1906 3599 2300 3665 distinctione
2323 3603 2718 3682 peccatorum
2743 3604 2953 3669 actum
2981 3607 3095 3670 est.

728 3698 1049 3778 Quomodo
1082 3702 1550 3786 distinguantur
1584 3703 1649 3765 in
1688 3722 1908 3786 genere
1940 3703 2129 3766 moris
2162 3705 2340 3767 actus
2370 3703 2713 3785 imperfecti
2747 3725 2782 3770 a
2815 3707 3102 3788 perfectis

637 3802 701 3864 et
733 3802 965 3886 singuli
1012 3806 1337 3888 utriusque
1383 3805 1597 3870 classis
1635 3807 1798 3869 inter
1845 3824 1929 3879 se,
1963 3803 2288 3869 dicendum
2319 3806 2458 3882 erit,
2493 3826 2635 3872 cum
2673 3808 2745 3872 de
2791 3810 2943 3892 ipsis
2974 3811 3101 3877 dis-

636 3906 799 3969 serte
829 3907 1257 3973 tractabimus.
1292 3908 1472 3972 Nunc
1504 3906 1957 3991 praemittenda
1995 3907 2331 3985 distinctio,
2371 3928 2530 3991 quae
2577 3912 2891 3995 principiis
2928 3934 3101 3998 prae·

635 4006 965 4073 stituendis
997 4011 1339 4076 necessaria
1372 4011 1484 4074 est.
1519 4009 1834 4073 Nimirum
1881 4009 2127 4074 luxuria
2159 4028 2267 4073 seu
2300 4008 2628 4077 delectatio
2677 4033 2932 4080 venerea
2970 4017 3096 4082 alia

632 4112 729 4173 est
761 4110 986 4176 directe
1021 4114 1237 4190 volita,
1274 4112 1396 4175 alia
1428 4110 1747 4174 indirecte.
1788 4111 1968 4176 Prior
2007 4112 2119 4189 est,
2153 4131 2294 4177 cum
2327 4115 2619 4198 voluptas
2663 4116 2994 4183 libidinosa
3031 4120 3096 4184 in

632 4230 697 4275 se
743 4213 1088 4279 intenditur
1134 4216 1233 4279 vel
1280 4213 1668 4288 admittitur;
1719 4216 1793 4278 ut
1840 4213 2062 4278 idcirco
2117 4215 2424 4281 habeatur
2479 4220 2656 4282 actus
2717 4219 3097 4286 deliberatus

629 4316 996 4392 voluntatis,
1037 4316 1147 4398 qui
1192 4316 1389 4380 fertur
1419 4315 1482 4377 in
1516 4315 1905 4398 voluptatem
1952 4317 2181 4381 carnis:
2224 4318 2420 4382 altera
2467 4321 2581 4392 est,
2615 4339 2759 4385 cum
2804 4322 2971 4386 aliud
3007 4324 3099 4389 in·

628 4418 927 4489 tenditur,
962 4437 1034 4482 ex
1065 4437 1188 4500 quo
1220 4417 1511 4500 voluptas
1544 4419 1830 4495 carnalis,
1859 4422 2100 4503 praeter
2136 4420 2564 4500 intentionem,
2598 4421 2744 4487 licet
2788 4426 3094 4506 praevisa,

628 4520 938 4600 sequitur:
975 4520 1285 4603 voluptas,
1319 4519 1593 4601 inquam,
1642 4505 1928 4598 cafnalis,
1979 4540 2100 4587 non
2149 4523 2367 4588 volitio
2415 4523 2723 4589 eiusdem:
2764 4544 2922 4608 quae
2969 4527 3095 4595 duo

631 4623 778 4684 sunt
816 4640 1054 4705 semper
1084 4623 1541 4708 distinguenda.
