<?xml version="1.0" encoding="UTF-8"?>
<!DOCTYPE html PUBLIC "-//W3C//DTD XHTML 1.0 Transitional//EN"
    "http://www.w3.org/TR/xhtml1/DTD/xhtml1-transitional.dtd">
<html xmlns="http://www.w3.org/1999/xhtml" xml:lang="en" lang="en">
 <head>
  <title>
</title>
<meta http-equiv="Content-Type" content="text/html;charset=utf-8" />
  <meta name='ocr-system' content='tesseract 3.04.00' />
  <meta name='ocr-capabilities' content='ocr_page ocr_carea ocr_par ocr_line ocrx_word'/>
</head>
<body>
  <div class='ocr_page' id='page_1' title='image "./opustheologicum00ballgoog/opustheologicum00ballgoog_0184.png"; bbox 0 0 3497 5147; ppageno 0'>
   <div class='ocr_carea' id='block_1_1' title="bbox 328 371 2785 448">
    <p class='ocr_par' dir='ltr' id='par_1_1' title="bbox 328 371 2785 448">
     <span class='ocr_line' id='line_1_1' title="bbox 328 371 2785 448; baseline 0.001 -20"><span class='ocrx_word' id='word_1_1' title='bbox 328 371 462 448; x_wconf 78' lang='lat'><strong>[239]</strong></span> <span class='ocrx_word' id='word_1_2' title='bbox 1088 386 1174 426; x_wconf 73' lang='lat' dir='ltr'>mn</span> <span class='ocrx_word' id='word_1_3' title='bbox 1210 385 1538 426; x_wconf 63' lang='lat' dir='ltr'>mmnua</span> <span class='ocrx_word' id='word_1_4' title='bbox 1575 385 2002 428; x_wconf 67' lang='lat' dir='ltr'>conum-roma</span> <span class='ocrx_word' id='word_1_5' title='bbox 2677 374 2785 430; x_wconf 80' lang='lat'>177</span> 
     </span>
    </p>
   </div>
   <div class='ocr_carea' id='block_1_2' title="bbox 330 482 2787 671">
    <p class='ocr_par' dir='ltr' id='par_1_2' title="bbox 330 482 2787 671">
     <span class='ocr_line' id='line_1_2' title="bbox 413 482 2787 566; baseline -0 -16"><span class='ocrx_word' id='word_1_6' title='bbox 413 484 573 549; x_wconf 92' lang='lat' dir='ltr'>Dicit</span> <span class='ocrx_word' id='word_1_7' title='bbox 618 483 716 560; x_wconf 64' lang='lat' dir='ltr'>A„</span> <span class='ocrx_word' id='word_1_8' title='bbox 751 483 815 546; x_wconf 91' lang='lat' dir='ltr'>id</span> <span class='ocrx_word' id='word_1_9' title='bbox 846 482 1306 566; x_wconf 86' lang='lat' dir='ltr'>praestandum,</span> <span class='ocrx_word' id='word_1_10' title='bbox 1347 482 1493 546; x_wconf 86' lang='lat' dir='ltr'>licet</span> <span class='ocrx_word' id='word_1_11' title='bbox 1538 501 1659 547; x_wconf 92' lang='lat' dir='ltr'>non</span> <span class='ocrx_word' id='word_1_12' title='bbox 1714 482 1801 546; x_wconf 91' lang='lat' dir='ltr'>sit</span> <span class='ocrx_word' id='word_1_13' title='bbox 1838 501 1975 565; x_wconf 88' lang='lat' dir='ltr'>spes</span> <span class='ocrx_word' id='word_1_14' title='bbox 2007 482 2473 548; x_wconf 75' lang='lat' dir='ltr'>emendationis.</span> <span class='ocrx_word' id='word_1_15' title='bbox 2522 487 2609 550; x_wconf 87' lang='lat' dir='ltr'>At</span> <span class='ocrx_word' id='word_1_16' title='bbox 2657 485 2787 549; x_wconf 86' lang='lat' dir='ltr'>alia</span> 
     </span>
     <span class='ocr_line' id='line_1_3' title="bbox 330 587 2689 671; baseline 0 -17"><span class='ocrx_word' id='word_1_17' title='bbox 330 589 491 654; x_wconf 79' lang='lat' dir='ltr'>adest</span> <span class='ocrx_word' id='word_1_18' title='bbox 518 588 872 665; x_wconf 86' lang='lat' dir='ltr'>necessitas,</span> <span class='ocrx_word' id='word_1_19' title='bbox 906 606 982 651; x_wconf 90' lang='lat' dir='ltr'>ne</span> <span class='ocrx_word' id='word_1_20' title='bbox 1014 587 1144 651; x_wconf 88' lang='lat' dir='ltr'>scil.</span> <span class='ocrx_word' id='word_1_21' title='bbox 1178 587 1417 650; x_wconf 91' lang='lat' dir='ltr'>malum</span> <span class='ocrx_word' id='word_1_22' title='bbox 1449 587 1830 671; x_wconf 73' lang='lat' dir='ltr'>propagetur</span> <span class='ocrx_word' id='word_1_23' title='bbox 1860 589 1924 650; x_wconf 90' lang='lat' dir='ltr'>et</span> <span class='ocrx_word' id='word_1_24' title='bbox 1955 589 2028 651; x_wconf 92' lang='lat' dir='ltr'>ut</span> <span class='ocrx_word' id='word_1_25' title='bbox 2062 587 2168 651; x_wconf 89' lang='lat' dir='ltr'>alii</span> <span class='ocrx_word' id='word_1_26' title='bbox 2202 592 2689 670; x_wconf 75' lang='lat' dir='ltr'>praeserventur.</span> 
     </span>
    </p>
   </div>
   <div class='ocr_carea' id='block_1_3' title="bbox 326 758 2782 995">
    <p class='ocr_par' dir='ltr' id='par_1_3' title="bbox 326 758 2782 995">
     <span class='ocr_line' id='line_1_4' title="bbox 426 758 2779 828; baseline -0.001 -11"><span class='ocrx_word' id='word_1_27' title='bbox 426 765 546 817; x_wconf 83' lang='lat' dir='ltr'>LlV.</span> <span class='ocrx_word' id='word_1_28' title='bbox 574 765 623 816; x_wconf 83' lang='lat'>6.</span> <span class='ocrx_word' id='word_1_29' title='bbox 649 759 873 815; x_wconf 87' lang='lat' dir='ltr'>Corretio</span> <span class='ocrx_word' id='word_1_30' title='bbox 899 760 1173 814; x_wconf 77' lang='lat' dir='ltr'>adhibenda</span> <span class='ocrx_word' id='word_1_31' title='bbox 1200 767 1274 812; x_wconf 87' lang='lat' dir='ltr'>est</span> <span class='ocrx_word' id='word_1_32' title='bbox 1308 774 1402 812; x_wconf 88' lang='lat' dir='ltr'>uon</span> <span class='ocrx_word' id='word_1_33' title='bbox 1430 773 1622 826; x_wconf 81' lang='lat' dir='ltr'>semper</span> <span class='ocrx_word' id='word_1_34' title='bbox 1647 758 1829 822; x_wconf 84' lang='lat' dir='ltr'>statim,</span> <span class='ocrx_word' id='word_1_35' title='bbox 1859 762 1946 813; x_wconf 86' lang='lat' dir='ltr'>sed</span> <span class='ocrx_word' id='word_1_36' title='bbox 1985 775 2094 813; x_wconf 90' lang='lat' dir='ltr'>cum</span> <span class='ocrx_word' id='word_1_37' title='bbox 2140 760 2296 814; x_wconf 80' lang='lat' dir='ltr'>maior</span> <span class='ocrx_word' id='word_1_38' title='bbox 2325 764 2505 815; x_wconf 75' lang='lat' dir='ltr'>fructus</span> <span class='ocrx_word' id='word_1_39' title='bbox 2533 770 2779 828; x_wconf 85' lang='lat' dir='ltr'>speratur.</span> 
     </span>
     <span class='ocr_line' id='line_1_5' title="bbox 327 842 2782 912; baseline -0.001 -10"><span class='ocrx_word' id='word_1_40' title='bbox 327 848 439 902; x_wconf 85' lang='lat' dir='ltr'>Hinc</span> <span class='ocrx_word' id='word_1_41' title='bbox 461 848 702 901; x_wconf 85' lang='lat' dir='ltr'>interdum</span> <span class='ocrx_word' id='word_1_42' title='bbox 730 844 946 912; x_wconf 78' lang='lat' dir='ltr'>permitti</span> <span class='ocrx_word' id='word_1_43' title='bbox 971 853 1133 911; x_wconf 87' lang='lat' dir='ltr'>potest</span> <span class='ocrx_word' id='word_1_44' title='bbox 1157 843 1405 897; x_wconf 74' lang='lat' dir='ltr'>reiteratio</span> <span class='ocrx_word' id='word_1_45' title='bbox 1432 842 1637 910; x_wconf 86' lang='lat' dir='ltr'>peccati,</span> <span class='ocrx_word' id='word_1_46' title='bbox 1666 850 1718 896; x_wconf 92' lang='lat' dir='ltr'>ut</span> <span class='ocrx_word' id='word_1_47' title='bbox 1743 843 2014 898; x_wconf 71' lang='lat' dir='ltr'>ferventius</span> <span class='ocrx_word' id='word_1_48' title='bbox 2050 843 2321 911; x_wconf 82' lang='lat' dir='ltr'>resipiscat.</span> <span class='ocrx_word' id='word_1_49' title='bbox 2350 844 2492 898; x_wconf 84' lang='lat' dir='ltr'>Dian.</span> <span class='ocrx_word' id='word_1_50' title='bbox 2523 861 2571 911; x_wconf 86' lang='lat' dir='ltr'>p.</span> <span class='ocrx_word' id='word_1_51' title='bbox 2592 847 2643 898; x_wconf 90' lang='lat'>7.</span> <span class='ocrx_word' id='word_1_52' title='bbox 2670 854 2703 899; x_wconf 92' lang='lat' dir='ltr'>t.</span> <span class='ocrx_word' id='word_1_53' title='bbox 2731 849 2782 899; x_wconf 87' lang='lat'>3.</span> 
     </span>
     <span class='ocr_line' id='line_1_6' title="bbox 326 926 2775 995; baseline -0.001 -9"><span class='ocrx_word' id='word_1_54' title='bbox 326 947 364 986; x_wconf 88' lang='lat' dir='ltr'>r.</span> <span class='ocrx_word' id='word_1_55' title='bbox 387 934 467 986; x_wconf 80' lang='lat'>29.</span> <span class='ocrx_word' id='word_1_56' title='bbox 493 939 541 985; x_wconf 88' lang='lat' dir='ltr'>et</span> <span class='ocrx_word' id='word_1_57' title='bbox 567 933 652 984; x_wconf 83' lang='lat'>30.</span> <span class='ocrx_word' id='word_1_58' title='bbox 673 944 735 983; x_wconf 82' lang='lat' dir='ltr'>ex</span> <span class='ocrx_word' id='word_1_59' title='bbox 761 932 881 993; x_wconf 72' lang='lat' dir='ltr'>fleg.</span> <span class='ocrx_word' id='word_1_60' title='bbox 902 928 1008 982; x_wconf 77' lang='lat' dir='ltr'>Fin.</span> <span class='ocrx_word' id='word_1_61' title='bbox 1029 929 1188 983; x_wconf 81' lang='lat' dir='ltr'>Trull.</span> <span class='ocrx_word' id='word_1_62' title='bbox 1208 930 1373 993; x_wconf 84' lang='lat' dir='ltr'>Neque</span> <span class='ocrx_word' id='word_1_63' title='bbox 1399 926 1576 981; x_wconf 77' lang='lat' dir='ltr'>sufficit</span> <span class='ocrx_word' id='word_1_64' title='bbox 1601 930 1751 981; x_wconf 83' lang='lat' dir='ltr'>semet</span> <span class='ocrx_word' id='word_1_65' title='bbox 1778 941 1887 981; x_wconf 83' lang='lat' dir='ltr'>esse</span> <span class='ocrx_word' id='word_1_66' title='bbox 1915 931 2086 981; x_wconf 73' lang='lat' dir='ltr'>{actam</span> <span class='ocrx_word' id='word_1_67' title='bbox 2112 927 2493 995; x_wconf 82' lang='lat' dir='ltr'>correptionem,</span> <span class='ocrx_word' id='word_1_68' title='bbox 2513 932 2601 983; x_wconf 87' lang='lat' dir='ltr'>sed</span> <span class='ocrx_word' id='word_1_69' title='bbox 2627 930 2775 984; x_wconf 84' lang='lat' dir='ltr'>debet</span> 
     </span>
    </p>
   </div>
   <div class='ocr_carea' id='block_1_4' title="bbox 326 1011 1992 1081">
    <p class='ocr_par' dir='ltr' id='par_1_4' title="bbox 326 1011 1992 1081">
     <span class='ocr_line' id='line_1_7' title="bbox 326 1011 1992 1081; baseline -0.005 -10"><span class='ocrx_word' id='word_1_70' title='bbox 326 1016 491 1071; x_wconf 84' lang='lat' dir='ltr'>iterum</span> <span class='ocrx_word' id='word_1_71' title='bbox 516 1015 792 1081; x_wconf 85' lang='lat' dir='ltr'>iterumque</span> <span class='ocrx_word' id='word_1_72' title='bbox 817 1012 941 1078; x_wconf 82' lang='lat' dir='ltr'>neri,</span> <span class='ocrx_word' id='word_1_73' title='bbox 971 1011 1186 1079; x_wconf 84' lang='lat' dir='ltr'>quandiu</span> <span class='ocrx_word' id='word_1_74' title='bbox 1212 1018 1434 1078; x_wconf 79' lang='lat' dir='ltr'>speratur</span> <span class='ocrx_word' id='word_1_75' title='bbox 1462 1015 1663 1066; x_wconf 75' lang='lat' dir='ltr'>fructus.</span> <span class='ocrx_word' id='word_1_76' title='bbox 1691 1011 1810 1066; x_wconf 82' lang='lat' dir='ltr'>ibid.</span> <span class='ocrx_word' id='word_1_77' title='bbox 1838 1026 1879 1065; x_wconf 88' lang='lat' dir='ltr'>r.</span> <span class='ocrx_word' id='word_1_78' title='bbox 1907 1014 1992 1065; x_wconf 80' lang='lat'>32.</span> 
     </span>
    </p>
   </div>
   <div class='ocr_carea' id='block_1_5' title="bbox 320 1151 2787 1645">
    <p class='ocr_par' dir='ltr' id='par_1_5' title="bbox 320 1151 2787 1645">
     <span class='ocr_line' id='line_1_8' title="bbox 407 1151 2781 1225; baseline 0.001 -9"><span class='ocrx_word' id='word_1_79' title='bbox 407 1151 584 1225; x_wconf 84' lang='grc'><strong>238.</strong></span> <span class='ocrx_word' id='word_1_80' title='bbox 643 1152 802 1217; x_wconf 88' lang='lat' dir='ltr'>Vide</span> <span class='ocrx_word' id='word_1_81' title='bbox 848 1151 1052 1216; x_wconf 90' lang='lat' dir='ltr'>Diana</span> <span class='ocrx_word' id='word_1_82' title='bbox 1099 1152 1250 1215; x_wconf 94' lang='lat' dir='ltr'>tom.</span> <span class='ocrx_word' id='word_1_83' title='bbox 1305 1151 1362 1214; x_wconf 88' lang='grc'>7.</span> <span class='ocrx_word' id='word_1_84' title='bbox 1414 1152 1594 1215; x_wconf 90' lang='lat' dir='ltr'>tract.</span> <span class='ocrx_word' id='word_1_85' title='bbox 1632 1152 1692 1214; x_wconf 90' lang='lat'>4.</span> <span class='ocrx_word' id='word_1_86' title='bbox 1734 1152 1915 1216; x_wconf 90' lang='lat' dir='ltr'>resol.</span> <span class='ocrx_word' id='word_1_87' title='bbox 1952 1153 2057 1216; x_wconf 88' lang='lat'>34.</span> <span class='ocrx_word' id='word_1_88' title='bbox 2093 1155 2156 1217; x_wconf 89' lang='lat' dir='ltr'>et</span> <span class='ocrx_word' id='word_1_89' title='bbox 2188 1154 2292 1217; x_wconf 85' lang='lat'>35.</span> <span class='ocrx_word' id='word_1_90' title='bbox 2343 1154 2537 1218; x_wconf 89' lang='lat' dir='ltr'>Porro</span> <span class='ocrx_word' id='word_1_91' title='bbox 2571 1174 2644 1218; x_wconf 85' lang='lat' dir='ltr'>ex</span> <span class='ocrx_word' id='word_1_92' title='bbox 2687 1173 2781 1218; x_wconf 90' lang='lat' dir='ltr'>re-</span> 
     </span>
     <span class='ocr_line' id='line_1_9' title="bbox 324 1252 2775 1337; baseline -0.001 -15"><span class='ocrx_word' id='word_1_93' title='bbox 324 1258 427 1322; x_wconf 89' lang='lat' dir='ltr'>sol.</span> <span class='ocrx_word' id='word_1_94' title='bbox 471 1256 576 1319; x_wconf 87' lang='lat'>34.</span> <span class='ocrx_word' id='word_1_95' title='bbox 617 1275 676 1318; x_wconf 94' lang='lat' dir='ltr'>n.</span> <span class='ocrx_word' id='word_1_96' title='bbox 731 1255 788 1317; x_wconf 94' lang='lat'>1.</span> <span class='ocrx_word' id='word_1_97' title='bbox 839 1253 1048 1329; x_wconf 87' lang='lat' dir='ltr'>habes,</span> <span class='ocrx_word' id='word_1_98' title='bbox 1098 1252 1264 1334; x_wconf 90' lang='lat' dir='ltr'>quod</span> <span class='ocrx_word' id='word_1_99' title='bbox 1308 1252 1607 1317; x_wconf 78' lang='lat' dir='ltr'>resolutio</span> <span class='ocrx_word' id='word_1_100' title='bbox 1655 1253 1754 1330; x_wconf 68' lang='lat' dir='ltr'>A„</span> <span class='ocrx_word' id='word_1_101' title='bbox 1789 1273 2005 1337; x_wconf 90' lang='lat' dir='ltr'>nempe</span> <span class='ocrx_word' id='word_1_102' title='bbox 2050 1254 2233 1319; x_wconf 89' lang='lat' dir='ltr'>licere</span> <span class='ocrx_word' id='word_1_103' title='bbox 2290 1255 2530 1320; x_wconf 84' lang='lat' dir='ltr'>differre</span> <span class='ocrx_word' id='word_1_104' title='bbox 2577 1275 2775 1320; x_wconf 90' lang='lat' dir='ltr'>corre-</span> 
     </span>
     <span class='ocr_line' id='line_1_10' title="bbox 324 1355 2774 1443; baseline -0.001 -20"><span class='ocrx_word' id='word_1_105' title='bbox 324 1360 610 1443; x_wconf 85' lang='lat' dir='ltr'>ptionem,</span> <span class='ocrx_word' id='word_1_106' title='bbox 646 1357 720 1421; x_wconf 91' lang='lat' dir='ltr'>ut</span> <span class='ocrx_word' id='word_1_107' title='bbox 750 1356 894 1439; x_wconf 87' lang='lat' dir='ltr'>post</span> <span class='ocrx_word' id='word_1_108' title='bbox 939 1355 1119 1437; x_wconf 88' lang='lat' dir='ltr'>plura</span> <span class='ocrx_word' id='word_1_109' title='bbox 1158 1355 1409 1438; x_wconf 86' lang='lat' dir='ltr'>peccata</span> <span class='ocrx_word' id='word_1_110' title='bbox 1448 1356 1778 1419; x_wconf 88' lang='lat' dir='ltr'>commissa</span> <span class='ocrx_word' id='word_1_111' title='bbox 1816 1355 2153 1421; x_wconf 77' lang='lat' dir='ltr'>ferventius</span> <span class='ocrx_word' id='word_1_112' title='bbox 2190 1359 2497 1442; x_wconf 84' lang='lat' dir='ltr'>resurgat,</span> <span class='ocrx_word' id='word_1_113' title='bbox 2547 1357 2774 1422; x_wconf 89' lang='lat' dir='ltr'>intelli-</span> 
     </span>
     <span class='ocr_line' id='line_1_11' title="bbox 320 1456 2782 1546; baseline -0 -22"><span class='ocrx_word' id='word_1_114' title='bbox 320 1459 515 1546; x_wconf 90' lang='lat' dir='ltr'>genda</span> <span class='ocrx_word' id='word_1_115' title='bbox 553 1461 669 1536; x_wconf 85' lang='lat' dir='ltr'>est,</span> <span class='ocrx_word' id='word_1_116' title='bbox 701 1459 762 1520; x_wconf 80' lang='lat' dir='ltr'>si</span> <span class='ocrx_word' id='word_1_117' title='bbox 792 1477 920 1520; x_wconf 74' lang='lat' dir='ltr'>non</span> <span class='ocrx_word' id='word_1_118' title='bbox 950 1462 1042 1519; x_wconf 81' lang='lat' dir='ltr'>est</span> <span class='ocrx_word' id='word_1_119' title='bbox 1070 1477 1208 1536; x_wconf 80' lang='lat' dir='ltr'>spes</span> <span class='ocrx_word' id='word_1_120' title='bbox 1242 1456 1600 1536; x_wconf 78' lang='lat' dir='ltr'>probabilis</span> <span class='ocrx_word' id='word_1_121' title='bbox 1643 1456 1835 1521; x_wconf 78' lang='lat' dir='ltr'>aliter</span> <span class='ocrx_word' id='word_1_122' title='bbox 1880 1458 2331 1523; x_wconf 78' lang='lat' dir='ltr'>emendationis</span> <span class='ocrx_word' id='word_1_123' title='bbox 2368 1461 2432 1523; x_wconf 90' lang='lat' dir='ltr'>et</span> <span class='ocrx_word' id='word_1_124' title='bbox 2478 1462 2628 1523; x_wconf 86' lang='lat' dir='ltr'>tunc</span> <span class='ocrx_word' id='word_1_125' title='bbox 2658 1478 2782 1523; x_wconf 91' lang='lat' dir='ltr'>non</span> 
     </span>
     <span class='ocr_line' id='line_1_12' title="bbox 323 1559 2787 1645; baseline -0 -19"><span class='ocrx_word' id='word_1_126' title='bbox 323 1561 736 1645; x_wconf 78' lang='lat' dir='ltr'>permittimus</span> <span class='ocrx_word' id='word_1_127' title='bbox 768 1560 1109 1642; x_wconf 87' lang='lat' dir='ltr'>peccatum,</span> <span class='ocrx_word' id='word_1_128' title='bbox 1152 1559 1257 1623; x_wconf 91' lang='lat' dir='ltr'>sed</span> <span class='ocrx_word' id='word_1_129' title='bbox 1289 1560 1498 1642; x_wconf 87' lang='lat' dir='ltr'>potius</span> <span class='ocrx_word' id='word_1_130' title='bbox 1545 1561 1621 1623; x_wconf 89' lang='lat' dir='ltr'>ut</span> <span class='ocrx_word' id='word_1_131' title='bbox 1664 1578 1789 1624; x_wconf 92' lang='lat' dir='ltr'>non</span> <span class='ocrx_word' id='word_1_132' title='bbox 1819 1563 2136 1643; x_wconf 77' lang='lat' dir='ltr'>resurgat3</span> <span class='ocrx_word' id='word_1_133' title='bbox 2171 1561 2335 1642; x_wconf 92' lang='lat' dir='ltr'>quod</span> <span class='ocrx_word' id='word_1_134' title='bbox 2368 1561 2499 1624; x_wconf 92' lang='lat' dir='ltr'>sine</span> <span class='ocrx_word' id='word_1_135' title='bbox 2529 1563 2787 1644; x_wconf 86' lang='lat' dir='ltr'>peccato</span> 
     </span>
    </p>
   </div>
   <div class='ocr_carea' id='block_1_6' title="bbox 305 1662 2786 3077">
    <p class='ocr_par' dir='ltr' id='par_1_6' title="bbox 321 1662 898 1747">
     <span class='ocr_line' id='line_1_13' title="bbox 321 1662 898 1747; baseline -0.007 -18"><span class='ocrx_word' id='word_1_136' title='bbox 321 1681 642 1747; x_wconf 87' lang='lat' dir='ltr'>possumus</span> <span class='ocrx_word' id='word_1_137' title='bbox 680 1662 898 1726; x_wconf 88' lang='lat' dir='ltr'>facere.</span> 
     </span>
    </p>

    <p class='ocr_par' dir='ltr' id='par_1_7' title="bbox 323 1762 2783 1953">
     <span class='ocr_line' id='line_1_14' title="bbox 407 1762 2783 1849; baseline -0.001 -20"><span class='ocrx_word' id='word_1_138' title='bbox 407 1766 752 1849; x_wconf 78' lang='lat' dir='ltr'>Excipiunt,</span> <span class='ocrx_word' id='word_1_139' title='bbox 801 1764 921 1828; x_wconf 89' lang='lat' dir='ltr'>nisi</span> <span class='ocrx_word' id='word_1_140' title='bbox 968 1783 1224 1828; x_wconf 89' lang='lat' dir='ltr'>casurus</span> <span class='ocrx_word' id='word_1_141' title='bbox 1272 1765 1355 1827; x_wconf 88' lang='lat' dir='ltr'>sit</span> <span class='ocrx_word' id='word_1_142' title='bbox 1401 1764 1464 1827; x_wconf 91' lang='lat' dir='ltr'>in</span> <span class='ocrx_word' id='word_1_143' title='bbox 1510 1765 1834 1846; x_wconf 87' lang='lat' dir='ltr'>peccatum</span> <span class='ocrx_word' id='word_1_144' title='bbox 1880 1762 2340 1847; x_wconf 86' lang='lat' dir='ltr'>gravissimum,</span> <span class='ocrx_word' id='word_1_145' title='bbox 2364 1783 2421 1826; x_wconf 91' lang='lat' dir='ltr'>v.</span> <span class='ocrx_word' id='word_1_146' title='bbox 2455 1783 2549 1849; x_wconf 89' lang='lat' dir='ltr'>gr.</span> <span class='ocrx_word' id='word_1_147' title='bbox 2599 1764 2783 1827; x_wconf 88' lang='lat' dir='ltr'>sacri-</span> 
     </span>
     <span class='ocr_line' id='line_1_15' title="bbox 323 1865 1464 1953; baseline -0.003 -21"><span class='ocrx_word' id='word_1_148' title='bbox 323 1867 523 1953; x_wconf 87' lang='lat' dir='ltr'>legam</span> <span class='ocrx_word' id='word_1_149' title='bbox 567 1866 994 1931; x_wconf 83' lang='lat' dir='ltr'>Eucharistiae</span> <span class='ocrx_word' id='word_1_150' title='bbox 1027 1865 1464 1948; x_wconf 88' lang='lat' dir='ltr'>sumptionem.</span> 
     </span>
    </p>

    <p class='ocr_par' dir='ltr' id='par_1_8' title="bbox 314 1968 2786 2463">
     <span class='ocr_line' id='line_1_16' title="bbox 408 1968 2781 2050; baseline 0.001 -17"><span class='ocrx_word' id='word_1_151' title='bbox 408 1969 546 2034; x_wconf 91' lang='lat' dir='ltr'>Non</span> <span class='ocrx_word' id='word_1_152' title='bbox 595 1988 735 2034; x_wconf 88' lang='lat' dir='ltr'>vero</span> <span class='ocrx_word' id='word_1_153' title='bbox 782 1969 1258 2044; x_wconf 87' lang='lat' dir='ltr'>admittendum,</span> <span class='ocrx_word' id='word_1_154' title='bbox 1300 1968 1464 2050; x_wconf 91' lang='lat' dir='ltr'>quod</span> <span class='ocrx_word' id='word_1_155' title='bbox 1496 1968 1799 2033; x_wconf 81' lang='lat' dir='ltr'>tribuitur</span> <span class='ocrx_word' id='word_1_156' title='bbox 1834 1968 2079 2033; x_wconf 89' lang='lat' dir='ltr'>divinae</span> <span class='ocrx_word' id='word_1_157' title='bbox 2116 1968 2558 2050; x_wconf 87' lang='lat' dir='ltr'>providentiae,</span> <span class='ocrx_word' id='word_1_158' title='bbox 2594 1971 2781 2035; x_wconf 92' lang='lat' dir='ltr'>omit-</span> 
     </span>
     <span class='ocr_line' id='line_1_17' title="bbox 319 2070 2781 2156; baseline 0.001 -21"><span class='ocrx_word' id='word_1_159' title='bbox 319 2073 446 2136; x_wconf 87' lang='lat' dir='ltr'>tere</span> <span class='ocrx_word' id='word_1_160' title='bbox 476 2072 604 2136; x_wconf 86' lang='lat' dir='ltr'>scil.</span> <span class='ocrx_word' id='word_1_161' title='bbox 641 2070 1110 2153; x_wconf 87' lang='lat' dir='ltr'>correptionem,</span> <span class='ocrx_word' id='word_1_162' title='bbox 1146 2073 1219 2135; x_wconf 91' lang='lat' dir='ltr'>ut</span> <span class='ocrx_word' id='word_1_163' title='bbox 1266 2071 1582 2154; x_wconf 81' lang='lat' dir='ltr'>proximus</span> <span class='ocrx_word' id='word_1_164' title='bbox 1631 2088 1959 2153; x_wconf 88' lang='lat' dir='ltr'>oppressus</span> <span class='ocrx_word' id='word_1_165' title='bbox 1996 2071 2282 2153; x_wconf 62' lang='lat' dir='ltr'>pecorina,</span> <span class='ocrx_word' id='word_1_166' title='bbox 2318 2091 2389 2135; x_wconf 83' lang='lat' dir='ltr'>ex</span> <span class='ocrx_word' id='word_1_167' title='bbox 2427 2072 2781 2156; x_wconf 81' lang='lat' dir='ltr'>cognitione</span> 
     </span>
     <span class='ocr_line' id='line_1_18' title="bbox 317 2171 2786 2257; baseline 0.001 -20"><span class='ocrx_word' id='word_1_168' title='bbox 317 2175 594 2257; x_wconf 87' lang='lat' dir='ltr'>propriae</span> <span class='ocrx_word' id='word_1_169' title='bbox 643 2173 928 2236; x_wconf 87' lang='lat' dir='ltr'>miseriae</span> <span class='ocrx_word' id='word_1_170' title='bbox 973 2173 1314 2255; x_wconf 84' lang='lat' dir='ltr'>resipiscat.</span> <span class='ocrx_word' id='word_1_171' title='bbox 1352 2173 1518 2236; x_wconf 90' lang='lat' dir='ltr'>Deus</span> <span class='ocrx_word' id='word_1_172' title='bbox 1575 2174 1738 2236; x_wconf 90' lang='lat' dir='ltr'>enim</span> <span class='ocrx_word' id='word_1_173' title='bbox 1786 2171 1973 2237; x_wconf 89' lang='lat' dir='ltr'>habet</span> <span class='ocrx_word' id='word_1_174' title='bbox 2020 2172 2143 2236; x_wconf 88' lang='lat' dir='ltr'>alia</span> <span class='ocrx_word' id='word_1_175' title='bbox 2184 2173 2531 2256; x_wconf 88' lang='lat' dir='ltr'>opitulandi</span> <span class='ocrx_word' id='word_1_176' title='bbox 2576 2175 2786 2239; x_wconf 86' lang='lat' dir='ltr'>media</span> 
     </span>
     <span class='ocr_line' id='line_1_19' title="bbox 316 2274 2783 2360; baseline 0 -20"><span class='ocrx_word' id='word_1_177' title='bbox 316 2280 377 2340; x_wconf 90' lang='lat' dir='ltr'>et</span> <span class='ocrx_word' id='word_1_178' title='bbox 411 2279 504 2342; x_wconf 90' lang='lat' dir='ltr'>est</span> <span class='ocrx_word' id='word_1_179' title='bbox 534 2276 827 2342; x_wconf 87' lang='lat' dir='ltr'>dominus</span> <span class='ocrx_word' id='word_1_180' title='bbox 859 2275 1095 2360; x_wconf 89' lang='lat' dir='ltr'>gloriae</span> <span class='ocrx_word' id='word_1_181' title='bbox 1144 2295 1325 2339; x_wconf 88' lang='lat' dir='ltr'>suae:</span> <span class='ocrx_word' id='word_1_182' title='bbox 1375 2274 1797 2340; x_wconf 87' lang='lat' dir='ltr'>misericordia</span> <span class='ocrx_word' id='word_1_183' title='bbox 1847 2277 2058 2339; x_wconf 89' lang='lat' dir='ltr'>autem</span> <span class='ocrx_word' id='word_1_184' title='bbox 2105 2276 2282 2340; x_wconf 91' lang='lat' dir='ltr'>nobis</span> <span class='ocrx_word' id='word_1_185' title='bbox 2329 2295 2451 2341; x_wconf 91' lang='lat' dir='ltr'>non</span> <span class='ocrx_word' id='word_1_186' title='bbox 2502 2277 2670 2354; x_wconf 85' lang='lat' dir='ltr'>sinit,</span> <span class='ocrx_word' id='word_1_187' title='bbox 2706 2278 2783 2341; x_wconf 89' lang='lat' dir='ltr'>ut</span> 
     </span>
     <span class='ocr_line' id='line_1_20' title="bbox 314 2377 1671 2463; baseline -0.002 -18"><span class='ocrx_word' id='word_1_188' title='bbox 314 2381 771 2463; x_wconf 71' lang='lat' dir='ltr'>permittamus,</span> <span class='ocrx_word' id='word_1_189' title='bbox 807 2378 1062 2443; x_wconf 81' lang='lat' dir='ltr'>fratrem</span> <span class='ocrx_word' id='word_1_190' title='bbox 1111 2378 1375 2462; x_wconf 89' lang='lat' dir='ltr'>peccatis</span> <span class='ocrx_word' id='word_1_191' title='bbox 1413 2377 1671 2443; x_wconf 91' lang='lat' dir='ltr'>involvi.</span> 
     </span>
    </p>

    <p class='ocr_par' dir='ltr' id='par_1_9' title="bbox 305 2480 2782 3077">
     <span class='ocr_line' id='line_1_21' title="bbox 397 2480 2777 2564; baseline -0.002 -15"><span class='ocrx_word' id='word_1_192' title='bbox 397 2482 614 2562; x_wconf 85' lang='lat' dir='ltr'>Quoad</span> <span class='ocrx_word' id='word_1_193' title='bbox 650 2480 1013 2546; x_wconf 89' lang='lat' dir='ltr'>dilationem</span> <span class='ocrx_word' id='word_1_194' title='bbox 1044 2481 1246 2545; x_wconf 86' lang='lat' dir='ltr'>Diana</span> <span class='ocrx_word' id='word_1_195' title='bbox 1284 2481 1372 2545; x_wconf 88' lang='lat' dir='ltr'>sic</span> <span class='ocrx_word' id='word_1_196' title='bbox 1409 2481 1560 2545; x_wconf 90' lang='lat' dir='ltr'>bene</span> <span class='ocrx_word' id='word_1_197' title='bbox 1598 2481 1807 2546; x_wconf 90' lang='lat' dir='ltr'>totum</span> <span class='ocrx_word' id='word_1_198' title='bbox 1844 2482 2280 2564; x_wconf 84' lang='lat' dir='ltr'>complectitur</span> <span class='ocrx_word' id='word_1_199' title='bbox 2316 2501 2432 2547; x_wconf 80' lang='lat' dir='ltr'>rea.</span> <span class='ocrx_word' id='word_1_200' title='bbox 2476 2483 2581 2545; x_wconf 84' lang='lat'>35.</span> <span class='ocrx_word' id='word_1_201' title='bbox 2617 2502 2677 2545; x_wconf 91' lang='lat' dir='ltr'>n.</span> <span class='ocrx_word' id='word_1_202' title='bbox 2713 2483 2777 2546; x_wconf 89' lang='lat'>4.</span> 
     </span>
     <span class='ocr_line' id='line_1_22' title="bbox 314 2586 2778 2671; baseline 0 -21"><span class='ocrx_word' id='word_1_203' title='bbox 314 2588 379 2650; x_wconf 86' lang='grc'>10</span> <span class='ocrx_word' id='word_1_204' title='bbox 409 2587 545 2653; x_wconf 89' lang='lat' dir='ltr'>Non</span> <span class='ocrx_word' id='word_1_205' title='bbox 583 2588 740 2652; x_wconf 90' lang='lat' dir='ltr'>licet</span> <span class='ocrx_word' id='word_1_206' title='bbox 770 2586 1027 2661; x_wconf 83' lang='lat' dir='ltr'>differre,</span> <span class='ocrx_word' id='word_1_207' title='bbox 1050 2586 1296 2666; x_wconf 89' lang='lat' dir='ltr'>quando</span> <span class='ocrx_word' id='word_1_208' title='bbox 1329 2586 1693 2650; x_wconf 75' lang='lat' dir='ltr'>intermedio</span> <span class='ocrx_word' id='word_1_209' title='bbox 1725 2588 2005 2669; x_wconf 79' lang='lat' dir='ltr'>tempore</span> <span class='ocrx_word' id='word_1_210' title='bbox 2037 2586 2296 2650; x_wconf 88' lang='lat' dir='ltr'>timetur</span> <span class='ocrx_word' id='word_1_211' title='bbox 2320 2587 2533 2670; x_wconf 89' lang='lat' dir='ltr'>lapsus</span> <span class='ocrx_word' id='word_1_212' title='bbox 2566 2587 2778 2671; x_wconf 89' lang='lat' dir='ltr'>gravis</span> 
     </span>
     <span class='ocr_line' id='line_1_23' title="bbox 312 2687 2782 2772; baseline -0.001 -18"><span class='ocrx_word' id='word_1_213' title='bbox 312 2692 419 2755; x_wconf 87' lang='lat' dir='ltr'>aut</span> <span class='ocrx_word' id='word_1_214' title='bbox 461 2710 635 2756; x_wconf 88' lang='lat' dir='ltr'>mors</span> <span class='ocrx_word' id='word_1_215' title='bbox 686 2690 751 2753; x_wconf 92' lang='lat' dir='ltr'>in</span> <span class='ocrx_word' id='word_1_216' title='bbox 781 2690 1030 2771; x_wconf 86' lang='lat' dir='ltr'>peccato</span> <span class='ocrx_word' id='word_1_217' title='bbox 1080 2690 1192 2752; x_wconf 90' lang='lat' dir='ltr'>aut</span> <span class='ocrx_word' id='word_1_218' title='bbox 1238 2687 1410 2751; x_wconf 89' lang='lat' dir='ltr'>tertii</span> <span class='ocrx_word' id='word_1_219' title='bbox 1456 2707 1645 2772; x_wconf 90' lang='lat' dir='ltr'>grave</span> <span class='ocrx_word' id='word_1_220' title='bbox 1691 2688 2155 2752; x_wconf 89' lang='lat' dir='ltr'>detrimentum.</span> <span class='ocrx_word' id='word_1_221' title='bbox 2208 2690 2278 2751; x_wconf 85' lang='grc'>20</span> <span class='ocrx_word' id='word_1_222' title='bbox 2324 2687 2582 2767; x_wconf 87' lang='lat' dir='ltr'>Quando</span> <span class='ocrx_word' id='word_1_223' title='bbox 2628 2689 2782 2753; x_wconf 89' lang='lat' dir='ltr'>haec</span> 
     </span>
     <span class='ocr_line' id='line_1_24' title="bbox 306 2788 2778 2873; baseline -0.002 -16"><span class='ocrx_word' id='word_1_224' title='bbox 306 2813 423 2857; x_wconf 91' lang='lat' dir='ltr'>non</span> <span class='ocrx_word' id='word_1_225' title='bbox 469 2792 801 2867; x_wconf 82' lang='lat' dir='ltr'>timentur,</span> <span class='ocrx_word' id='word_1_226' title='bbox 851 2789 1068 2854; x_wconf 87' lang='lat' dir='ltr'>dilatio</span> <span class='ocrx_word' id='word_1_227' title='bbox 1119 2789 1248 2853; x_wconf 90' lang='lat' dir='ltr'>sine</span> <span class='ocrx_word' id='word_1_228' title='bbox 1279 2789 1442 2852; x_wconf 86' lang='lat' dir='ltr'>iusta</span> <span class='ocrx_word' id='word_1_229' title='bbox 1485 2809 1672 2853; x_wconf 89' lang='lat' dir='ltr'>causa</span> <span class='ocrx_word' id='word_1_230' title='bbox 1705 2790 1824 2853; x_wconf 88' lang='lat' dir='ltr'>erit</span> <span class='ocrx_word' id='word_1_231' title='bbox 1869 2790 2128 2853; x_wconf 89' lang='lat' dir='ltr'>venialis</span> <span class='ocrx_word' id='word_1_232' title='bbox 2153 2790 2354 2873; x_wconf 90' lang='lat' dir='ltr'>culpa.</span> <span class='ocrx_word' id='word_1_233' title='bbox 2390 2790 2460 2853; x_wconf 87' lang='grc'>30</span> <span class='ocrx_word' id='word_1_234' title='bbox 2493 2788 2557 2853; x_wconf 89' lang='lat' dir='ltr'>Si</span> <span class='ocrx_word' id='word_1_235' title='bbox 2589 2809 2778 2853; x_wconf 87' lang='lat' dir='ltr'>causa</span> 
     </span>
     <span class='ocr_line' id='line_1_25' title="bbox 308 2891 2782 2976; baseline -0.002 -15"><span class='ocrx_word' id='word_1_236' title='bbox 308 2896 620 2962; x_wconf 88' lang='lat' dir='ltr'>dilationis</span> <span class='ocrx_word' id='word_1_237' title='bbox 678 2894 957 2975; x_wconf 88' lang='lat' dir='ltr'>(absente</span> <span class='ocrx_word' id='word_1_238' title='bbox 1005 2892 1229 2957; x_wconf 87' lang='lat' dir='ltr'>timore</span> <span class='ocrx_word' id='word_1_239' title='bbox 1277 2891 1619 2976; x_wconf 88' lang='lat' dir='ltr'>praedicto)</span> <span class='ocrx_word' id='word_1_240' title='bbox 1653 2892 1756 2967; x_wconf 86' lang='lat' dir='ltr'>sit,</span> <span class='ocrx_word' id='word_1_241' title='bbox 1792 2893 1866 2955; x_wconf 90' lang='lat' dir='ltr'>ut</span> <span class='ocrx_word' id='word_1_242' title='bbox 1899 2891 2307 2975; x_wconf 88' lang='lat' dir='ltr'>opportunius</span> <span class='ocrx_word' id='word_1_243' title='bbox 2354 2895 2602 2975; x_wconf 87' lang='lat' dir='ltr'>tempus</span> <span class='ocrx_word' id='word_1_244' title='bbox 2634 2912 2782 2956; x_wconf 89' lang='lat' dir='ltr'>nan-</span> 
     </span>
     <span class='ocr_line' id='line_1_26' title="bbox 305 2992 2781 3077; baseline -0.003 -12"><span class='ocrx_word' id='word_1_245' title='bbox 305 2999 568 3075; x_wconf 85' lang='lat' dir='ltr'>ciscaris,</span> <span class='ocrx_word' id='word_1_246' title='bbox 617 2998 690 3063; x_wconf 92' lang='lat' dir='ltr'>id</span> <span class='ocrx_word' id='word_1_247' title='bbox 720 2998 1056 3061; x_wconf 89' lang='lat' dir='ltr'>honestum</span> <span class='ocrx_word' id='word_1_248' title='bbox 1092 2998 1188 3061; x_wconf 90' lang='lat' dir='ltr'>est</span> <span class='ocrx_word' id='word_1_249' title='bbox 1226 2997 1288 3059; x_wconf 88' lang='lat' dir='ltr'>et</span> <span class='ocrx_word' id='word_1_250' title='bbox 1317 2994 1616 3058; x_wconf 89' lang='lat' dir='ltr'>debitum.</span> <span class='ocrx_word' id='word_1_251' title='bbox 1652 2992 1944 3059; x_wconf 87' lang='lat' dir='ltr'>Ceterum</span> <span class='ocrx_word' id='word_1_252' title='bbox 1974 2993 2125 3058; x_wconf 91' lang='lat' dir='ltr'>haec</span> <span class='ocrx_word' id='word_1_253' title='bbox 2169 2995 2605 3077; x_wconf 88' lang='lat' dir='ltr'>relinquuntur</span> <span class='ocrx_word' id='word_1_254' title='bbox 2640 3016 2781 3077; x_wconf 91' lang='lat' dir='ltr'>pru-</span> 
     </span>
    </p>
   </div>
   <div class='ocr_carea' id='block_1_7' title="bbox 306 3100 2351 3285">
    <p class='ocr_par' dir='ltr' id='par_1_10' title="bbox 306 3100 2351 3285">
     <span class='ocr_line' id='line_1_27' title="bbox 306 3100 826 3167; baseline -0.006 -2"><span class='ocrx_word' id='word_1_255' title='bbox 306 3100 501 3167; x_wconf 89' lang='lat' dir='ltr'>dentis</span> <span class='ocrx_word' id='word_1_256' title='bbox 538 3100 826 3166; x_wconf 90' lang='lat' dir='ltr'>arbitrio.</span> 
     </span>
     <span class='ocr_line' id='line_1_28' title="bbox 390 3198 2351 3285; baseline -0.004 -16"><span class='ocrx_word' id='word_1_257' title='bbox 390 3201 575 3275; x_wconf 75' lang='grc'><strong>239.</strong></span> <span class='ocrx_word' id='word_1_258' title='bbox 612 3204 785 3268; x_wconf 92' lang='lat' dir='ltr'>Bene</span> <span class='ocrx_word' id='word_1_259' title='bbox 823 3221 896 3265; x_wconf 85' lang='lat' dir='ltr'>ex</span> <span class='ocrx_word' id='word_1_260' title='bbox 926 3200 1100 3285; x_wconf 83' lang='lat' dir='ltr'>Gury</span> <span class='ocrx_word' id='word_1_261' title='bbox 1137 3200 1418 3263; x_wconf 86' lang='lat' dir='ltr'>advertes</span> <span class='ocrx_word' id='word_1_262' title='bbox 1456 3198 1762 3282; x_wconf 86' lang='lat' dir='ltr'>quaedam</span> <span class='ocrx_word' id='word_1_263' title='bbox 1798 3200 1953 3262; x_wconf 92' lang='lat' dir='ltr'>tom.</span> <span class='ocrx_word' id='word_1_264' title='bbox 1994 3198 2053 3262; x_wconf 92' lang='lat'>1.</span> <span class='ocrx_word' id='word_1_265' title='bbox 2107 3199 2163 3281; x_wconf 62' lang='lat' dir='ltr'>g.</span> <span class='ocrx_word' id='word_1_266' title='bbox 2202 3200 2351 3262; x_wconf 84' lang='lat'>233.</span> 
     </span>
    </p>
   </div>
   <div class='ocr_carea' id='block_1_8' title="bbox 303 3301 2780 3487">
    <p class='ocr_par' dir='ltr' id='par_1_11' title="bbox 303 3301 2780 3487">
     <span class='ocr_line' id='line_1_29' title="bbox 481 3301 2779 3378; baseline -0.002 -7"><span class='ocrx_word' id='word_1_267' title='bbox 481 3309 549 3371; x_wconf 88' lang='lat'>1⁰</span> <span class='ocrx_word' id='word_1_268' title='bbox 583 3305 834 3371; x_wconf 87' lang='lat' dir='ltr'>Privati</span> <span class='ocrx_word' id='word_1_269' title='bbox 866 3305 1026 3367; x_wconf 88' lang='lat' dir='ltr'>inter</span> <span class='ocrx_word' id='word_1_270' title='bbox 1059 3322 1121 3367; x_wconf 90' lang='lat' dir='ltr'>se</span> <span class='ocrx_word' id='word_1_271' title='bbox 1153 3321 1295 3367; x_wconf 89' lang='lat' dir='ltr'>raro</span> <span class='ocrx_word' id='word_1_272' title='bbox 1331 3302 1408 3366; x_wconf 86' lang='lat' dir='ltr'>ad</span> <span class='ocrx_word' id='word_1_273' title='bbox 1454 3301 1895 3367; x_wconf 85' lang='lat' dir='ltr'>correctionem</span> <span class='ocrx_word' id='word_1_274' title='bbox 1927 3303 2237 3378; x_wconf 86' lang='lat' dir='ltr'>tenentur,</span> <span class='ocrx_word' id='word_1_275' title='bbox 2272 3301 2390 3365; x_wconf 88' lang='lat' dir='ltr'>nisi</span> <span class='ocrx_word' id='word_1_276' title='bbox 2430 3302 2558 3366; x_wconf 87' lang='lat' dir='ltr'>sint</span> <span class='ocrx_word' id='word_1_277' title='bbox 2604 3301 2779 3366; x_wconf 83' lang='lat' dir='ltr'>sami-</span> 
     </span>
     <span class='ocr_line' id='line_1_30' title="bbox 303 3403 2780 3487; baseline -0.003 -13"><span class='ocrx_word' id='word_1_278' title='bbox 303 3408 539 3474; x_wconf 85' lang='lat' dir='ltr'>liariter</span> <span class='ocrx_word' id='word_1_279' title='bbox 570 3410 742 3473; x_wconf 88' lang='lat' dir='ltr'>inter</span> <span class='ocrx_word' id='word_1_280' title='bbox 773 3426 837 3471; x_wconf 92' lang='lat' dir='ltr'>se</span> <span class='ocrx_word' id='word_1_281' title='bbox 875 3405 1215 3482; x_wconf 79' lang='lat' dir='ltr'>coniuncti3</span> <span class='ocrx_word' id='word_1_282' title='bbox 1250 3404 1398 3487; x_wconf 89' lang='lat' dir='ltr'>quia</span> <span class='ocrx_word' id='word_1_283' title='bbox 1435 3424 1574 3469; x_wconf 90' lang='lat' dir='ltr'>raro</span> <span class='ocrx_word' id='word_1_284' title='bbox 1608 3423 1820 3469; x_wconf 90' lang='lat' dir='ltr'>omnes</span> <span class='ocrx_word' id='word_1_285' title='bbox 1851 3403 2186 3484; x_wconf 89' lang='lat' dir='ltr'>requisitae</span> <span class='ocrx_word' id='word_1_286' title='bbox 2203 3403 2583 3468; x_wconf 86' lang='lat' dir='ltr'>conditiones</span> <span class='ocrx_word' id='word_1_287' title='bbox 2616 3424 2780 3487; x_wconf 89' lang='lat' dir='ltr'>repe-</span> 
     </span>
    </p>
   </div>
   <div class='ocr_carea' id='block_1_9' title="bbox 303 3515 2774 3692">
    <p class='ocr_par' dir='ltr' id='par_1_12' title="bbox 303 3515 2774 3692">
     <span class='ocr_line' id='line_1_31' title="bbox 303 3515 2774 3692; baseline -0.004 -13"><span class='ocrx_word' id='word_1_288' title='bbox 303 3515 571 3678; x_wconf 45' lang='lat' dir='ltr'>nunni}</span> <span class='ocrx_word' id='word_1_289' title='bbox 584 3614 967 3692; x_wconf 89' lang='lat' dir='ltr'>Plerumque</span> <span class='ocrx_word' id='word_1_290' title='bbox 999 3609 1223 3674; x_wconf 88' lang='lat' dir='ltr'>suadet</span> <span class='ocrx_word' id='word_1_291' title='bbox 1253 3609 1601 3692; x_wconf 91' lang='lat' dir='ltr'>prudentia,</span> <span class='ocrx_word' id='word_1_292' title='bbox 1650 3611 1724 3671; x_wconf 90' lang='lat' dir='ltr'>ut</span> <span class='ocrx_word' id='word_1_293' title='bbox 1758 3607 2092 3672; x_wconf 88' lang='lat' dir='ltr'>omittatur</span> <span class='ocrx_word' id='word_1_294' title='bbox 2129 3606 2434 3688; x_wconf 89' lang='lat' dir='ltr'>correptio</span> <span class='ocrx_word' id='word_1_295' title='bbox 2468 3625 2617 3689; x_wconf 91' lang='lat' dir='ltr'>erga</span> <span class='ocrx_word' id='word_1_296' title='bbox 2647 3626 2774 3684; x_wconf 62' lang='grc' dir='ltr'>θος,</span> 
     </span>
    </p>
   </div>
   <div class='ocr_carea' id='block_1_10' title="bbox 302 3708 2775 3900">
    <p class='ocr_par' dir='ltr' id='par_1_13' title="bbox 302 3708 2775 3900">
     <span class='ocr_line' id='line_1_32' title="bbox 302 3708 2158 3800; baseline -0.006 -17"><span class='ocrx_word' id='word_1_297' title='bbox 302 3737 566 3799; x_wconf 89' lang='lat' dir='ltr'>quorum</span> <span class='ocrx_word' id='word_1_298' title='bbox 600 3714 932 3800; x_wconf 89' lang='lat' dir='ltr'>ingenium</span> <span class='ocrx_word' id='word_1_299' title='bbox 965 3714 1060 3777; x_wconf 87' lang='lat' dir='ltr'>est</span> <span class='ocrx_word' id='word_1_300' title='bbox 1092 3712 1565 3795; x_wconf 86' lang='lat' dir='ltr'>incompertum,</span> <span class='ocrx_word' id='word_1_301' title='bbox 1607 3730 1682 3774; x_wconf 93' lang='lat' dir='ltr'>ne</span> <span class='ocrx_word' id='word_1_302' title='bbox 1714 3709 1950 3793; x_wconf 92' lang='lat' dir='ltr'>peiores</span> <span class='ocrx_word' id='word_1_303' title='bbox 1983 3708 2158 3772; x_wconf 89' lang='lat' dir='ltr'>fiant.</span> 
     </span>
     <span class='ocr_line' id='line_1_33' title="bbox 475 3810 2775 3900; baseline -0.003 -17"><span class='ocrx_word' id='word_1_304' title='bbox 475 3821 548 3883; x_wconf 91' lang='grc'>30</span> <span class='ocrx_word' id='word_1_305' title='bbox 583 3815 954 3900; x_wconf 87' lang='lat' dir='ltr'>Scrupulosi</span> <span class='ocrx_word' id='word_1_306' title='bbox 987 3814 1292 3879; x_wconf 89' lang='lat' dir='ltr'>ordinarie</span> <span class='ocrx_word' id='word_1_307' title='bbox 1325 3814 1695 3878; x_wconf 80' lang='lat' dir='ltr'>excusantur</span> <span class='ocrx_word' id='word_1_308' title='bbox 1720 3832 1756 3876; x_wconf 92' lang='lat' dir='ltr'>a</span> <span class='ocrx_word' id='word_1_309' title='bbox 1777 3811 2053 3875; x_wconf 85' lang='lat' dir='ltr'>fraterna</span> <span class='ocrx_word' id='word_1_310' title='bbox 2078 3810 2451 3876; x_wconf 86' lang='lat' dir='ltr'>correctione</span> <span class='ocrx_word' id='word_1_311' title='bbox 2468 3812 2775 3887; x_wconf 75' lang='lat' dir='ltr'>facienda3</span> 
     </span>
    </p>
   </div>
   <div class='ocr_carea' id='block_1_11' title="bbox 298 3912 2778 4191">
    <p class='ocr_par' dir='ltr' id='par_1_14' title="bbox 298 3912 2778 4191">
     <span class='ocr_line' id='line_1_34' title="bbox 298 3912 2778 4002; baseline -0.003 -16"><span class='ocrx_word' id='word_1_312' title='bbox 298 3922 439 4002; x_wconf 89' lang='lat' dir='ltr'>quia</span> <span class='ocrx_word' id='word_1_313' title='bbox 479 3924 598 3985; x_wconf 90' lang='lat' dir='ltr'>aut</span> <span class='ocrx_word' id='word_1_314' title='bbox 630 3917 824 3982; x_wconf 90' lang='lat' dir='ltr'>nimis</span> <span class='ocrx_word' id='word_1_315' title='bbox 854 3916 1283 4000; x_wconf 89' lang='lat' dir='ltr'>defatigantur</span> <span class='ocrx_word' id='word_1_316' title='bbox 1320 3919 1432 3979; x_wconf 88' lang='lat' dir='ltr'>aut</span> <span class='ocrx_word' id='word_1_317' title='bbox 1479 3915 1670 3998; x_wconf 90' lang='lat' dir='ltr'>inepti</span> <span class='ocrx_word' id='word_1_318' title='bbox 1719 3916 1885 3979; x_wconf 88' lang='lat' dir='ltr'>sunt.</span> <span class='ocrx_word' id='word_1_319' title='bbox 1936 3912 2256 3997; x_wconf 88' lang='lat' dir='ltr'>Scrupulis</span> <span class='ocrx_word' id='word_1_320' title='bbox 2288 3915 2451 3979; x_wconf 92' lang='lat' dir='ltr'>enim</span> <span class='ocrx_word' id='word_1_321' title='bbox 2483 3918 2547 3980; x_wconf 85' lang='lat' dir='ltr'>et</span> <span class='ocrx_word' id='word_1_322' title='bbox 2571 3916 2778 3979; x_wconf 78' lang='lat' dir='ltr'>anxie-</span> 
     </span>
     <span class='ocr_line' id='line_1_35' title="bbox 300 4016 2776 4105; baseline -0.002 -19"><span class='ocrx_word' id='word_1_323' title='bbox 300 4023 535 4089; x_wconf 81' lang='lat' dir='ltr'>tatibus</span> <span class='ocrx_word' id='word_1_324' title='bbox 571 4019 950 4105; x_wconf 87' lang='lat' dir='ltr'>perturbati,</span> <span class='ocrx_word' id='word_1_325' title='bbox 985 4018 1329 4081; x_wconf 87' lang='lat' dir='ltr'>necessaria</span> <span class='ocrx_word' id='word_1_326' title='bbox 1376 4017 1740 4082; x_wconf 88' lang='lat' dir='ltr'>discretione</span> <span class='ocrx_word' id='word_1_327' title='bbox 1775 4016 1851 4081; x_wconf 89' lang='lat' dir='ltr'>ad</span> <span class='ocrx_word' id='word_1_328' title='bbox 1898 4016 2329 4100; x_wconf 88' lang='lat' dir='ltr'>corrigendum</span> <span class='ocrx_word' id='word_1_329' title='bbox 2362 4019 2572 4081; x_wconf 89' lang='lat' dir='ltr'>carent</span> <span class='ocrx_word' id='word_1_330' title='bbox 2604 4020 2667 4080; x_wconf 93' lang='lat' dir='ltr'>et</span> <span class='ocrx_word' id='word_1_331' title='bbox 2699 4017 2776 4080; x_wconf 88' lang='lat' dir='ltr'>ad</span> 
     </span>
     <span class='ocr_line' id='line_1_36' title="bbox 298 4120 1693 4191; baseline -0.004 -2"><span class='ocrx_word' id='word_1_332' title='bbox 298 4145 514 4191; x_wconf 87' lang='lat' dir='ltr'>causas</span> <span class='ocrx_word' id='word_1_333' title='bbox 556 4123 930 4190; x_wconf 83' lang='lat' dir='ltr'>excusantes</span> <span class='ocrx_word' id='word_1_334' title='bbox 963 4120 1278 4184; x_wconf 87' lang='lat' dir='ltr'>attendere</span> <span class='ocrx_word' id='word_1_335' title='bbox 1312 4140 1432 4185; x_wconf 92' lang='lat' dir='ltr'>non</span> <span class='ocrx_word' id='word_1_336' title='bbox 1465 4121 1693 4185; x_wconf 85' lang='lat' dir='ltr'>valent.</span> 
     </span>
    </p>
   </div>
   <div class='ocr_carea' id='block_1_12' title="bbox 456 4657 2619 4716">
    <p class='ocr_par' dir='ltr' id='par_1_15' title="bbox 456 4657 2619 4716">
     <span class='ocr_line' id='line_1_37' title="bbox 456 4657 2619 4716; baseline -0.018 1"><span class='ocrx_word' id='word_1_337' title='bbox 456 4673 761 4716; x_wconf 50' lang='lat' dir='ltr'>Breuem.</span> <span class='ocrx_word' id='word_1_338' title='bbox 787 4689 841 4699; x_wconf 93' lang='lat'>-</span> <span class='ocrx_word' id='word_1_339' title='bbox 868 4664 1037 4709; x_wconf 62' lang='lat' dir='ltr'>Hor-al.</span> <span class='ocrx_word' id='word_1_340' title='bbox 1065 4664 1215 4706; x_wconf 73' lang='lat' dir='ltr'>&#39;remo</span> <span class='ocrx_word' id='word_1_341' title='bbox 1243 4663 1312 4706; x_wconf 93' lang='lat'>11.</span> <span class='ocrx_word' id='word_1_342' title='bbox 2568 4657 2619 4696; x_wconf 66' lang='lat'>12</span> 
     </span>
    </p>
   </div>
  </div>
 </body>
</html>
