3497 5147
366 328 513 406 [966]
1088 340 1296 389 Quum
1332 339 1655 382 Pmcamn
1694 340 1790 381 sn·
1826 339 2102 382 LuxumA
2723 323 2833 379 713

451 436 622 511 965.
659 440 973 525 Principia
1009 440 1273 506 moralia
1304 440 1368 505 in
1400 440 1516 505 1130
1546 440 1812 504 10310113
1844 439 1995 504 haec
2033 439 2201 504 31101.

450 545 500 608 I.
527 544 724 608 Actus
754 542 913 607 liber
941 543 1297 608 luxuriosus
1329 561 1437 607 seu
1469 542 1827 607 voluntaria
1860 541 2154 606 admissio
2186 541 2539 606 inordinata
2570 540 2832 605 delecta-

359 646 518 712 tioni
565 663 878 723 venereae,
912 645 1187 710 cuiusvis
1219 645 1460 730 generis
1507 644 1606 709 vel
1638 644 1858 727 speciei
1892 645 1997 723 sit,
2033 646 2129 708 est
2160 663 2268 727 per
2298 662 2362 709 se
2394 643 2659 708 mortale
2691 661 2830 725 peo-

357 751 592 815 catum.
615 749 666 812 Ι.
692 745 833 813 Cor.
862 747 972 812 VI.
993 749 1054 812 9.
1087 749 1189 812 10.
1215 745 1432 812 Nolite
1462 766 1712 811 errare.-
1736 767 1933 828 neque
1962 745 2359 826 fornicarii...
2386 765 2582 827 neque
2613 744 2844 809 molles·

248 847 254 854 ’
358 873 554 934 neque
590 849 1009 917 „vasculorum
1036 849 1521 916 concubitores...
1546 869 1814 932 reynum
1843 849 1974 914 Dei
1989 848 2419 930 possidebunt.
2446 847 2587 914 Gal.
2615 848 2691 912 V.
2723 850 2826 914 19.

361 955 719 1036 Manifesta
745 958 900 1019 sunt
926 973 1115 1035 opera
1143 953 1376 1031 carnis,
1411 973 1568 1034 quae
1604 955 1756 1017 sunt
1788 951 2144 1033 fornicatia
2176 951 2600 1025 immunditia,
2632 951 2830 1032 impu-

359 1058 597 1132 dicitia,
645 1057 967 1122 lamia...
1017 1077 1173 1139 quae
1226 1054 1524 1138 praedico
1570 1054 1763 1133 vobis,
1809 1055 1975 1119 sicut
2005 1053 2327 1134 praedixi,
2377 1055 2673 1135 quoniam
2718 1055 2831 1136 qui

364 1159 520 1224 talia
554 1165 770 1242 ayunt,
804 1179 1070 1243 reynum
1104 1158 1236 1224 Dei
1277 1179 1406 1223 non
1442 1156 1870 1239 possidebunt.
1903 1157 2045 1223 Non
2091 1158 2533 1223 enumerantur
2577 1157 2826 1238 quidem

361 1261 619 1327 disserte
658 1260 865 1327 omnia
898 1281 1083 1346 opera
1112 1262 1421 1339 luxuriae3
1458 1264 1526 1326 at
1566 1262 1632 1325 1⁰
1664 1263 2108 1326 enumerantur
2139 1262 2317 1326 actus
2366 1259 2638 1343 perfecti,
2679 1258 2829 1323 mol-

361 1364 547 1441 liiies,
579 1363 877 1439 sodomia,
908 1364 1263 1446 formantia,
1298 1364 1376 1429 ad
1408 1383 1617 1447 quam,
1653 1364 1896 1429 ratione
1924 1364 2227 1441 luxuriae,
2262 1363 2450 1428 ceteri
2483 1364 2660 1427 30103
2699 1381 2830 1445 per-

360 1466 506 1531 fecti
552 1467 871 1531 naturales
917 1470 1309 1545 revocantur,
1355 1468 1432 1531 ut
1476 1466 1844 1532 videbimus.
1893 1465 2139 1531 Omissa
2185 1467 2281 1530 est
2328 1464 2710 1529 bestialitas:
2761 1466 2829 1528 at

360 1569 754 1634 dubitabisne
782 1569 1232 1635 bestialitatem
1266 1588 1459 1654 grave
1490 1588 1620 1634 esse
1652 1571 1994 1653 peecatum,
2035 1569 2090 1633 si
2127 1568 2254 1633 tale
2303 1568 2399 1632 est
2433 1565 2730 1631 mollities
2763 1570 2828 1630 et

360 1672 640 1736 sodomia
658 1676 687 1736 ⁶?
712 1673 782 1736 2⁰
805 1672 1001 1737 Actus
1032 1672 1376 1756 imperfecti
1407 1673 1524 1737 sub
1553 1671 1990 1736 immunditiae
2021 1672 2086 1736 et
2120 1669 2547 1754 impudicitiae
2579 1669 2827 1735 nomine

359 1775 791 1858 comprehendi
836 1776 1137 1858 possunt3
1187 1776 1338 1840 31101
1380 1775 1545 1839 00110
1590 1793 1804 1858 reapse
1849 1774 2000 1856 quid
2059 1773 2452 1838 immundum
2497 1771 2827 1854 minusque

361 1876 671 1958 pudicum.
714 1879 785 1941 3ο
815 1876 1266 1943 Ρ1303111011111·
1309 1896 1525 1962 800113,
1576 1897 1766 1956 opera
1810 1875 2045 1954 carnis,
2080 1876 2257 1955 illud,
2294 1876 2570 1957 inquam,
2604 1892 2821 1958 genus,

361 1978 435 2042 ad
470 1979 635 2062 quod
665 1979 1014 2058 fornicatio,
1040 1980 1357 2058 1001111103,
1383 1979 1774 2062 impudicitia
1799 1981 1914 2044 010.
1942 1979 2226 2063 spectant
2257 1979 2321 2042 et
2349 1978 2425 2042 de
2456 1977 2573 2041 1100
2603 1994 2825 2061 genere

361 2080 730 2160 affirmatur,
756 2082 922 2165 quod
953 2082 1242 2148 excludat
1266 2102 1301 2146 a
1323 2101 1514 2167 regno
1541 2082 1686 2146 Dei:
1715 2082 1894 2164 atqui
1925 2082 2003 2146 ad
2036 2082 2164 2146 tale
2195 2100 2391 2167 genus
2423 2078 2612 2145 ceteri
2644 2081 2822 2143 actus

358 2183 658 2261 luxuriae,
698 2184 847 2250 11001
875 2184 1237 2268 imperfecti,
1272 2184 1611 2268 pertinent:
1646 2202 1815 2269 erge.

450 2284 627 2365 Quod
665 2289 903 2371 spectat
941 2287 1019 2352 ad
1052 2288 1229 2352 actus
1260 2287 1554 2366 10101003,
1582 2287 1772 2352 habes
1806 2287 1922 2351 sub
1953 2286 2133 2371 gravi
2170 2285 2482 2370 prohibita
2521 2284 2822 2350 desideria

356 2388 568 2453 uxoris
616 2389 850 2455 alienae
898 2392 1036 2455 tum
1083 2390 1410 2473 praecepto
1450 2389 1751 2474 Decalogi
1781 2390 1889 2454 Ex.
1924 2389 2062 2453 XX.
2103 2389 2204 2452 14.
2240 2388 2392 2452 Non
2436 2387 2824 2452 desiderabis

355 2511 615 2556 uxorem
648 2494 933 2573 proximi
979 2494 1090 2570 tui,
1140 2495 1283 2557 tum
1328 2493 1530 2558 verbis
1579 2493 1834 2558 Domini
1878 2491 2109 2558 Matth.
2161 2490 2237 2556 V.
2288 2493 2393 2557 29.
2428 2491 2571 2575 Eyo
2616 2495 2825 2555 autem

355 2592 490 2658 dico
523 2596 712 2674 vobis,
744 2597 899 2678 quia
932 2597 1154 2671 omnis,
1188 2598 1297 2677 qui
1342 2595 1572 2659 viderit
1604 2595 1927 2660 mulierem
1961 2595 2051 2661 ad
2081 2595 2629 2677 concupiscemlam
2667 2615 2822 2673 eam,

356 2698 485 2762 iam
513 2698 863 2764 moechatus
886 2703 983 2764 est
1009 2720 1145 2764 eam
1175 2700 1247 2762 in
1275 2697 1457 2763 corde
1487 2719 1618 2763 sao.
1646 2698 1865 2779 Quoad
1895 2700 2151 2778 0010103,
2179 2700 2232 2763 31
2257 2701 2434 2763 actus
2465 2698 2822 2764 luxuriosus

357 2802 591 2867 vetitus
637 2804 733 2867 est
779 2803 894 2868 sub
930 2802 1129 2888 gravi,
1169 2801 1296 2866 iam
1341 2802 1505 2866 ratio
1543 2802 1722 2866 docet
1754 2804 1818 2867 01
1854 2802 2368 2885 complacentiam
2414 2801 2821 2867 deliberatam

355 2903 431 2968 de
459 2904 537 2969 iis
570 2906 634 2969 et
664 2924 880 2970 eorum
911 2904 1280 2969 desiderium
1311 2922 1444 2968 esse
1474 2903 1689 2969 eodem
1719 2906 1904 2987 pacto
1935 2906 2187 2987 peccata
2220 2905 2457 2989 gravia.
2507 2904 2679 2969 Haec
2725 2904 2820 2968 est

356 3010 646 3073 constans
683 3008 990 3072 Ecclesiae
1025 3007 1325 3072 doctrina.
2097 3034 2106 3041 ·

444 3111 633 3175 Ratio
664 3112 815 3175 haec
845 3110 1050 3175 afferri
1081 3110 1259 3174 solet.
1294 3108 1454 3189 Quia
1485 3128 1636 3175 usus
1658 3110 1747 3174 rei
1780 3129 2070 3175 venereae
2102 3111 2166 3174 01
2197 3129 2452 3175 venerea
2484 3109 2815 3175 delectatio

354 3217 501 3280 sunt
534 3234 568 3278 a
600 3216 827 3277 natura
858 3212 1063 3277 solum
1102 3213 1397 3277 instituta
1433 3231 1545 3295 pro
1578 3214 1744 3289 30111,
1785 3215 1893 3296 qui
1940 3212 2017 3276 ad
2063 3213 2525 3297 generationem
2563 3215 2625 3276 et
2672 3230 2816 3295 pro-

356 3317 754 3402 pagationem
783 3315 1007 3400 speciei
1044 3313 1264 3392 tendit,
1298 3314 1425 3397 qui,
1459 3314 1596 3397 ipsa
1634 3315 1914 3399 exigente
1945 3317 2192 3391 natura,
2227 3315 2322 3378 est
2355 3316 2530 3379 actus
2569 3316 2816 3381 unionis

356 3418 730 3502 coniugalis:
749 3418 823 3483 01
844 3417 1070 3482 idcirco
1095 3434 1388 3497 quaerere
1412 3416 1887 3480 delectationem
1910 3435 2232 3480 veneream
2257 3417 2430 3481 extra
2454 3417 2816 3501 coniugium

355 3522 442 3587 sit
468 3522 777 3586 illicitum.
806 3519 922 3586 Sed
953 3520 1117 3585 idem
1149 3520 1467 3602 praeterea
1504 3519 1781 3601 graviter
1817 3517 2198 3600 prohibitum
2231 3536 2361 3582 esse
2393 3517 2627 3583 debuit.
2652 3519 2818 3585 Nam

354 3642 528 3689 secus
575 3626 793 3707 sponte
840 3624 1219 3705 sequeretur,
1269 3621 1548 3686 homines
1597 3620 1984 3684 matrimonii
2028 3619 2348 3683 vinculum
2396 3622 2583 3701 atque
2632 3640 2816 3685 onera

352 3727 767 3805 10003310103,
806 3726 860 3791 31
898 3726 1080 3790 311101
1116 3725 1368 3809 possent
1402 3723 1572 3787 licite
1618 3741 1690 3787 03
1728 3721 1851 3786 frui
1889 3721 2316 3799 delectatione,
2352 3741 2543 3805 quam
2590 3726 2818 3788 natura

354 3830 645 3914 apposuit
671 3830 841 3896 actui
863 3829 1205 3914 coniugali3
1224 3828 1287 3892 id
1312 3847 1456 3893 vero
1487 3825 1931 3912 gravissimum
1950 3825 2248 3889 damnum
2271 3826 2526 3891 inferret
2542 3827 2815 3892 humano

352 3935 595 4021 generi:
635 3934 913 4020 graviter
936 3952 1083 4018 ergo
1116 3931 1566 4016 prohibendum
1597 3930 1737 3994 fuit.
1776 3927 1867 3993 Cf.
1904 3927 1978 3992 de
2010 3926 2302 3993 Peccatis
2331 3950 2392 3995 n.
2429 3930 2579 3994 336.
2617 3931 2677 3994 2.

442 4033 612 4107 388.
653 4037 737 4101 II.
776 4036 1053 4101 Luxuria
1088 4035 1316 4100 directe
1352 4033 1710 4100 voluntaria
1758 4033 1887 4097 sive
1934 4031 2218 4113 quaesita
2255 4032 2385 4097 sive
2425 4032 2714 4108 admissa,
2749 4033 2814 4097 10

350 4139 572 4222 quovis
632 4158 872 4225 genere,
919 4156 1258 4220 nunquam,
1306 4140 1481 4203 extra
1541 4134 2035 4211 matrimonium,
2101 4134 2384 4199 admittit
2436 4134 2813 4217 parvitatem

348 4243 666 4308 materiae.
702 4241 891 4307 Ratio
924 4241 1040 4317 est,
1079 4240 1227 4321 quia
1272 4239 1601 4305 delectatio
1635 4257 1892 4303 venerea
1929 4238 2121 4302 libere
2153 4237 2368 4313 volita,
2409 4238 2814 4319 quantumvis

349 4346 573 4430 exigua
620 4346 684 4409 01
719 4342 1033 4414 inchoata,
1080 4340 1202 4404 fert
1246 4360 1353 4423 per
1398 4361 1463 4405 se
1510 4341 1861 4424 appetitum
1905 4340 2255 4405 sensualem
2301 4340 2362 4403 et
2411 4339 2687 4403 animum
2737 4340 2814 4403 ad

346 4448 647 4514 maiorem
685 4449 748 4511 01
793 4444 1186 4527 completam,
1220 4443 1295 4506 ut
1324 4461 1589 4525 pronum
1635 4442 1737 4519 sit,
1780 4443 1889 4524 qui
1917 4442 2108 4506 libere
2153 4441 2401 4523 incepit,
2435 4442 2582 4506 ferri
2627 4443 2815 4507 liben-

346 4551 586 4615 tissime
635 4549 712 4613 ad
760 4547 1079 4612 ulteriora.
1119 4542 1415 4625 Oportuit
1460 4563 1627 4628 ergo,
1676 4526 1902 4608 saltem
1949 4546 2200 4629 propter
2244 4543 2407 4608 hunc
2461 4547 2813 4611 naturalem

347 4673 591 4730 nexum,
625 4649 939 4735 prohiberi
970 4647 1087 4713 sub
1119 4645 1298 4730 gravi
1335 4645 1435 4709 vel
1467 4647 1758 4730 exiguam
1786 4644 2049 4711 liberam
2080 4646 2570 4711 delectationem.
2767 4676 2774 4683 ·
