3497 5147
733 302 842 358 520
876 317 1086 358 maor.
1107 316 1187 358 VI.
1209 315 1370 357 sacr.
1398 315 1462 355 11.
1490 315 1576 355 mu
1599 313 1882 356 snonuno
1907 312 2126 354 emmo.
2153 312 2484 354 nnonnom.
2502 311 2637 352 cAr.
2658 311 2750 351 111.
2770 311 2913 352 nun.
2942 311 3023 353 vr.
3055 297 3187 373 [684]

730 433 852 479 non
902 413 1106 477 solum
1160 414 1410 494 propter
1469 410 1959 476 inconstantiam
2005 411 2068 473 et
2112 410 2455 484 levitatem,
2507 408 2613 473 sed
2666 409 2858 472 etiam
2912 408 3061 490 quia
3103 411 3185 475 est

729 519 945 580 contra
994 515 1414 579 urbanitatem
1454 516 1518 578 et
1564 513 2030 578 convenientem
2075 512 2593 598 gubernationem
2629 514 2695 576 et
2723 512 2968 575 videtur
3016 513 3186 577 etiam

730 637 861 682 esse
909 618 1123 699 aliqua
1160 615 1560 681 irreverentia
1600 616 1733 680 Dei.
1769 616 1937 680 Raro
1991 618 2203 681 autem
2251 616 2498 681 videtur
2546 616 2662 680 hoc
2708 617 3032 698 peccatum
3076 634 3188 679 esse

729 721 1015 797 mortale,
1044 720 1163 783 nisi
1198 720 1295 783 vel
1327 718 1687 783 scandalum
1714 719 1813 782 vel
1838 719 2233 801 contemptus
2259 719 2471 802 gravis
2496 717 2966 783 intercederet...
2991 717 3188 801 Neque

729 823 829 887 lex
852 822 909 886 N
913 840 1180 886 umeror.
1208 821 1408 885 XXX.
1434 821 1499 884 in
1531 821 1736 905 rigore
1762 822 1982 884 contra
2003 821 2121 884 hoc
2155 821 2398 884 obstat:
2431 839 2579 884 nam
2610 839 2751 884 cum
2776 819 3034 884 dicitur:
3059 820 3189 900 Ipse

731 1026 1177 1101 materialiter3
1227 1026 1375 1107 quia
1421 1044 1635 1088 revera
1681 1025 1746 1088 in
1785 1043 1974 1089 uxore
2007 1043 2128 1089 non
2162 1028 2258 1089 est
2289 1025 2591 1102 formam,
2625 1024 2731 1090 sed
2760 1025 2899 1107 ipsa
2933 1045 3057 1089 non
3101 1026 3190 1091 ob-

734 1128 1008 1193 servatio
1042 1127 1176 1192 voti
1206 1126 1617 1191 materialiter
1654 1126 1746 1191 ita
1785 1128 2063 1190 vocatur.
2104 1127 2218 1190 Est
2264 1146 2411 1210 ergo
2460 1145 2695 1203 sensu&
2729 1127 3031 1190 maritum
3076 1147 3188 1192 esse

734 1231 1045 1295 rationem
1089 1229 1479 1293 redditurum
1510 1228 1582 1291 de
1614 1228 1722 1291 illa
1770 1247 1893 1291 non
1941 1229 2368 1293 observatione
2415 1230 2569 1307 voti,
2619 1230 2709 1306 ut,
2762 1228 2814 1292 si
2862 1228 2994 1292 sine
3039 1230 3186 1293 iusta

733 1351 925 1396 causa
955 1332 1123 1396 facta
1155 1331 1362 1410 fuerit,
1402 1331 1497 1394 illi
1530 1331 1878 1413 imputetur
1910 1357 1969 1393 ».

818 1432 1108 1498 Ceterum
1154 1433 1307 1497 scite
1354 1435 1567 1498 monet
1614 1452 1662 1497 s.
1696 1432 2053 1515 Alphonsus
2085 1434 2126 1497 l.
2162 1453 2214 1497 c.
2248 1434 2386 1500 ideo
2420 1433 2722 1517 quosdam
2763 1435 2901 1498 DD.
2950 1453 3186 1518 gravem

729 1536 979 1619 culpam
1009 1535 1073 1598 in
1106 1536 1223 1599 hoc
1259 1534 1575 1618 reperisse,
1611 1535 1760 1615 quia
1791 1535 2064 1619 agebant
2093 1534 2168 1599 de
2201 1537 2364 1601 votis
2413 1537 2622 1601 uxoris
2669 1537 3096 1620 personalibus
3136 1540 3189 1601 et

730 1638 1009 1720 alioquin
1042 1639 1354 1714 tenebant,
1390 1637 1483 1701 fas
1518 1637 1651 1701 viro
1686 1655 1806 1701 non
1842 1656 1971 1700 esse
2005 1637 2233 1702 directe
2265 1639 2510 1703 irritare
2543 1641 2692 1704 vota
2731 1640 2965 1704 uxoris.

820 1741 1011 1819 Adde,
1052 1741 1217 1823 quod
1257 1743 1395 1804 tum
1429 1739 1697 1805 Sanchez
1737 1740 1844 1802 lib.
1873 1741 1933 1803 4.
1970 1759 2102 1822 cap.
2133 1741 2236 1803 27.
2266 1760 2324 1804 n.
2353 1743 2481 1818 32„
2517 1743 2654 1806 tum
2686 1739 3188 1807 Salmanticenses

729 1844 805 1908 de
856 1845 986 1907 Vot.
1022 1864 1153 1926 cap.
1183 1845 1243 1907 3.
1271 1865 1329 1908 n.
1359 1843 1463 1906 62.
1498 1843 1830 1923 utramque
1862 1843 2237 1906 sententiam
2268 1843 2484 1907 dicunt
2516 1843 2917 1926 probabilem.

820 1947 1031 2010 Aliam
1061 1946 1490 2029 quaestionem
1524 1945 1815 2028 proponit
1845 1943 1993 2008 ibid.
2029 1965 2076 2008 s,
2103 1945 2320 2027 Alph.:
2356 1945 2524 2027 quid,
2558 1947 2610 2010 si
2648 1948 2949 2031 coniuges
2983 1951 3187 2011 mutuo

732 2067 1035 2113 consensu
1072 2049 1356 2113 voverint
1386 2049 1786 2112 castitatem?
1819 2045 1937 2110 Sed
1968 2047 2042 2111 de
2075 2047 2192 2111 hac
2230 2048 2292 2111 in
2324 2067 2448 2129 seq.
2484 2049 2602 2111 art.
2638 2049 2819 2113 resol.
2861 2050 2920 2112 7.

843 2183 947 2236 LX.
970 2185 1018 2235 9.
1050 2185 1300 2236 praetatus
1326 2189 1488 2248 potest
1513 2182 1711 2235 irritare
1738 2190 1908 2234 votum
1938 2180 2137 2246 subditi,
2164 2197 2190 2233 a
2222 2184 2595 2247 praedecessore
2617 2181 2831 2248 aequati,
2859 2186 2940 2237 vel
2969 2182 3184 2237 interiore

730 2269 1084 2333 confirmatum,
1111 2281 1206 2320 non
1246 2272 1405 2320 tamen
1444 2281 1468 2318 a
1510 2266 1782 2332 superiore.
1814 2268 1878 2318 V.
1905 2268 1966 2318 de
2006 2265 2082 2319 his
2123 2268 2241 2319 Bon.
2271 2267 2302 2319 1.
2331 2281 2375 2318 c.
2395 2265 2452 2333 ng.
2480 2268 2531 2318 3.
2559 2268 2727 2331 Laym.
2754 2282 2798 2320 c.
2823 2268 2878 2319 7.

821 2372 1011 2436 Ratio
1043 2374 1172 2435 est:
1207 2371 1262 2434 si
1297 2371 1461 2434 idem
1508 2371 1789 2452 superior
1825 2388 2112 2434 revocare
2150 2371 2358 2451 potest
2388 2370 2604 2435 datam
2639 2370 3032 2449 facultatem,
3065 2374 3194 2437 licet

729 2473 1214 2549 confirmaverit;
1263 2473 1427 2537 idem
1476 2472 1707 2555 poterit
1745 2471 1839 2535 vel
1873 2490 2206 2548 successor,
2243 2473 2341 2536 vel
2387 2473 2693 2555 potiorem
2724 2473 2966 2538 habens
3001 2479 3196 2540 aucto·

730 2578 1006 2643 ritatem.

1821 2718 1974 2781 Am.
2018 2718 2101 2781 II.

1378 2838 1478 2904 De
1512 2842 1822 2920 potestate
1870 2837 2178 2902 irritandi
2223 2837 2541 2903 indirecte.

838 2983 965 3034 LXI.
991 2983 1137 3048 Resp.
1168 2980 1221 3033 Si
1259 2978 1402 3032 alicui
1434 2994 1530 3031 non
1570 2976 1764 3043 quidem
1805 2980 2032 3030 voluntas
2074 2976 2314 3039 voventis
2343 2979 2429 3031 sed
2470 2977 2571 3030 voti
2613 2978 2818 3032 materia
2858 2979 2925 3033 sit
2966 2982 3194 3041 subiecta,

727 3066 793 3119 ita
829 3074 881 3120 ut
904 3066 953 3119 in
980 3071 1102 3119 hanc
1131 3065 1208 3118 ius
1236 3068 1428 3130 habeat,
1455 3063 1497 3116 is
1526 3064 1620 3117 tale
1658 3070 1828 3115 votum
1859 3068 2017 3127 potest
2044 3062 2259 3125 irritare,
2286 3062 2560 3117 irritatione
2588 3062 2826 3117 indirecta
2854 3069 2952 3119 hoc
2981 3074 3057 3122 est
3097 3067 3193 3121 eius

728 3150 1073 3215 obligationem
1097 3151 1413 3216 suspendere,
1437 3147 1719 3213 inquantum
1743 3162 1833 3199 suo
1863 3146 1958 3198 iuri
1980 3146 2346 3212 praeiudicatur
2366 3146 2510 3213 idque
2532 3164 2589 3201 cx
2616 3149 2721 3213 lege
2752 3158 2960 3205 naturae
2983 3155 3195 3209 docente.

727 3238 860 3299 quod
887 3249 1029 3287 nemo
1058 3233 1211 3300 possit
1236 3231 1373 3286 atteri
1401 3232 1686 3298 promittere
1716 3230 1898 3295 aliquid
1935 3230 1984 3283 in
2027 3231 2375 3296 praeiudicium
2416 3231 2562 3285 tertii.
2595 3235 2645 3286 S.
2675 3235 2856 3286 Tuom.
2885 3234 2935 3288 in
2966 3237 3016 3289 4.
3046 3239 3092 3289 d.
3119 3237 3197 3289 38.

729 3322 931 3371 Suarez.
957 3320 1093 3371 Less.
1118 3325 1211 3371 etc.
1241 3318 1290 3370 11.
1318 3331 1389 3370 ec.

822 3422 997 3496 684.
1033 3425 1366 3490 Materiam
1413 3425 1546 3489 voti
1592 3423 1871 3507 intellige
1908 3442 2029 3488 non
2078 3424 2301 3503 solum,
2337 3424 2389 3488 si
2439 3442 2665 3511 vovens
2704 3424 2988 3509 disponit
3021 3427 3089 3491 de
3131 3448 3195 3490 re

730 3530 1079 3612 temporali,
1114 3530 1177 3592 in
1211 3548 1335 3610 qua
1367 3528 1464 3591 ius
1502 3528 1689 3591 habet
1722 3526 2022 3608 superior,
2058 3547 2116 3589 v.
2144 3547 2237 3610 gr.
2266 3528 2652 3611 eleemosyna
2684 3533 2976 3611 respectu
3001 3530 3195 3595 uxoris

728 3636 826 3697 vel
858 3633 1005 3707 filii,
1042 3632 1145 3696 sed
1179 3631 1368 3695 etiam
1400 3630 1699 3711 quidquid
1732 3631 1939 3711 potest
1986 3628 2302 3712 impedire,
2344 3650 2416 3694 ne
2463 3631 2602 3714 quis
2639 3631 2826 3695 iustis
2867 3634 3200 3717 superioris

724 3736 1067 3817 praeceptis
1115 3736 1360 3817 praesto
1400 3752 1530 3797 esse
1573 3733 1781 3813 queat.

816 3837 1084 3901 Adverte
1110 3837 1271 3917 quod
1308 3837 1397 3899 ait
1428 3837 1523 3911 A.,
1552 3856 1658 3919 per
1689 3836 2110 3899 irritationem
2142 3835 2508 3899 indirectam
2539 3837 2841 3916 suspendi
2874 3840 3199 3925 obligafio·

723 3958 897 4002 nem:
948 3957 1071 4020 qua
1119 3938 1191 4002 de
1238 3939 1424 4005 re.cf.
1469 3957 1626 4019 quae
1676 3938 1752 4001 ab
1802 3937 1982 4001 initio
2031 3937 2312 4001 dedimus
2353 3958 2412 4002 n.
2452 3938 2598 4002 665.

1706 4091 1883 4157 Unde
1932 4092 2215 4157 resolves,

836 4220 984 4272 an.
1016 4221 1059 4270 t.
1088 4218 1168 4271 Sic
1204 4217 1396 4271 irritare
1435 4224 1654 4283 possunt,
1684 4226 1878 4283 practer
1917 4231 2064 4283 supra
2105 4218 2395 4282 nominatoS,
2424 4227 2562 4285 pater
2601 4227 2828 4287 respectu
2869 4222 3073 4276 tiliorum
3099 4236 3186 4288 pu·

729 4306 915 4364 berum,
944 4304 1156 4370 quandiu
1187 4310 1380 4357 manent
1404 4302 1451 4355 in
1479 4304 1623 4355 domo
1653 4309 1851 4368 paterna
1881 4318 1967 4355 nec
1993 4310 2106 4356 sunt
2133 4304 2455 4371 emanciparit
2480 4304 2597 4359 item
2624 4312 2759 4359 tutor
2785 4309 3001 4373 puberis,
3032 4320 3180 4372 usque

727 4392 784 4438 ad
827 4402 1001 4441 annum
1043 4387 1327 4451 vigesimum
1368 4386 1603 4454 quintum,
1633 4387 1679 4439 in
1718 4386 1946 4451 iis,‹1uae
1987 4403 2156 4440 eorum
2199 4387 2429 4455 potestati
2469 4390 2704 4444 officiunt.
2733 4393 2902 4456 Laym.
2929 4408 2969 4445 c.
2995 4394 3041 4445 7.

817 4496 1001 4561 Clara
1036 4497 1261 4560 omnia.
1298 4495 1463 4559 Male
1504 4496 1751 4576 quidem
1792 4496 2019 4559 dicitur
2054 4500 2219 4559 tutor
2256 4501 2538 4581 respectu
2584 4500 2864 4581 puberis;
2905 4521 3040 4565 nam
3080 4519 3178 4561 cu-

724 4603 902 4660 rato-r
941 4597 1290 4679 appellatur
1323 4600 1386 4661 et
1424 4617 1585 4660 nunc
1617 4616 1814 4660 annus
1851 4599 1988 4659 :21¹¹5
2022 4602 2116 4663 est
2149 4601 2451 4666 terminus
2489 4602 2886 4668 minoritatis.
