3497 5147
710 336 814 393 126
909 351 1121 393 nac-r.
1148 352 1205 392 v.
1233 350 1394 392 snc'r.
1422 351 1513 392 111.
1536 351 1621 391 ma
1658 349 1980 391 cama-aus
2018 350 2405 393 ammanus.
2431 350 2629 394 οΑΡυτ
2658 353 2723 392 11.
2754 352 2897 394 nun.
2924 354 2988 395 11.
3030 339 3173 418 [170]

809 473 844 506 «
869 448 987 514 Est
1009 450 1076 512 ta
1086 467 1227 513 men
1252 447 1326 511 de
1348 448 1714 512 necessitate
1738 448 2021 511 caritatis
2046 448 2381 514 secundum
2406 450 2943 533 praeparationem
2965 451 3173 531 animi,

712 552 789 615 ut
817 551 1052 616 scilicet
1087 551 1275 614 homo
1310 550 1538 615 habeat
1577 549 1856 614 animum
1903 551 2194 633 paratum
2241 551 2318 615 ad
2365 552 2500 629 hoc,
2550 551 2717 635 quod
2758 552 2824 616 in
2874 553 3176 638 singulari

714 653 1037 719 inimicum
1085 653 1392 738 diligeret,
1443 653 1497 717 si
1543 653 1875 719 necessitas
1927 656 2271 718 occurreret
2302 679 2337 713 »
2376 653 2566 736 (idest
2611 655 2669 722 ei
2703 655 2767 720 in
2814 655 3176 721 necessitate

702 756 1146 840 subveniendi).

799 885 834 917 «
870 858 987 923 Sed
1033 858 1198 941 quod
1235 859 1467 941 absque
1514 858 1779 922 articulo
1812 859 2197 922 necessitatis
2230 859 2418 922 etiam
2451 859 2568 923 hoc
2615 861 2761 924 actu
2791 860 3069 943 impleat,
3102 862 3174 925 ut

708 962 934 1046 diligat
965 960 1286 1026 inimicum
1310 962 1561 1044 propter
1591 961 1813 1036 Deum,
1848 960 1964 1024 hoc
1994 961 2261 1043 pertinet
2292 961 2369 1025 ad
2400 960 2834 1045 perfectionem
2866 963 3164 1027 caritatis,

719 1062 878 1128 Cum
908 1064 1073 1127 enim
1106 1083 1177 1128 ex
1201 1063 1464 1127 caritate
1486 1063 1789 1147 diligatur
1811 1063 2126 1146 proximus
2149 1066 2401 1146 propter
2431 1065 2652 1141 Deum,
2677 1066 2914 1146 quanto
2946 1065 3169 1147 aliquis

711 1166 915 1249 magis
940 1163 1152 1250 diligit
1174 1167 1396 1242 Deum,
1420 1167 1599 1229 tanto
1625 1166 1815 1230 etiam
1846 1167 2049 1248 magis
2074 1166 2151 1229 ad
2174 1167 2524 1249 proximum
2555 1166 2947 1232 dilectionem
2972 1169 3168 1232 osten-

716 1267 829 1344 dit,
870 1267 1044 1332 nulla
1075 1268 1404 1333 inimicitia
1441 1266 1845 1352 impediente:
1895 1268 2058 1332 sicut
2088 1269 2141 1332 si
2180 1268 2405 1350 aliquis
2435 1269 2710 1335 multum
2747 1269 3035 1354 diligeret
3064 1271 3169 1336 ali·

709 1391 890 1454 quem
927 1371 1262 1449 hominem,
1299 1390 1506 1436 amore
1542 1371 1739 1454 ipsius
1771 1371 1933 1436 filios
1966 1371 2096 1435 eius
2136 1373 2393 1449 amaret,
2428 1371 2620 1436 etiam
2648 1371 2932 1437 inimicos
2963 1372 3083 1437 sibi
3106 1398 3165 1437 ».

816 1530 990 1582 XVlll.
1010 1530 1158 1594 Resp.
1185 1529 1231 1580 l.
1271 1526 1487 1593 Quilibet
1513 1530 1676 1589 bomo,
1704 1527 1876 1579 saltem
1904 1526 2138 1592 privatus,
2165 1533 2357 1578 tenetur
2383 1525 2623 1592 proximo,
2650 1525 2793 1578 etiam
2819 1524 3016 1579 inimico
3042 1540 3165 1580 com·

706 1613 865 1667 munia
895 1611 1172 1666 dilectionis
1211 1611 1347 1676 signa
1387 1618 1435 1663 et
1475 1610 1710 1664 beneficia
1751 1610 1986 1664 exhibere
2023 1625 2085 1664 ex
2124 1617 2411 1678 praecept03
2438 1609 2668 1677 specialia
2704 1624 2827 1663 vero
2859 1623 2921 1664 ex
2962 1611 3164 1666 consilio

701 1705 902 1760 tanturn,
934 1695 1027 1751 nisi
1053 1697 1249 1750 aliunde
1277 1695 1404 1749 ratio
1431 1695 1743 1760 obligationis
1771 1697 1985 1749 accedat.
2015 1699 2079 1748 lta
2107 1709 2280 1748 comm.
2309 1709 2419 1748 cum
2446 1697 2613 1759 Laym.
2642 1710 2685 1748 c.
2714 1695 2761 1747 4.
2794 1708 2854 1748 ex
2882 1710 2924 1748 s.
2942 1697 3038 1750 Th.
3067 1699 3098 1750 l.
3117 1711 3159 1750 c.

698 1801 745 1850 q.
775 1786 858 1838 25.
886 1799 930 1837 a.
954 1787 1002 1836 8.
1026 1791 1076 1836 et
1101 1785 1149 1835 9.
1175 1781 1286 1835 Dixi
1317 1784 1365 1834 l.
1389 1780 1734 1840 communia,
1764 1781 1924 1846 qualia
1951 1783 2216 1835 secundum
2242 1779 2396 1834 Caiet.
2424 1795 2472 1830 v.
2496 1778 2704 1847 odium,
2724 1787 2853 1844 sunt,
2880 1795 3006 1847 quae
3031 1780 3166 1836 Chri-

699 1868 857 1922 stiano
897 1868 1138 1920 debentur
1175 1880 1201 1918 a
1239 1865 1415 1931 quovis
1440 1864 1720 1918 Christiano
1748 1865 1796 1918 in
1823 1864 2081 1929 communi,
2111 1863 2302 1918 concivi
2326 1880 2352 1917 a
2380 1864 2600 1929 concive,
2624 1872 2832 1930 cognato
2870 1880 2897 1918 a
2941 1874 3162 1931 cognato.

698 1951 842 2006 Ratio
881 1956 1042 2004 autem
1075 1958 1175 2016 est;
1203 1949 1315 2015 quia
1341 1950 1436 2003 ista
1469 1964 1643 2015 negare
1668 1956 1743 2003 est
1770 1950 2019 2003 vindicare
2044 1949 2287 2015 iniuriam,
2310 1952 2440 2016 quod
2469 1964 2564 2003 non
2592 1948 2704 2003 licet
2731 1949 2941 2017 privato.
2970 1950 3083 2004 Dixi
3111 1954 3158 2004 2.

697 2037 810 2091 nisi
846 2034 1075 2089 aliunde
1112 2034 1332 2089 accedat
1371 2035 1516 2089 ratio
1557 2033 1925 2104 obligationis,
1958 2034 2113 2100 qualis
2150 2042 2295 2098 esset,
2321 2035 2461 2089 verbi
2498 2035 2651 2098 gratia
2696 2038 2741 2090 t.
2769 2035 2913 2090 timor
2949 2036 3162 2092 scandali

697 2136 756 2175 ex
788 2119 1067 2183 omissione,
1095 2123 1145 2173 2.
1171 2134 1284 2187 spes
1314 2119 1487 2173 salutis
1512 2119 1725 2172 inimici:
1754 2119 1854 2172 vid.
1884 2122 2012 2173 Azor
2030 2126 2097 2174 to.
2126 2124 2174 2174 2.
2199 2121 2232 2174 l.
2263 2123 2344 2174 ll.
2373 2137 2480 2188 cap.
2507 2122 2575 2186 3.,
2602 2123 2651 2175 3.
2678 2122 2944 2176 necessitas
2979 2129 3159 2189 tempo-

701 2205 818 2260 ralis
856 2208 932 2257 vel
962 2203 1247 2270 spiritualis,
1280 2204 1327 2256 4.
1361 2207 1533 2270 culpae
1560 2204 1841 2269 deprecatio
1872 2209 1924 2257 et
1948 2203 2188 2257 exhibitio
2215 2205 2500 2271 specialium
2526 2204 2773 2270 signorum
2799 2206 2997 2260 amoriS.
3021 2207 3163 2261 Ratio

695 2297 800 2356 est;
837 2288 966 2355 quia,
1005 2288 1082 2342 his
1133 2288 1346 2353 casibus,
1390 2291 1639 2352 neglectus
1695 2287 1982 2355 specialium
2031 2287 2280 2352 signorum
2320 2297 2450 2343 esset
2487 2289 2706 2343 exterior
2743 2288 2842 2343 odii
2880 2291 3163 2347 declaratio.

695 2377 865 2439 Laym.
891 2376 924 2428 l.
955 2389 998 2428 c.

787 2500 944 2576 170.
979 2503 1246 2569 Nomine
1269 2502 1506 2567 inimici
1536 2502 1652 2566 hoc
1684 2501 1821 2566 loeo
1847 2501 2223 2586 intelligitur
2247 2502 2454 2579 homo,
2480 2503 2587 2584 qui
2611 2521 2711 2567 me
2734 2503 2965 2567 iniuste
2984 2502 3167 2572 laesit

706 2611 820 2673 aut
841 2608 1077 2672 iniusto
1096 2606 1236 2671 odio
1262 2605 1678 2688 prosequitur.
1706 2604 1869 2668 Nam
1898 2605 2005 2686 qui
2031 2606 2192 2668 iuste
2215 2604 2408 2669 laedit
2432 2605 2530 2669 vel
2554 2605 2706 2682 odit,
2732 2624 2855 2671 non
2879 2607 3166 2672 inimicus

691 2710 796 2775 sed
830 2710 1065 2773 amicus
1103 2706 1420 2772 habendus
1451 2709 1564 2771 est.

778 2817 876 2881 Ab
919 2817 1041 2880 alio
1091 2816 1229 2897 quis
1276 2815 1409 2899 pati
1458 2816 1665 2898 potest
1710 2815 1810 2880 vel
1856 2836 2093 2879 meram
2123 2814 2424 2893 offensam
2469 2816 2568 2881 vel
2601 2816 2794 2881 etiam
2839 2817 3163 2883 iniuriam.

704 2920 947 2985 Offensa
984 2918 1327 3003 generatim
1360 2918 1587 2982 dicitur
1627 2917 1821 2983 laesio
1852 2938 1961 2981 seu
2008 2919 2289 2981 irritatio
2326 2917 2669 2982 voluntatis
2702 2917 2993 2996 alterius,
3031 2937 3171 2983 cum

703 3041 920 3106 nempe
953 3021 1224 3104 cuipiam
1258 3021 1473 3085 contra
1506 3022 1638 3085 eius
1670 3021 2061 3084 voluntatem
2091 3019 2380 3084 molestia
2411 3019 2674 3084 infertur
2705 3039 2777 3085 ac
2810 3021 2912 3086 ius
2940 3021 3065 3104 ipsi
3092 3020 3165 3084 fit

702 3125 778 3189 ad
812 3124 1286 3208 displicentiam,
1319 3123 1831 3208 indignationem,
1882 3122 2264 3186 aversionem
2297 3122 2484 3204 atque
2520 3122 2679 3187 iram
2716 3122 3012 3188 adversus
3040 3124 3163 3189 lae-

691 3227 955 3291 dentem.
1005 3227 1087 3290 Et
1149 3228 1202 3292 si
1258 3226 1372 3291 fiat
1425 3227 1554 3291 sine
1608 3226 1880 3289 laesione
1928 3225 2184 3289 alterius
2230 3224 2385 3289 iuris
2429 3224 2658 3290 dicitur
2701 3247 2877 3291 mera
2921 3226 3159 3305 offensa

697 3331 914 3394 contra
959 3329 1287 3395 caritatem
1334 3348 1406 3393 ac
1453 3347 1663 3413 pacem
1709 3328 2067 3392 humanam.
2116 3328 2217 3391 Ita
2264 3348 2321 3392 v.
2369 3348 2463 3413 gr.
2513 3328 2567 3393 si
2617 3330 2851 3412 petenti
2890 3349 2926 3394 a
2957 3349 3058 3394 me
3086 3329 3155 3393 li-

693 3432 872 3496 brum
897 3432 1363 3497 commodatum
1398 3431 1497 3495 vel
1535 3429 1704 3494 aliud
1729 3429 2113 3505 beneficium,
2147 3430 2311 3512 quod
2348 3429 2526 3494 facile
2556 3431 2845 3515 praebere
2874 3451 3147 3516 possum,

691 3553 1014 3619 negavere,
1067 3535 1303 3600 offendo
1353 3533 1624 3597 amicum
1671 3533 1734 3597 et
1779 3533 1924 3597 licet
1970 3533 2213 3598 nullum
2251 3533 2382 3597 eius
2413 3534 2512 3598 ius
2550 3534 2796 3610 violem,
2834 3535 3146 3602 immerito

690 3638 900 3701 tamen
947 3637 1302 3702 molestiam
1348 3635 1564 3712 infero,
1600 3655 1791 3717 quam
1822 3636 2097 3720 graviter
2126 3635 2248 3699 fert
2291 3636 2355 3700 et
2386 3636 2608 3702 merito
2650 3635 2999 3704 offenditur.
3034 3640 3149 3705 De-

688 3742 869 3807 betur
901 3743 1032 3809 sola
1063 3742 1504 3808 reconciliatio.

777 3842 844 3909 Si
890 3863 1034 3909 vero
1086 3843 1338 3908 accedat
1368 3843 1629 3908 violatio
1662 3844 1835 3920 iuriS‚
1872 3845 2020 3908 tunc
2052 3842 2282 3907 offensa
2311 3843 2507 3909 sumit
2527 3845 2771 3928 proprie
2801 3864 3025 3912 nomen
3055 3848 3149 3911 in·

688 3947 915 4023 iuriae,
964 3964 1122 4028 quae
1170 3946 1267 4008 est
1311 3944 1502 4008 laesio
1550 3945 1704 4008 iuris
1753 3945 1939 4009 alieni
1986 3948 2048 4008 et
2092 3946 2241 4008 tunc
2273 3944 2484 4029 agitur
2518 3965 2643 4012 non
2680 3947 2886 4013 solum
2930 3951 3148 4015 contra

688 4050 1100 4124 voluntatem,
1134 4045 1239 4110 sed
1271 4045 1462 4109 etiam
1496 4047 1710 4109 contra
1747 4046 1846 4109 ius
1882 4045 2072 4110 illius.

793 4149 854 4214 S.
902 4148 1255 4213 Antoninus
1304 4144 1475 4209 Sum.
1525 4148 1685 4228 part.
1737 4148 1796 4210 2.
1846 4147 1947 4212 tit.
1999 4148 2057 4211 8.
2111 4149 2168 4230 ἓ.
2219 4149 2279 4214 6.
2327 4150 2415 4215 sic
2460 4152 2638 4235 ponit
2682 4153 3143 4233 quaestionem:

695 4279 732 4313 «ι
757 4252 988 4317 Utrum
1018 4249 1226 4314 odiens
1258 4247 1608 4331 proximum
1633 4249 1833 4332 possit
1855 4251 2315 4329 communicari,
2341 4273 2399 4317 v.
2422 4274 2517 4338 gr.
2550 4272 2707 4338 pone
2730 4255 2893 4337 quod
2921 4256 3146 4339 aliquis

688 4351 992 4418 sustinuit
1006 4370 1303 4434 magnam
1316 4351 1611 4415 iniuriam
1628 4352 1726 4416 vel
1748 4352 2045 4416 damnum
2062 4353 2141 4417 ab
2174 4354 2404 4438 aliquo,
2422 4359 2674 4440 propter
2696 4358 2861 4441 quod
2884 4357 3148 4446 denegat

689 4455 782 4519 illi
822 4453 1292 4529 salutationem
1328 4455 1629 4537 numquid
1668 4456 1875 4539 potest
1911 4456 2217 4522 licentiari
2250 4457 2327 4522 ad
2357 4460 2893 4525 communionem?
2925 4486 2960 4519 »

785 4557 949 4641 Ergo
977 4575 1096 4620 non
1130 4556 1552 4629 confundenda
1580 4558 1729 4623 haec
1762 4578 1951 4624 causa
1983 4579 2123 4623 cum
2149 4579 2337 4626 causa
2369 4581 2602 4638 eorum,
2637 4563 2747 4645 qui
2778 4582 2848 4627 ex
2882 4563 3152 4646 quadam
