3497 5147
316 335 463 413 [157]
958 348 1099 397 Qms
1135 349 1301 392 ormo
1338 350 1698 395 snnvaunus
1737 354 1803 395 m
1841 353 2149 396 mmmm
2679 345 2782 399 115

310 449 377 513 et
407 445 789 529 quandoque
823 445 1107 510 tenemur
1156 465 1267 511 nos
1298 447 1541 529 privare
1570 449 1731 516 bono
1787 450 2096 518 inferioris
2144 451 2373 517 ordinis
2422 454 2497 518 ad
2545 454 2775 520 bonum

312 550 473 616 illud
511 549 791 632 proximo
816 548 1288 632 procurandum.

494 651 560 716 2ο
585 652 948 718 Proximum
977 649 1044 715 in
1065 651 1290 716 maiori
1313 654 1678 719 necessitate
1708 657 2122 721 constitutum
2153 675 2484 740 possumus
2507 661 2570 724 et
2594 679 2783 741 quan·

321 756 522 838 doque
551 755 837 819 tenemur
866 753 1080 818 iuvare
1110 771 1252 818 cum
1282 757 1497 820 nostro
1543 756 1790 822 damno.

491 859 563 922 3⁰
594 856 881 940 Idipsum
927 856 1256 924 dicendum
1302 858 1416 936 est,
1465 858 1518 923 si
1564 878 1678 942 par
1723 859 1978 942 quidam
2008 861 2092 925 sit
2134 863 2487 940 necessitas,
2520 864 2625 927 sed
2656 883 2781 929 non

319 980 433 1045 par
456 979 645 1025 causa
669 959 1020 1042 utriusque.
1055 958 1226 1039 Quae
1258 962 1597 1044 sequantur
1628 981 1700 1027 ex
1731 962 1828 1026 his
1860 963 2194 1046 principiis,
2231 963 2574 1029 videbimus
2596 964 2777 1031 infra.

1067 1161 1246 1229 Unde
1289 1161 1688 1227 resolvuntur
1723 1160 1793 1225 kz·
1837 1161 2053 1228 Casus.

419 1339 485 1390 X.
523 1339 564 1388 l.
589 1337 766 1390 peccat
793 1341 957 1388 contra
1002 1334 1253 1389 caritatem
1281 1333 1373 1399 sui,
1402 1333 1485 1399 qui
1511 1338 1715 1388 salutem
1744 1350 1880 1389 suam
1911 1334 2213 1404 spiritualem
2240 1341 2318 1391 vel
2348 1343 2654 1405 corporalem
2696 1356 2773 1394 ne·

310 1421 473 1487 gligit:
501 1422 634 1487 quod
674 1433 827 1484 grave
864 1425 955 1485 est,
983 1417 1025 1472 si
1051 1421 1134 1472 flat
1170 1418 1275 1472 sine
1312 1433 1457 1472 causa
1496 1425 1544 1472 et
1582 1435 1692 1474 cum
1730 1421 1871 1484 gravi
1896 1424 2088 1486 damno,
2117 1437 2162 1476 v.
2189 1437 2258 1486 gr.
2287 1423 2456 1477 mortis
2482 1427 2558 1477 vel
2598 1426 2766 1490 gravis

310 1506 484 1561 morbi.
507 1507 669 1561 Trull.
695 1506 728 1559 1.
757 1508 807 1558 2.
833 1510 866 1558 l.
896 1504 943 1556 6.
971 1505 1019 1556 d.
1050 1506 1096 1557 l.

398 1630 558 1705 156.
579 1632 799 1714 Quoad
826 1631 1273 1717 negligentiam
1298 1631 1468 1695 circa
1502 1630 1770 1696 salutem
1791 1632 2183 1712 sfflfritualem
2206 1637 2527 1715 peccatum
2557 1637 2772 1699 contra

313 1738 643 1803 caritatem
689 1734 786 1799 sui
835 1732 1110 1799 accusari
1157 1751 1279 1797 non
1327 1733 1505 1798 solet.
1539 1733 1727 1799 Ratio
1777 1736 1888 1810 est,
1931 1734 2076 1815 quia
2124 1737 2218 1798 est
2264 1735 2404 1800 finis
2451 1736 2640 1820 legis3
2678 1756 2772 1800 ac-

316 1859 535 1906 cusare
584 1840 788 1903 autem
836 1836 962 1901 alia
1009 1838 1261 1919 peccata
1299 1836 1574 1901 continet
1623 1837 2079 1902 accusationem
2112 1838 2333 1903 violati
2377 1838 2562 1903 huius
2601 1859 2771 1923 prae-

310 1941 497 2025 cepti,
533 1959 654 2022 quo
700 1938 982 2003 iubemur
1027 1938 1211 2003 finem
1244 1937 1494 2002 sectari:
1536 1956 1657 2002 non
1696 1957 1870 2003 secus
1918 1956 1988 2002 ac
2035 1939 2143 2022 qui
2178 1940 2375 2004 violat
2405 1940 2770 2026 decalogum

307 2046 405 2110 est
443 2043 579 2108 Deo
625 2041 986 2106 inobediens
1033 2059 1144 2105 nec
1189 2042 1398 2104 tamen
1446 2039 1669 2123 duplex
1701 2040 2118 2106 confitendum
2148 2044 2242 2106 est
2265 2045 2604 2126 peccatum,
2638 2043 2769 2109 scil.

299 2146 458 2212 furti
505 2165 565 2209 v,
601 2164 697 2230 gr.
728 2145 791 2208 et
836 2142 1308 2208 inobedientiae.
1364 2141 1463 2207 Ad
1507 2161 1823 2207 summum
1870 2146 2079 2227 posset
2124 2146 2389 2229 cogitari
2449 2149 2768 2230 peccatum

300 2251 438 2326 hoc,
488 2246 736 2330 quando
788 2244 1168 2331 negligentia
1215 2247 1500 2309 versatur
1545 2246 1705 2309 circa
1753 2246 2057 2328 quaedam
2102 2248 2305 2311 media
2353 2248 2430 2312 ad
2479 2250 2765 2328 salutem,

301 2370 462 2435 quae
493 2369 619 2415 non
650 2348 884 2413 habent
916 2346 1226 2430 quandam
1273 2349 1507 2412 certam
1539 2367 1610 2413 ex
1639 2348 1777 2432 lege
1811 2347 2273 2433 obligationem,
2309 2370 2365 2414 v.
2392 2370 2485 2434 gr.
2520 2350 2764 2431 orandi,

301 2455 401 2520 vel
434 2452 685 2537 quando
736 2451 1037 2538 obligatio
1078 2453 1361 2515 versatur
1407 2450 1565 2515 circa
1611 2450 1875 2532 aliquod
1915 2471 1945 2515 e
1977 2451 2193 2515 multis
2222 2451 2444 2516 mediis
2470 2452 2769 2517 adhiben-

299 2557 472 2633 dum,
508 2557 660 2622 adeo
695 2559 770 2622 ut
808 2554 880 2621 ad
915 2555 1158 2620 nullum
1191 2554 1669 2620 determinatum
1701 2557 1932 2621 tenear.
1971 2554 2207 2620 Verum
2237 2558 2385 2621 tunc
2422 2559 2765 2642 generatim

295 2660 646 2726 includitur
676 2659 739 2723 in
777 2657 1046 2743 peccatis
1079 2657 1321 2722 acediae
1354 2659 1468 2722 etc.

387 2762 609 2843 Quoad
650 2760 921 2826 salutem
948 2758 1338 2840 temporalem
1363 2760 1513 2824 haec
1547 2760 1845 2845 obligatio
1871 2761 2270 2826 confimditur
2293 2781 2431 2826 cum
2466 2782 2555 2839 ea,
2575 2780 2763 2844 quam

292 2866 477 2932 nobis
527 2864 795 2947 imponit
829 2862 1122 2946 quintum
1154 2863 1568 2944 praeceptum.
1603 2860 1779 2942 Quod
1813 2863 1865 2926 si
1896 2863 2088 2927 relate
2128 2863 2203 2927 ad
2241 2882 2353 2929 nos
2384 2864 2523 2929 finis
2561 2863 2763 2946 quinti

294 2967 620 3052 praecepti
644 2968 739 3030 est
777 2965 969 3029 etiam
996 2964 1222 3028 caritas
1256 2983 1402 3048 erga
1435 2984 1516 3041 se,
1553 2966 1646 3028 est
1683 2965 1890 3028 tamen
1926 2965 2410 3042 circumstantia,
2446 2984 2604 3047 quae
2628 2967 2767 3029 sub-

287 3068 680 3154 intelligitur
713 3069 826 3132 aut
856 3068 952 3132 est
998 3067 1179 3145 ratio,
1231 3084 1389 3149 quae
1421 3066 1673 3130 eandem
1724 3066 2167 3152 obligationem
2212 3068 2478 3151 imponit
2525 3087 2596 3132 ac
2627 3088 2765 3133 con-

286 3174 529 3238 firmat.

381 3274 688 3340 Ceterum
720 3272 964 3355 quando
999 3271 1210 3356 agitur
1243 3271 1447 3336 solum
1484 3270 1557 3335 de
1587 3272 1825 3347 morbo,
1852 3272 1953 3336 vix
1978 3291 2253 3354 unquam
2286 3274 2666 3356 poenitentes
2699 3293 2762 3338 se

296 3378 630 3444 accusant:
669 3374 834 3457 quod
864 3374 1001 3441 ideo
1038 3374 1113 3438 fit
1154 3374 1219 3436 1ο
1255 3373 1399 3455 quia
1431 3392 1554 3438 non
1603 3374 2068 3457 apprehendunt
2110 3376 2457 3440 iniustitiae
2500 3376 2757 3454 malum,

225 3520 230 3525 π
290 3482 464 3546 sicut
496 3497 638 3543 cum
679 3477 890 3563 agitur
927 3475 1000 3541 de
1036 3475 1343 3560 proximo:
1380 3476 1448 3538 2⁰
1480 3475 1624 3558 quia
1665 3476 1909 3557 saepius
1942 3494 2162 3539 causae
2208 3477 2409 3540 morbi
2454 3495 2576 3540 non
2614 3478 2761 3540 sunt

291 3581 616 3668 proximae
663 3579 726 3643 et
768 3578 1164 3643 immediatae
1213 3578 1398 3659 atque
1437 3577 1588 3643 adeo
1619 3596 1741 3641 non
1775 3596 2028 3661 gravem
2077 3578 2404 3660 imponunt
2436 3577 2761 3660 obligatio-

288 3705 438 3751 nem
471 3702 576 3748 eas
608 3680 868 3759 vitandi,
908 3699 982 3744 ne
1014 3680 1264 3744 morbus
1297 3682 1610 3762 sequatur.

399 3845 492 3899 xl.
514 3846 567 3897 2.
587 3839 778 3897 Nullius
804 3839 920 3894 boni
946 3839 1274 3905 consequendi
1301 3853 1445 3893 causa
1474 3838 1588 3893 licet
1608 3853 1832 3906 peccare,
1851 3838 1999 3892 eliam
2027 3837 2311 3907 venialiter3
2332 3838 2444 3904 quia
2472 3838 2584 3893 talis
2608 3841 2758 3893 vellet

288 3930 387 3984 sibi
418 3931 601 3983 malum
642 3924 912 3993 spirituale.
939 3927 1107 3990 Laym.
1133 3924 1253 3979 ibid.

381 4041 540 4116 157.
591 4042 1123 4128 Distinguendum
1170 4042 1306 4107 heic
1353 4042 1449 4106 est
1493 4042 1778 4123 (utamur
1813 4043 1930 4107 hac
1975 4042 2203 4126 forma)
2228 4043 2523 4107 damnum
2571 4061 2760 4107 emer-

290 4169 445 4236 gens
490 4168 528 4213 a
573 4147 750 4212 lucro
798 4148 1093 4223 cessante,
1127 4163 1347 4227 nempe
1378 4143 1675 4208 damnum
1704 4144 2036 4225 spir-imula
2047 4146 2388 4224 positivum
2417 4148 2759 4223 expeccato,

286 4252 659 4338 proveniens
707 4251 771 4315 et
820 4249 1072 4314 omissio
1104 4248 1358 4313 maioris
1389 4248 1536 4314 boni
1570 4248 1937 4330 spiritualis.

381 4355 444 4421 Si
494 4354 727 4438 agatur
757 4351 830 4417 de
879 4351 1105 4416 damno
1152 4351 1483 4433 spirituali,
1518 4350 1684 4433 quod
1720 4370 1794 4416 ex
1837 4352 2089 4434 peccato
2114 4350 2373 4430 positive
2409 4350 2752 4432 proveniat,

289 4460 530 4522 bonum
576 4453 901 4538 spirituale
947 4453 1266 4536 proprium
1312 4452 1606 4535 praeferri
1651 4452 1835 4519 debet
1866 4453 2062 4518 cuivis
2124 4453 2283 4517 bono
2334 4452 2609 4530 alteriue,
2660 4453 2759 4515 ut-

291 4577 558 4642 cumque
604 4576 904 4641 magnum
958 4555 1259 4621 videatur.
1309 4556 1474 4640 Ergo
1519 4575 1639 4621 non
1689 4556 1901 4620 liceret
1945 4555 2351 4629 mendacium,
2392 4553 2510 4616 etsi
2556 4570 2663 4634 per
2692 4551 2755 4614 id
