3497 5147
372 318 552 387 [1070]
804 331 957 380 Qum
994 332 1090 375 srr
1126 333 1204 373 m
1239 331 1416 402 quau
1454 329 1667 371 (11131711
1703 327 2029 371 Paeonum
2065 327 2413 370 DmAc'rlo
2726 319 2834 375 793

371 427 697 493 bitrantes.
744 429 829 493 Et
873 429 1209 495 seeundum
1257 430 1374 494 hoc
1418 427 1610 493 etiam
1657 445 1868 493 omnes
1915 445 1979 492 se
2024 425 2288 492 invicem
2333 427 2554 493 debent
2601 430 2831 497 honore

368 532 726 614 praevenire
757 557 820 596 ›.

463 630 667 704 1088.
706 634 903 699 Fama
949 636 1014 698 01
1057 634 1255 701 1101101
1286 636 1434 700 311111
1477 633 1660 711 bona,
1695 651 1855 715 quae
1887 632 1964 698 ab
2001 631 2356 698 hominibus
2387 635 2601 719 magni
2647 636 2827 714 fiunt,

365 736 507 819 plus
545 737 739 800 etiam
770 755 961 819 quam
991 737 1267 803 divitiae.
1299 738 1383 802 Et
1414 755 1561 802 sane
1592 737 1824 818 absque
1855 735 1950 799 his
1982 735 2302 800 convictus
2335 736 2643 802 humanus
2670 739 2831 802 esset

365 836 798 916 intolerabilia,
831 840 1021 922 atque
1052 840 1215 906 bona
1246 841 1394 905 sunt
1416 838 1665 922 propria
1702 837 1980 921 spiritus,
2015 856 2138 902 non
2175 838 2469 922 corporiS‚
2503 839 2829 904 rationalis

367 938 555 1019 vitae,
588 960 710 1006 non
745 940 1054 1007 animalis.

455 1043 688 1109 Utrum
718 1063 789 1110 ex
820 1045 918 1110 his
951 1045 1036 1110 sit
1066 1045 1271 1111 maius
1308 1045 1559 1122 bonum,
1592 1044 1918 1127 disputant
1950 1044 2086 1108 DD.
2125 1042 2305 1130 Lugo
2344 1044 2502 1127 disp.
2536 1045 2642 1110 cit.
2669 1066 2729 1109 n.
2765 1048 2825 1111 9.

364 1147 643 1212 concedit
694 1147 860 1230 quod
913 1148 1110 1214 honor
1161 1147 1480 1213 includens
1540 1147 1795 1223 famam,
1851 1145 1947 1211 est
2007 1145 2158 1229 quid
2220 1147 2639 1230 praestantius
2693 1149 2827 1214 sola

363 1247 559 1314 fama:
594 1250 664 1314 at
693 1249 749 1314 si
780 1250 976 1315 honor
1020 1251 1279 1316 seorsim
1324 1249 1764 1329 consideretur,
1812 1251 2018 1314 censet
2047 1249 2282 1313 famam
2329 1268 2459 1313 esse
2496 1250 2700 1315 maius
2726 1251 2828 1316 bo-

362 1371 514 1415 num
549 1371 696 1435 prae
728 1353 858 1418 illo.
897 1353 1087 1419 Ratio
1120 1356 1243 1432 est3
1278 1354 1426 1436 quia
1450 1354 1648 1418 honor
1685 1353 1941 1418 eatenus
1974 1352 2363 1430 aestimatur,
2398 1355 2708 1435 quatenus
2730 1358 2826 1419 est

362 1454 721 1520 testificatio
745 1454 984 1521 famae:
1010 1456 1208 1539 pluris
1231 1474 1379 1540 ergo
1410 1455 1486 1519 fit
1507 1455 1696 1534 fama,
1730 1475 1923 1538 quam
1954 1455 2170 1530 honor,
2204 1455 2313 1537 qui
2336 1456 2542 1520 solum
2574 1459 2825 1540 propter

362 1574 499 1620 eam
533 1559 802 1622 amatur.
852 1557 1159 1641 Loquitur
1194 1558 1374 1643 Lugo
1407 1558 1481 1623 de
1518 1558 1770 1634 honore,
1820 1556 1928 1639 qui
1963 1556 2205 1621 meritis
2251 1556 2557 1622 defertur:
2607 1578 2824 1626 verum

360 1658 523 1723 idem
562 1660 732 1724 valet
761 1661 825 1725 et
859 1661 1061 1726 multo
1094 1661 1297 1745 magis
1334 1660 1399 1724 in
1437 1660 1667 1725 honore
1698 1660 1810 1742 qui
1839 1661 2089 1742 propter
2127 1658 2402 1740 aliquam
2449 1660 2821 1744 dignitatern

360 1761 690 1840 deferatur,
724 1762 799 1826 ut
828 1763 1033 1847 magis
1072 1763 1288 1845 optent
1324 1762 1592 1826 hominis
1626 1781 1756 1826 esse
1788 1762 1850 1826 111
1884 1761 2150 1826 3110111111
2183 1761 2468 1845 opinione
2505 1763 2672 1844 quod
2702 1764 2823 1847 ipsi

360 1863 535 1948 digni
556 1864 685 1928 sint
705 1883 778 1929 eo
809 1863 1030 1949 gradu,
1057 1883 1248 1947 quam
1270 1865 1439 1946 quod
1469 1864 1673 1929 solum
1696 1865 1896 1929 honor
1924 1863 2077 1946 ipsis
2104 1863 2354 1946 propter
2385 1883 2530 1928 eum
2551 1864 2817 1948 gradum

478 1967 490 1978 ⁶
780 1967 814 2007 *

356 1967 784 2139 sslilggssulit
826 2069 902 2136 de
946 2071 1216 2136 laesione
1262 2069 1514 2135 honoris
1546 2069 1716 2152 prius
1765 2069 2071 2134 dieamus:
2107 2067 2511 2133 Inhonoratio
2552 2070 2816 2152 proximi

354 2190 467 2238 seu
495 2172 871 2238 contumelia
902 2172 1134 2256 duplici
1165 2171 1349 2239 modo
1381 2171 1516 2237 fieri
1545 2173 1773 2255 potest,
1814 2171 2103 2255 negative
2134 2171 2199 2234 et
2230 2170 2513 2253 positive.

446 2276 764 2358 Neyativa
792 2276 930 2354 erit,
965 2276 1211 2359 quando
1244 2274 1553 2360 negantur
1585 2275 1765 2359 signa
1803 2273 2055 2340 honoris
2085 2272 2295 2338 debita
2326 2292 2397 2337 ex
2428 2275 2664 2339 virtute
2695 2276 2817 2357 pie-

355 2379 507 2444 tatis
540 2379 639 2444 vel
669 2379 1117 2445 observantiae.
1154 2377 1448 2443 Positiva
1476 2378 1615 2456 erit,
1649 2377 1897 2461 quando
1929 2396 2036 2460 per
2069 2377 2280 2440 actum
2312 2375 2583 2440 laeditur
2611 2377 2813 2461 reipsa

354 2482 613 2548 alterius
645 2483 861 2549 honor.

439 2586 664 2650 Tribus
713 2585 911 2652 modis
956 2586 1031 2650 fit
1076 2585 1342 2669 positive
1378 2585 1777 2661 contumelia,
1826 2583 2028 2661 verbe,
2066 2582 2320 2663 scripte,
2352 2580 2534 2662 facta.
2576 2581 2812 2650 Contu-

349 2688 536 2753 melia
552 2707 659 2770 per
670 2689 857 2754 verba
873 2687 1337 2772 comprehendit
1349 2689 1702 2765 convitium,
1721 2686 2187 2767 improperium,
2204 2684 2620 2751 maledictum.
2639 2685 2812 2767 Quae

349 2789 601 2872 scripto,
651 2791 1188 2874 comprehenditur
1224 2789 1434 2855 libello
1479 2788 1734 2869 famose.
1785 2787 1981 2853 Facto
2028 2789 2242 2853 autem
2287 2788 2525 2868 irrisio,
2573 2788 2808 2868 illusio,

347 2895 799 3063 Βαῑέῗῖζιῗέἶη
828 2997 948 3063 (1101
986 2999 1146 3063 30101
1176 2964 1569 3081 exprobratio
1618 2995 1884 3061 alicuius
1915 2994 2188 3060 defectus
2220 3000 2488 3061 naturae
2532 2995 2630 3061 vel
2663 3017 2810 3077 poe·

344 3121 482 3180 nae,
518 3102 662 3167 licet
692 3102 1037 3169 convitium
1067 3102 1188 3167 dici
1211 3102 1411 3167 soleat
1447 3102 1511 3167 et
1541 3100 1935 3181 exprobratio
1973 3099 2207 3179 eulpae.

430 3205 890 3286 Improperium
903 3205 1025 3270 dici
1049 3204 1211 3269 solet
1234 3204 1629 3287 exprobratio
1651 3222 1744 3279 ea,
1771 3221 1895 3284 qua
1911 3200 2206 3266 iniuriose
2224 3201 2495 3284 cuipiam
2514 3204 2808 3267 obiicitur

342 3306 676 3383 auxilium,
724 3306 890 3388 quod
937 3305 1075 3387 quis
1123 3305 1181 3369 01
1226 3305 1531 3389 indigenti
1580 3303 1841 3380 obtulit3
1875 3303 2034 3367 unde
2065 3302 2222 3366 illud
2269 3302 2454 3367 Eccli.
2490 3304 2627 3368 XX.
2669 3306 2802 3371 15.:

345 3404 605 3487 Eaeiyua
634 3406 814 3470 dabit
833 3411 895 3470 et
920 3406 1122 3469 multa
1150 3406 1613 3486 improperabit.
1649 3407 1740 3469 De
1774 3406 1905 3469 Deo
1938 3406 2178 3469 autem:
2231 3403 2352 3483 Qui
2381 3405 2494 3467 dat
2521 3408 2806 3473 omnibus

344 3506 683 3586 affluenter
711 3512 774 3572 et
800 3527 929 3572 non
956 3508 1353 3587 improperat.
1389 3508 1594 3572 Iacob.
1628 3508 1679 3571 I.
1715 3510 1775 3571 5.

434 3608 866 3689 Maledictum,
922 3630 1066 3676 cum
1119 3611 1258 3693 quis
1314 3610 1496 3676 alteri
1549 3610 1928 3694 imprecatur
1979 3611 2238 3687 malum,
2294 3609 2631 3687 diabolum,
2690 3611 2805 3676 ful·

341 3728 503 3795 gura
533 3713 649 3776 etc.
684 3712 746 3776 in
792 3732 916 3794 quo
962 3715 1018 3778 si
1061 3733 1133 3779 ex
1180 3713 1360 3779 corde
1406 3711 1539 3790 fiat,
1588 3732 1828 3796 semper
1857 3714 1953 3778 est
1983 3713 2151 3778 labes
2201 3714 2417 3778 contra
2454 3712 2799 3791 caritatem,

343 3832 503 3896 quae
525 3833 688 3880 nunc
717 3833 840 3881 non
864 3816 1238 3882 attenditur:
1267 3817 1319 3881 si
1353 3816 1662 3899 praesenti
1701 3816 1815 3879 fiat
1845 3817 1908 3881 et
1944 3815 2281 3880 identidem
2312 3816 2506 3880 etiam
2538 3816 2799 3894 absenti,

338 3934 549 3981 coram
581 3916 741 3995 aliis,
776 3919 873 3983 est
901 3919 1298 3984 contumelia.

429 4017 647 4098 Quoad
681 4020 1025 4086 convitium
1069 4022 1337 4088 breviter
1382 4022 1447 4086 et
1482 4022 1790 4106 sapienter
1821 4041 1870 4086 s.
1920 4021 2191 4089 Thomas
2218 4022 2277 4086 2.
2314 4022 2375 4086 2.
2409 4042 2469 4104 q.
2507 4022 2611 4086 72.
2645 4041 2701 4086 a.
2737 4026 2795 4087 2.

338 4120 470 4187 Sibi
516 4122 679 4187 enim
728 4122 969 4188 obiicit:
1010 4148 1045 4181 «
1078 4123 1421 4190 Convitiari
1468 4128 1562 4190 est
1610 4126 1787 4189 actus
1835 4125 2097 4190 alicuius
2129 4125 2402 4204 virtutis,
2438 4144 2521 4190 sc.
2571 4124 2799 4191 Eutra-

336 4224 553 4307 peliae‚
595 4223 674 4289 ad
704 4243 893 4307 quarn
940 4225 1209 4308 pertinet
1238 4226 1389 4291 bene
1420 4228 1747 4292 convitiari
1781 4227 2114 4293 secundum
2148 4228 2588 4312 philosophum
2620 4254 2681 4293 ι».
2717 4230 2798 4294 Ε1

335 4328 663 4411 respondet
699 4328 777 4392 ad
816 4330 903 4393 1.:
950 4353 986 4388 α
1019 4329 1112 4392 Ad
1152 4328 1577 4411 Eutrapeliam
1610 4331 1878 4413 pertinet
1916 4331 2112 4395 dicere
2150 4331 2401 4414 aliquod
2430 4332 2563 4396 leve
2596 4332 2798 4398 convi-

332 4430 495 4495 tium
540 4451 661 4497 non
711 4432 790 4498 ad
836 4432 1384 4499 dehonorationem
1431 4433 1528 4498 vel
1576 4432 1653 4497 ad
1699 4433 2238 4499 contristationem
2292 4435 2443 4513 eius,
2499 4436 2564 4499 in
2611 4456 2794 4518 quem

333 4531 578 4612 dicitur,
617 4534 725 4601 sed
755 4534 958 4620 magis
988 4554 1175 4601 causa
1213 4533 1642 4601 delectationis
1674 4537 1738 4599 et
1782 4536 1922 4601 ioci.
1963 4537 2045 4600 Et
2090 4538 2205 4602 hoc
2242 4540 2450 4621 potest
2488 4558 2618 4604 esse
2665 4540 2795 4605 31110
