3497 5147
691 343 765 396 48
1064 356 1278 397 Tmc‘r.
1319 359 1375 398 v.
1415 356 1577 398 sacr.
1618 357 1657 396 1.
1696 356 1782 396 nn
1819 355 2196 398 nasucnp‘ns
2232 356 2423 398 rrum.
2460 356 2660 399 CAPUT
2697 358 2787 398 111.
3053 343 3163 418 [72]

692 456 969 517 cessante
1015 452 1141 532 fine
1175 451 1333 534 leyis
1363 454 1678 517 contrarie
1710 454 1901 517 etiam
1923 453 1994 516 in
2005 452 2414 533 particulari,
2446 456 2641 517 cesset
2686 456 2830 517 tunc
2868 452 3163 535 obliyatio

696 554 884 637 leyie:
931 557 994 619 in
1042 555 1151 620 illo
1201 559 1410 620 autem
1460 575 1607 621 casu
1655 575 1794 622 eam
1840 556 2240 621 iudicandum
2285 559 2380 622 est
2418 556 2724 622 contrarie
2772 576 3008 622 cessare
3055 558 3159 639 (cf.

696 657 770 721 de
816 657 1113 739 Leyibus‘,
1161 679 1221 722 n.
1258 658 1468 742 373.):
1509 659 1656 740 quia
1704 659 1855 723 tunc
1893 658 2217 725 observare
2253 659 2455 743 legem
2486 660 2648 724 esset
2677 662 2894 724 contra
2931 660 3164 726 bonum

693 761 836 826 fidei
863 763 926 825 et
958 761 1226 825 salutem
1257 762 1745 844 proximorum...
1767 761 2061 843 Idemque
2094 762 2214 826 erit
2242 762 2352 827 ubi
2375 762 2690 827 communi
2721 762 3163 828 consuetudine

695 864 1079 930 contrarium
1110 863 1538 929 introductum
1571 866 1673 941 sit,
1709 867 1783 929 ut
1807 864 1880 929 de
1929 865 2111 929 terris
2156 864 2611 930 haereticorum
2653 864 2945 929 Valentia
2977 865 3166 930 testa-

695 969 842 1043 tur3
891 985 1038 1030 nam
1084 967 1465 1032 consuetudo
1514 968 1724 1049 potest
1753 967 1853 1032 ius
1891 967 2237 1031 humanum
2285 967 2587 1052 abrogare
2625 993 2687 1031 ».

784 1068 1210 1132 Nihilominus
1235 1066 1455 1133 Sacrae
1481 1067 2010 1153 Congregationes
2034 1070 2560 1153 praescripserunt
2582 1089 2706 1135 non
2730 1070 2949 1135 semel:
2993 1093 3027 1129 «
3047 1090 3162 1154 pu-

694 1171 888 1236 blicas
934 1170 1388 1253 disputationes
1432 1190 1555 1235 non
1600 1170 1735 1235 fieri
1780 1191 1923 1235 cum
1967 1172 2320 1249 haereticis3
2360 1171 2508 1253 quia
2555 1172 2916 1254 plerumque
2953 1172 3053 1237 vel
3083 1171 3161 1236 ob

693 1273 1141 1354 loquacitatem
1189 1273 1287 1337 vel
1334 1272 1660 1336 audaciam
1708 1275 1821 1337 aut
1881 1273 2382 1339 circumstantias
2451 1274 2666 1357 populi
2736 1274 3157 1351 acclamantiS,

696 1376 927 1440 veritas
975 1374 1253 1439 falsitate
1301 1375 1696 1457 praevalente
1744 1376 2136 1459 opprimitur.
2177 1376 2258 1442 Et
2304 1376 2359 1440 si
2419 1376 2751 1458 aliquando
2798 1375 3157 1441 huiusmodi

696 1479 1153 1561 disputationes
1200 1479 1472 1543 recusari
1516 1498 1639 1543 non
1686 1480 1957 1562 possent,
1994 1480 2266 1563 primum
2300 1479 2374 1544 de
2405 1480 2533 1545 illis
2564 1480 2790 1545 certior
2820 1480 2934 1544 fiat
2966 1478 3027 1544 S.
3068 1477 3159 1556 C.,

695 1600 874 1663 quae,
933 1580 1101 1645 iusta
1149 1580 1446 1664 temporis
1495 1582 1559 1645 et
1604 1600 2009 1664 personarum
2057 1582 2452 1663 qualitatem,
2509 1583 2659 1665 quid
2707 1582 3017 1667 agendum
3079 1583 3164 1646 sit

695 1683 1071 1768 praescribet
1108 1709 1167 1747 ».
1204 1681 1264 1747 S.
1305 1681 1371 1747 C.
1412 1683 1486 1748 de
1522 1684 1593 1747 P.
1627 1685 1697 1748 F.
1736 1685 1796 1748 8.
1846 1684 2037 1748 Mart.
2093 1685 2284 1749 1625.
2321 1685 2426 1749 27.
2462 1684 2618 1748 Μ611
2661 1684 2851 1749 1644.
2892 1685 2996 1749 18.
3048 1686 3163 1750 De-

695 1786 887 1850 cemb.
935 1786 1123 1849 1662.
1161 1784 1221 1849 S.
1263 1787 1396 1868 lnq.
1432 1784 1498 1850 C.
1532 1787 1634 1851 19.
1670 1788 1803 1851 Ian.
1835 1787 2025 1851 1644.
2060 1785 2121 1851 S.
2149 1786 2216 1852 C.
2253 1784 2320 1851 C.
2358 1788 2418 1851 6.
2451 1786 2641 1851 Mart.
2683 1787 2875 1852 1625.
2902 1787 2936 1825 *

785 1882 908 1956 72.
928 1888 1033 1963 Iis,
1074 1907 1233 1970 quae
1256 1890 1556 1953 hactenus
1594 1889 1861 1955 diximus
1891 1890 2072 1955 iuvat
2106 1891 2258 1954 11666
2290 1889 2528 1954 addere.
2569 1889 2794 1954 Exstat
2822 1889 3160 1955 Instructio

696 1988 1042 2055 Cardinalis
1054 1991 1289 2056 Vicarii
1311 1991 1524 2055 italico
1544 2010 1824 2056 sermone
1856 1992 2004 2056 data
2035 1991 2332 2056 Parochis
2358 1991 2565 2069 Urbis,
2594 1991 2968 2056 auctoritate
2992 1991 3070 2055 R.
3089 1991 3157 2055 P.

696 2093 917 2157 Leonis
949 2093 1126 2157 XIII.
1166 2095 1268 2157 12.
1308 2094 1428 2157 Iul.
1470 2094 1682 2171 1878„
1726 2094 1799 2157 ad
1844 2093 2178 2158 avertenda
2215 2095 2280 2157 et
2316 2094 2736 2176 praecavenda
2759 2093 2987 2158 damna
3018 2093 3162 2159 fidei

695 2214 854 2278 quae
893 2198 992 2259 tot
1022 2195 1292 2260 nefariae
1338 2196 1793 2260 haereticorum
1840 2196 2061 2271 sectae,
2096 2196 2364 2260 Romam
2419 2196 2732 2280 ingressae
2784 2196 2994 2278 ibique
3039 2198 3162 2281 ple-

693 2317 839 2362 nam
861 2298 1108 2363 diabolo
1143 2298 1446 2363 serviendi
1468 2298 1846 2375 libertatem,
1883 2298 2165 2380 adeptae,
2197 2317 2458 2363 romano
2485 2299 2713 2383 populo
2737 2299 3157 2365 minabantur.

696 2402 786 2465 Ex
818 2421 890 2466 ea
922 2402 1339 2466 Instructione
1371 2401 1646 2485 profecto
1679 2400 1829 2483 quid
1867 2401 1932 2464 in
1964 2401 2273 2467 similibus
2304 2402 2626 2467 eventibus
2659 2421 2842 2487 agere
2874 2406 3160 2485 oporteat

695 2505 985 2590 colligere
1022 2505 1188 2569 licet.

783 2608 1019 2673 Ibidem
1069 2623 1214 2689 ergo
1262 2626 1321 2669 n.
1363 2607 1424 2667 4.
1475 2605 1757 2682 edicitur,
1797 2630 1835 2664 «
1867 2606 2262 2672 vehementer
2308 2608 2577 2673 vetitum
2623 2627 2773 2686 esse,
2806 2628 2883 2673 ne
2914 2610 3055 2691 quis
3087 2629 3157 2675 ex

690 2729 863 2775 mera
910 2707 1272 2772 curiositate
1310 2707 1576 2790 prudens
1622 2708 2011 2792 ingrediatur
2048 2709 2225 2774 aulas
2280 2713 2345 2775 et
2397 2711 2632 2794 templa
2662 2712 3160 2777 Protestantium

691 2814 831 2877 tum
868 2830 1010 2874 cum
1042 2810 1362 2874 conciones
1394 2810 1700 2875 habentur
1748 2811 1936 2893 atque
1967 2831 2215 2894 peccare
2252 2813 2443 2877 etiam
2488 2814 2765 2898 graviter
2797 2833 2900 2879 eos
2925 2833 3156 2892 6111666,

692 2914 802 2996 qui
840 2933 911 2978 ex
942 2932 1112 2977 mera
1158 2913 1520 2977 curiositate
1554 2913 1819 2977 audiunt
1850 2915 2172 2979 conciones
2203 2915 2700 2980 Protestantium
2748 2919 2812 2980 et
2859 2916 3160 2981 assistunt

693 3017 791 3081 vel
821 3016 1232 3082 materialiter
1278 3016 1637 3080 ceremoniis
1676 3017 2040 3081 acatholicis
2073 3036 2298 3099 eosque
2330 3017 2563 3101 pariter
2599 3037 2810 3083 omnes
2843 3019 2996 3083 artis
3027 3039 3162 3083 mu-

691 3119 854 3184 sicae
892 3119 1182 3192 cultores‚
1218 3119 1326 3201 qui
1372 3118 1471 3183 vel
1500 3119 1641 3184 sola
1677 3119 1837 3184 lucri
1883 3138 2069 3183 causa
2101 3120 2167 3183 in
2199 3120 2448 3202 templis
2479 3120 2975 3186 Protestantium
3022 3142 3161 3188 ean-

692 3222 832 3286 dem
864 3225 1144 3286 exercent
1170 3241 1280 3287 seu
1309 3241 1456 3286 voce
1494 3241 1602 3286 6611
1635 3221 2083 3286 instrumentis
2118 3222 2362 3286 Pariter
2393 3223 2669 3306 graviter
2699 3226 2955 3306 peccant
2986 3226 3161 3310 typo-

691 3324 934 3410 graphi,
976 3324 1166 3388 etiam
1221 3323 1565 3388 secundarii
1610 3323 1902 3397 ministri,
1937 3324 2064 3405 qui,
2123 3343 2197 3388 ne
2253 3343 2289 3388 a
2344 3325 2763 3408 superioribus
2811 3325 3157 3405 eiiciantur,

690 3428 936 3493 litteras
983 3426 1289 3510 colligunt
1328 3426 1405 3490 ad
1435 3425 1816 3490 excudendos
1863 3425 2315 3491 haereticorum
2360 3426 2581 3491 libros:
2630 3426 2931 3510 quinimo,
2982 3430 3034 3495 si
3081 3430 3153 3493 de

689 3530 1143 3596 haereticorum
1190 3528 1365 3593 libris
1403 3530 1650 3612 agatur,
1685 3527 1910 3609 quibus
1943 3527 2213 3594 haeresis
2245 3529 2535 3593 edocetur
2567 3531 2758 3611 atque
2794 3531 3156 3608 sustinetur,

690 3633 882 3696 etiam
927 3631 1210 3695 ministri
1254 3630 1630 3715 typographi
1669 3629 2014 3694 secundarii
2044 3631 2345 3696 maiorem
2379 3631 2706 3696 incurrunt
2740 3634 3158 3698 excommuni-

691 3735 998 3798 cationem
1046 3733 1296 3816 speciali
1365 3733 1548 3797 modo
1617 3732 1906 3797 Pontifici
1964 3735 2344 3798 reservatam
2392 3732 2496 3814 (cf.
2545 3734 2680 3798 heic
2738 3733 2814 3798 de
2877 3734 3159 3801 Caritate

690 3857 750 3901 n.
787 3836 987 3919 275.).
1040 3835 1253 3917 Neque
1286 3855 1322 3899 a
1352 3837 1604 3918 peccato
1635 3835 1891 3899 mortali
1925 3835 2283 3899 eximuntur
2334 3835 2674 3913 architecti,
2730 3837 3155 3916 conductoreS,

688 3938 1008 4004 fabrorum
1038 3937 1348 4021 magistri,
1389 3936 1497 4017 qui
1528 3936 1841 4019 propriam
1878 3935 2203 4000 conferunt
2249 3955 2499 4019 operam
2533 3941 2726 4020 atque
2757 3939 3047 4005 laborant
3078 3939 3156 4004 ad

690 4041 1095 4106 extruendum
1131 4039 1380 4122 aliquod
1421 4038 1916 4102 Protestantium
1966 4039 2287 4121 templum.
2339 4037 2556 4118 Quoad
2594 4043 2936 4107 structores
2969 4043 3156 4108 alios-

689 4163 808 4227 que
841 4144 1152 4227 operarios
1184 4141 1522 4217 inferioreS,
1557 4159 1594 4202 a
1633 4142 1882 4222 peccato
1921 4140 2107 4204 eximi
2129 4143 2443 4223 poterunt,
2469 4142 2803 4210 dummodo
2837 4145 2899 4209 in
2941 4165 3156 4212 eorum

689 4247 855 4310 facto
905 4247 1068 4309 absit
1106 4244 1467 4309 scandalum
1511 4262 1708 4324 neque
1758 4261 1912 4325 opus
1959 4242 2073 4306 fiat
2118 4243 2180 4308 in
2228 4244 2573 4330 Religionis
2620 4248 2962 4314 catholicae
3009 4268 3154 4316 666-

692 4350 1000 4431 temptum
1032 4373 1093 4410 ».
1129 4347 1290 4409 Tum
1337 4364 1516 4409 casus
1563 4346 1926 4426 sequuntur,
1962 4347 2186 4427 quibus
2234 4347 2296 4411 id
2344 4367 2464 4413 non
2502 4350 2647 4414 licet
2685 4350 3021 4433 eademque
3066 4372 3155 4417 re·

689 4451 923 4534 petitur
954 4449 1252 4525 doctrina,
1281 4467 1438 4528 quae
1462 4451 1665 4512 exstat
1686 4448 1750 4512 in
1787 4449 2104 4532 Responso
2149 4451 2205 4513 1.
2241 4449 2301 4516 S.
2337 4449 2403 4515 O.
2445 4454 2545 4516 14.
2581 4454 2712 4517 Ian.
2753 4455 2943 4519 1818.
2964 4457 3151 4539 paulo

690 4555 834 4616 ante
873 4552 1087 4614 citato.

780 4653 872 4716 Cf.
910 4652 1162 4718 dicenda
1188 4652 1250 4716 in
1289 4673 1454 4736 seqq.
1489 4653 1562 4718 de
1610 4655 2070 4735 Coeperatione,
2099 4661 2245 4722 sect.
2286 4658 2346 4721 3.
2382 4656 2455 4720 de
2489 4656 2790 4721 Caritate.
