3497 5147
702 378 775 433 94
1276 388 1488 428 TnAc‘r.
1530 387 1583 428 v.
1626 385 1789 427 sacr.
1831 386 1892 425 11.
1932 386 2016 425 mr
2054 384 2409 426 raama-mo
2448 384 2585 425 sem
3022 367 3176 443 [125]

796 487 859 552 Si
895 489 1105 551 autem
1137 485 1368 550 bonum
1409 485 1691 548 amatum
1723 483 1807 546 sit
1839 482 2135 546 excellens
2167 485 2231 545 et
2261 481 2511 545 difficile
2545 480 2621 544 ad
2654 478 3168 561 consequendum,

707 591 897 656 etiam
945 609 1016 653 ex
1063 606 1271 653 amore
1318 587 1450 651 eius
1496 585 1776 650 nascitur
1820 603 1984 668 spes;
2033 586 2444 650 necessarium
2492 585 2698 648 tamen
2747 585 2862 660 est,
2896 586 2971 647 ut
3008 582 3173 648 adsit

707 693 1027 769 iudicium,
1078 710 1200 774 quo
1247 689 1388 772 quis
1435 687 1645 753 credat
1690 687 2186 752 consecutionem
2230 687 2378 752 talis
2424 687 2570 752 boni
2616 705 2747 751 esse
2792 686 3169 770 possibilem,

707 801 834 865 imo
868 802 931 864 et
963 818 1094 863 esse
1130 798 1409 862 futuram
1455 796 1553 861 vel
1585 797 1753 860 certo
1801 794 1900 859 vel
1936 794 2338 878 probabiliter
2367 813 2478 878 pro
2527 795 2766 859 ratione
2804 793 2953 878 spei.
2994 792 3169 858 Suar.

709 900 856 967 ibid.

802 1005 1080 1087 Denique
1112 1001 1525 1067 necessarium
1548 1001 1663 1076 est,
1692 1001 1763 1063 ut
1796 1018 1918 1064 non
1953 998 2116 1063 adsit
2146 1000 2445 1063 iudicium
2470 1002 2707 1063 certum
2735 1017 2805 1063 ac
2829 998 3171 1074 definitum,

712 1107 839 1173 tale
885 1107 1118 1171 bonum
1165 1123 1482 1185 nunquam
1528 1102 1658 1167 fore
1705 1101 2234 1184 consequendum;
2285 1103 2432 1184 quia
2479 1122 2551 1167 ex
2596 1101 2713 1166 hoc
2759 1102 3037 1165 nascitur
3083 1100 3177 1165 de-

711 1213 1004 1296 speratio.
1039 1210 1217 1276 Suar.
1250 1209 1398 1274 ibid.

805 1316 941 1380 Iam
980 1333 1144 1392 vero,
1173 1312 1342 1378 omni
1389 1312 1631 1388 virtuti,
1660 1311 1737 1375 ad
1784 1331 1972 1393 quam
2021 1312 2262 1394 spectat
2308 1330 2536 1388 amare,
2563 1309 2906 1374 desiderare
2938 1311 3002 1373 et
3031 1329 3181 1394 gau-

715 1417 877 1496 dere,
927 1417 1187 1500 possunt
1233 1413 1570 1479 secundum
1619 1432 1828 1478 omnes
1875 1412 1989 1477 hos
2038 1415 2214 1477 actus
2262 1412 2569 1496 assignari
2617 1413 2793 1476 actus
2841 1411 3177 1488 contrarii;

715 1541 862 1586 nam
907 1519 1117 1585 eadem
1180 1520 1275 1584 est
1319 1518 1482 1582 ratio
1529 1515 2003 1581 contrariorum.
2053 1514 2352 1594 Quocirca
2399 1515 2599 1580 amori
2653 1515 3180 1597 concupiscentiae

717 1623 833 1687 Dei
879 1622 1261 1688 contrarium
1309 1624 1404 1685 est
1451 1619 1682 1695 odium,
1731 1637 1855 1682 non
1903 1637 2025 1699 quo
2073 1618 2317 1701 proprie
2363 1617 2484 1700 ipsi
2529 1617 2661 1681 Deo
2708 1617 2771 1680 in
2819 1635 2882 1681 se
2932 1615 3181 1698 aliquod

716 1727 957 1791 malum
1004 1725 1142 1807 quis
1190 1725 1362 1801 velit,
1412 1722 1515 1786 sed
1574 1741 1696 1804 quo
1744 1721 1946 1785 Deum
1995 1740 2031 1784 a
2078 1739 2143 1785 se
2191 1723 2436 1785 avertat
2490 1720 2602 1797 ita,
2651 1720 2725 1783 ut
2785 1719 2946 1784 nolit
3000 1720 3064 1783 in
3112 1738 3180 1784 eo

715 1830 1092 1894 constituere
1139 1847 1318 1892 suam
1366 1825 1746 1890 felicitatem.
1796 1850 1830 1882 «
1868 1823 2087 1889 Potest
2145 1823 2309 1888 enim
2356 1824 2496 1904 quis
2552 1823 2651 1888 vel
2698 1844 2770 1889 ex
2828 1824 2922 1887 ira
2970 1823 3069 1887 vel
3115 1842 3182 1886 ex

720 1930 910 1994 nimio
946 1948 1152 1994 amore
1190 1929 1620 1992 creaturarum
1668 1925 1867 1990 odisse
1898 1927 2101 1991 Deum
2135 1946 2204 1990 ac
2251 1926 2324 1990 de
2357 1945 2427 1991 eo
2461 1926 2789 1992 tristitiam
2820 1926 3045 1991 habere
3078 1945 3183 1990 seu

718 2029 1016 2107 taedium,
1044 2033 1117 2094 ut
1153 2030 1316 2093 clare
1353 2029 1419 2092 in
1448 2029 1566 2093 hoc
1597 2031 1741 2092 actu
1780 2028 2154 2110 explicatur:
2190 2028 2350 2092 Volo
2386 2029 2596 2112 potius
2625 2030 2691 2094 in
2736 2048 2802 2093 re
2840 2028 2965 2093 alia
2997 2047 3185 2111 quam

718 2135 784 2198 in
821 2134 951 2197 Deo
998 2151 1221 2215 ponere
1268 2130 1630 2195 felicitatem
1662 2149 1883 2194 meam.
1918 2129 2001 2194 Et
2047 2129 2335 2194 similiter
2380 2131 2587 2215 potest
2622 2130 2893 2215 intelligi
2924 2130 3186 2195 tristitia

723 2236 853 2318 spei
885 2233 1196 2299 contraria
1227 2258 1288 2296 ».
1324 2230 1571 2310 Suarez,
1606 2230 1753 2296 ibid.
1788 2231 1943 2314 disp.
1980 2233 2040 2295 2.
2083 2235 2230 2297 sect.
2266 2234 2325 2296 2.
2361 2253 2419 2296 n.
2463 2235 2523 2297 3.

810 2338 882 2401 In
929 2337 1046 2402 hoc
1092 2336 1342 2420 peccato
1389 2354 1532 2399 cum
1580 2335 1819 2400 aversio
1859 2354 1895 2399 a
1929 2335 2058 2399 Deo
2106 2335 2190 2400 sit
2237 2336 2417 2417 quasi
2462 2334 2689 2400 directe
2735 2335 3095 2400 voluntaria
3127 2337 3189 2399 et

726 2439 965 2505 aversio
999 2439 1083 2503 sit
1113 2421 1220 2523 per
1253 2438 1465 2504 odium
1503 2440 1566 2503 et
1604 2438 1950 2515 tristitiam,
1986 2439 2162 2521 patet
2192 2456 2323 2503 esse
2361 2439 2683 2520 peccatum
2722 2457 2794 2502 ex
2825 2457 2939 2502 suo
2971 2457 3190 2523 genere

724 2547 1185 2633 gravissimum.
1222 2544 1468 2623 Suarez‚
1503 2544 1648 2608 ibid.
1684 2565 1742 2609 n.
1780 2545 1839 2609 9.

816 2647 970 2721 125.
998 2650 1328 2715 Occasione
1360 2648 1642 2730 exempli,
1678 2646 1844 2729 quod
1875 2648 2054 2731 ponit
2082 2648 2156 2712 A.
2185 2649 2376 2726 illius,
2412 2649 2519 2730 qui
2551 2649 2857 2714 desiderat
2894 2652 3190 2734 perpetuo

723 2754 788 2817 in
835 2754 951 2816 hac
996 2752 1129 2815 vita
1175 2751 1413 2835 degere,
1463 2750 1676 2832 quaeri
1723 2751 1933 2834 potest
1978 2771 2055 2814 an
2104 2750 2187 2815 sit
2232 2752 2448 2816 contra
2495 2769 2687 2834 spem,
2738 2753 2954 2834 optare
2992 2771 3024 2816 e
3056 2771 3193 2816 con-

723 2855 919 2919 trario
951 2856 1216 2919 mortem
1249 2874 1319 2917 ex
1352 2853 1556 2917 taedio
1590 2853 1776 2917 vitae.
1986 2847 2008 2865 ‘

812 2956 912 3022 Ad
948 2975 1142 3038 quam
1171 2954 1598 3037 quaestionem
1645 2955 1797 3020 bene
1833 2956 2162 3040 respondet
2200 2956 2376 3040 Gury
2410 2958 2561 3020 tom.
2600 2958 2658 3020 1.
2695 2957 2753 3039 g.
2791 2956 2940 3021 214.
2976 2956 3033 3022 id
3070 2977 3192 3023 non

726 3078 857 3123 esse
894 3060 1110 3123 contra
1142 3077 1341 3141 spem;
1371 3057 1518 3139 quia
1549 3077 1672 3122 non
1704 3057 2053 3122 excluditur
2083 3058 2225 3122 finis
2257 3058 2523 3123 ultimus
2555 3060 2669 3122 aut
2699 3058 2831 3124 eius
2863 3060 3190 3125 assecutio.

731 3159 796 3225 Si
842 3160 1008 3242 quod
1054 3160 1375 3243 peccatum
1431 3159 1532 3238 sit,
1583 3163 1680 3224 est
1727 3159 2031 3242 quaedam
2078 3160 2435 3224 inordinata
2481 3161 2777 3226 voluntas
2832 3161 2985 3239 eiua,
3035 3161 3196 3246 quod

731 3261 942 3327 divina
988 3260 1385 3325 Providentia
1422 3278 1544 3325 non
1591 3261 1901 3345 disposuit
1935 3261 2033 3326 vel
2081 3262 2471 3328 inordinatus
2505 3282 2680 3328 amor
2724 3264 2843 3328 sui.
2879 3263 3197 3344 Quatenus

733 3384 863 3430 esse
909 3364 1116 3448 potest
1163 3363 1551 3429 inordinatus
1600 3384 1775 3428 amor
1824 3364 1939 3441 sui,
1990 3364 2063 3428 de
2111 3383 2181 3429 eo
2232 3385 2488 3450 agemus
2535 3366 2597 3430 in
2646 3385 2771 3447 seq.
2814 3369 2962 3431 sect.
3004 3367 3200 3432 Prout

729 3486 873 3533 vero
921 3486 1051 3531 esse
1099 3467 1307 3549 potest
1351 3466 1704 3531 inordinata
1768 3467 2060 3531 voluntas
2109 3469 2325 3532 contra
2383 3468 2657 3532 divinam
2713 3468 3195 3549 Providentiam,

736 3571 812 3635 ut
856 3573 1178 3653 peccatum
1224 3588 1413 3653 grave
1462 3569 1564 3647 sit,
1598 3589 1841 3635 necesse
1889 3571 2002 3647 est,
2039 3572 2112 3633 ut
2158 3570 2243 3634 sit
2287 3590 2432 3635 vera
2479 3569 2730 3635 rebellio
2779 3571 2996 3636 contra
3027 3572 3200 3635 illam

727 3675 829 3739 cui
875 3693 997 3739 non
1045 3673 1187 3738 vult
1234 3673 1421 3738 homo
1471 3673 1691 3738 subiici
1725 3674 1837 3737 aut
1868 3692 2058 3755 quam
2092 3672 2462 3737 detestatur.
2499 3672 2705 3751 SecuS‚
2738 3677 3027 3739 manente
3064 3675 3203 3739 sub-

733 3776 996 3841 iectione
1057 3775 1324 3840 hominis
1388 3776 1539 3853 Deo,
1590 3778 1914 3859 peccatum
1962 3776 2080 3839 erit
2137 3775 2393 3851 veniale,
2461 3776 2538 3840 ob
2600 3775 2906 3842 defectum
2961 3776 3203 3842 debitae

733 3877 1187 3944 conformitatis
1219 3879 1533 3945 voluntati
1565 3877 1827 3942 divinae.

843 4032 905 4084 V.
927 4034 975 4084 2.
998 4033 1196 4086 Mortale
1222 4031 1339 4086 item
1368 4038 1443 4086 est
1468 4034 1732 4097 desperare
1762 4031 1822 4083 de
1847 4031 2191 4095 consequendo
2219 4030 2324 4082 Deo
2350 4036 2435 4083 aut
2459 4033 2618 4085 salute
2644 4040 2693 4086 et
2722 4031 2862 4086 venia
2891 4040 3200 4100 peccatorum

734 4124 820 4170 aut
844 4114 1018 4169 mediis
1039 4119 1096 4169 ad
1125 4116 1257 4171 illam
1285 4117 1675 4180 consequendam
1706 4113 2012 4173 necessariis,
2040 4127 2087 4165 v.
2114 4129 2160 4177 g.
2185 4113 2379 4167 auxiliis
2403 4113 2589 4180 gratiae
2617 4124 2665 4170 et
2691 4116 3030 4170 emendatione
3054 4118 3197 4171 vitae.

735 4203 877 4269 Quod
906 4211 1156 4269 peccatum
1184 4200 1374 4254 ratione
1404 4198 1662 4267 parvitatis
1700 4198 1934 4251 materiae
1976 4214 2070 4252 non
2109 4206 2272 4265 potest
2298 4214 2409 4253 esse
2450 4200 2654 4265 veniale,
2682 4216 2791 4255 cum
2818 4200 2883 4255 sit
2907 4200 3199 4257 iniuriosum

734 4286 1097 4341 misericordiae
1136 4286 1227 4340 Dei
1264 4289 1315 4339 S.
1342 4286 1516 4338 Tuom.
1544 4299 1591 4347 q.
1623 4285 1706 4336 20.
1735 4297 1780 4335 a.
1808 4286 1856 4336 3.
1887 4285 2054 4348 Laym.
2087 4286 2116 4337 Ι.
2148 4287 2197 4336 2.
2227 4292 2259 4338 t.
2289 4288 2339 4338 2.
2365 4301 2407 4339 ο.
2432 4288 2481 4339 2.
2509 4302 2557 4339 n.
2583 4289 2633 4340 3.

829 4392 981 4466 126.
1025 4392 1387 4477 Desperatio
1437 4391 1531 4455 est
1580 4390 1938 4456 voluntaria
1985 4391 2329 4459 diffidentia
2378 4394 2694 4460 obtinendi
2740 4415 2777 4460 a
2822 4397 2954 4461 Deo
3014 4396 3205 4462 beati-

733 4499 1015 4563 tudinem
1062 4498 1125 4561 et
1173 4495 1404 4560 auxilia
1451 4494 1530 4558 ad
1576 4513 1712 4557 eam
1761 4497 2123 4561 necessaria.
2174 4496 2288 4561 Est
2339 4499 2730 4562 vehementer
2773 4499 3075 4564 iniuriosa
3111 4499 3203 4563 di-

739 4602 916 4666 vinae
975 4599 1243 4664 bonitati
1292 4598 1639 4682 divinisque
1688 4600 2007 4684 promissis
2057 4603 2120 4665 et
2167 4603 2488 4684 peccatum
2550 4603 2644 4664 est
2689 4619 2761 4666 ex
2805 4620 3027 4686 genere
3089 4619 3199 4665 suo
