3497 5147
710 343 819 397 556
1020 355 1229 398 macr.
1259 357 1338 398 vr.
1365 356 1525 397 emor.
1555 356 1643 395 111.
1684 354 1769 394 ma
1792 354 2015 395 ‘marro
2037 355 2251 396 enam.
2273 352 2600 395 Dracanoor.
2625 353 2768 396 mm.
2789 353 2852 394 11.
3023 339 3179 415 [747]

1803 557 1964 620 Dus.
2002 556 2083 621 ΙΙ.

919 694 1088 776 Quae
1118 715 1341 759 causae
1378 699 1697 771 excusant,
1730 700 1802 758 ut
1838 694 2067 758 liceant
2095 715 2280 776 opera
2312 694 2569 759 servilia
2603 715 2712 758 seu
2749 696 2954 760 vetita.

812 871 929 923 XV.
956 872 1102 924 Tales
1130 870 1421 938 praecipuae
1448 875 1560 923 sunt
1585 875 1802 937 septem:
1834 870 1880 920 l.
1902 867 2213 935 Dispensatio
2240 867 2488 936 Episcopi,
2521 869 2601 922 vel
2628 870 2854 922 habentis
2874 878 3164 938 potestatem

701 954 840 1021 quasi
879 955 1224 1022 episcopalem,
1252 955 1322 1008 uti
1361 954 1643 1021 Superiores
1682 952 2008 1018 Religionum,
2034 952 2133 1005 imo
2160 960 2208 1006 et
2236 953 2455 1018 Pau-oeni,
2482 955 2676 1019 quando
2712 968 2808 1007 non
2835 956 2981 1009 datur
3007 957 3165 1010 facilis

699 1055 929 1095 accessus
968 1042 1027 1093 ad
1067 1040 1381 1108 Episcopum.
1408 1043 1545 1093 Suar.
1573 1054 1616 1092 c.
1644 1040 1728 1092 33.
1751 1041 1920 1103 Laym.
1948 1052 1992 1091 c.
2026 1038 2074 1090 4.
2108 1052 2154 1091 n.
2183 1040 2232 1090 2.
2261 1040 2382 1090 Bon.
2411 1054 2456 1105 p.
2489 1041 2532 1091 l.
2562 1053 2609 1092 n.
2637 1040 2723 1091 20.

791 1158 969 1231 747.
1006 1160 1065 1226 S.
1103 1162 1287 1244 Alph.
1322 1182 1381 1226 n.
1417 1162 1567 1224 288.
1606 1160 1741 1225 fuse
1779 1159 2079 1242 disputat,
2113 1160 2253 1242 quis
2283 1160 2483 1242 possit
2518 1160 2889 1243 dispensare.
2928 1162 3059 1228 Nos
3090 1183 3163 1228 ea

704 1283 776 1328 ex
808 1263 1197 1348 generalibus
1235 1263 1549 1347 principiis
1580 1263 1715 1328 heic
1751 1263 2184 1345 supponimu83
2219 1263 2329 1326 ubi
2373 1279 2518 1326 vero
2556 1262 2631 1327 de
2676 1263 2947 1329 statibus
2979 1268 3166 1347 parti-

702 1365 1015 1429 cularibus
1050 1384 1324 1450 agemus,
1360 1364 1433 1429 de
1464 1365 1777 1448 potestate
1807 1363 2220 1447 dispensandi,
2245 1383 2403 1446 quae
2427 1363 2744 1447 Episcopis
2776 1365 2841 1429 et
2869 1365 3163 1432 Parochis

707 1471 1040 1552 competat,
1075 1468 1429 1532 disseretur.
1464 1467 1802 1532 Recolatur
1831 1484 2013 1549 porro
2054 1466 2353 1540 doctrina,
2380 1467 2545 1549 quod
2577 1467 2655 1531 ad
2685 1466 3160 1550 dispensandum

704 1592 824 1636 non
858 1571 1198 1653 requiritur
1229 1589 1416 1635 causa
1447 1572 1582 1634 tam
1612 1569 1842 1654 gravis,
1882 1589 2041 1651 quae
2078 1588 2184 1652 per
2214 1588 2279 1633 se
2310 1570 2576 1633 excuset.

804 1715 939 1767 xvl.
973 1717 1020 1766 2.
1047 1714 1392 1780 Consuetud03
1419 1727 1529 1766 nam
1569 1710 1640 1765 sic
1679 1711 1825 1764 licent
1863 1710 2105 1764 nundinae
2142 1710 2257 1764 illae
2294 1709 2342 1763 in
2384 1709 2518 1764 lestis
2558 1711 2736 1778 passim
2776 1711 2948 1765 haberi
2987 1712 3162 1768 solitae

700 1806 748 1853 et
777 1797 1175 1865 praeparationes
1202 1797 1505 1851 deliciarium
1533 1812 1628 1849 non
1655 1795 2054 1858 necessariarum,
2080 1803 2131 1848 ut
2151 1794 2486 1862 cupediarum,
2504 1796 2832 1861 placentarum
2851 1801 2902 1850 et
2925 1796 3155 1851 similium

694 1884 916 1936 ciborum
956 1882 1360 1936 artificiosorum:
1401 1882 1516 1936 item
1553 1881 1826 1948 emptiones
1864 1888 1912 1934 et
1951 1878 2256 1934 venditiones
2294 1894 2455 1933 rerum
2493 1879 2635 1946 parvi
2688 1881 2937 1935 momenti.
2975 1884 3159 1936 Bonae.

697 1970 727 2019 l.
757 1982 800 2021 c.
828 1970 999 2032 Laym.
1027 1970 1058 2020 l.
1084 1982 1129 2021 c.

785 2089 961 2163 748.
1004 2095 1094 2158 De
1141 2094 1446 2157 nundinis
1484 2096 1546 2158 et
1583 2094 1655 2158 de
1702 2095 2005 2173 emptione
2052 2112 2122 2156 ac
2169 2093 2518 2156 venditione
2563 2112 2771 2158 rerum
2809 2096 2984 2178 parvi
3022 2115 3157 2161 mo-

692 2202 905 2278 menti,
940 2201 1064 2265 iam
1098 2202 1378 2284 superius
1409 2200 1645 2266 dictum
1677 2202 1773 2265 est
1803 2221 1904 2265 nn.
1943 2202 2089 2264 743.
2124 2219 2292 2285 segg.

784 2301 1001 2382 Quoad
1035 2304 1570 2387 praeparationem
1608 2303 1967 2367 deliciarum
1998 2303 2268 2367 notanda
2303 2305 2398 2367 est
2429 2304 2728 2379 doctrina,
2764 2324 2922 2386 quae
2960 2304 3157 2369 deser-

691 2407 817 2470 viet
857 2407 1047 2471 etiam
1095 2406 1170 2470 ad
1209 2425 1301 2482 ea,
1335 2424 1491 2487 quae
1539 2405 1696 2469 infra
1745 2405 2027 2469 dicentur
2072 2405 2144 2469 de
2191 2406 2583 2470 excusatione
2631 2405 2708 2470 ob
2755 2425 3008 2471 causam
3056 2427 3155 2472 ne-

690 2509 1017 2573 cessitatis.

779 2610 1260 2695 Supponendum
1298 2613 1393 2675 est
1438 2620 1605 2695 er‘go,
1641 2613 1715 2674 ut
1762 2612 1945 2675 notat
1989 2608 2215 2675 Suarez
2261 2612 2336 2675 de
2381 2611 2591 2694 Reliy.
2631 2613 2814 2677 tract.
2851 2614 2911 2676 2.
2944 2613 3052 2677 lib.
3088 2614 3147 2677 2.

688 2735 821 2797 cap.
867 2714 969 2776 17.
1010 2732 1111 2776 nn.
1147 2714 1207 2775 4.
1260 2716 1342 2789 5.,
1391 2714 1797 2777 cessationem
1846 2713 1922 2776 ab
1970 2712 2256 2795 operibus
2303 2712 2402 2776 die
2446 2714 2604 2778 festo
2653 2714 2836 2778 aliter
2881 2716 3151 2799 praecipi

688 2815 1063 2891 christianiS,
1090 2835 1277 2896 quam
1308 2816 1763 2899 praeciperetur
1795 2815 2040 2879 Iudaeis
2072 2835 2179 2879 nec
2213 2817 2344 2879 tam
2378 2820 2615 2880 arctam
2647 2816 3145 2899 prohibitionem,

686 2937 846 2999 quae
893 2918 1262 2982 Iudaeorum
1308 2918 1430 2981 fuit
1476 2919 1744 3002 propria,
1780 2918 2133 2982 christianis
2164 2917 2299 2983 fieri
2345 2938 2416 2982 ac
2462 2919 2714 3002 proinde
2759 2920 2963 2984 multa
2995 2920 3150 2985 chri-

684 3022 905 3085 stianis
937 3022 1235 3104 permitti,
1270 3041 1427 3103 quae
1460 3022 1706 3086 Iudaeis
1753 3020 2276 3086 interdicebantur
2325 3041 2394 3086 ac
2425 3022 2668 3087 facilius
2715 3023 2963 3089 concedi
2995 3024 3150 3089 chri-

688 3124 910 3189 stianis
963 3124 1279 3188 licentiam
1334 3123 1656 3188 laborandi
1702 3123 1799 3188 die
1852 3123 2031 3187 festo,
2091 3123 2277 3188 Ratio
2332 3143 2476 3189 vero
2538 3127 2650 3201 est,
2701 3145 2890 3208 quam
2953 3126 3146 3190 tradit

684 3226 1010 3290 e.Thomas
1062 3228 1121 3290 2.
1159 3228 1217 3289 2.
1253 3245 1311 3308 q.
1351 3227 1497 3288 122.
1534 3246 1588 3289 a.
1625 3227 1685 3287 4.
1721 3225 1798 3289 ad
1836 3227 1896 3289 4.
1940 3252 1973 3283 «
2006 3224 2132 3289 Nec
2180 3226 2343 3290 enim
2388 3226 2746 3292 huiusmodi
2794 3228 3142 3294 observatio

687 3328 1224 3413 (christianorum)
1273 3331 1368 3394 est
1412 3328 1716 3413 figuraliS,
1766 3328 1929 3393 sicut
1974 3328 2094 3393 fuit
2143 3329 2491 3395 observatio
2547 3331 2795 3396 sabbati
2839 3333 2903 3397 in
2951 3334 3144 3398 veteri

681 3430 882 3515 lege...
916 3430 1075 3512 Quia
1122 3432 1324 3518 figura
1371 3432 1637 3515 pertinet
1684 3431 1762 3495 ad
1794 3432 2305 3514 protestationem
2352 3433 2658 3509 veritatiS,
2698 3454 2887 3516 quam
2924 3455 3033 3500 nec
3078 3437 3141 3500 in

678 3536 919 3602 modico
951 3538 1284 3622 praeterire
1325 3538 1569 3620 oportet
1607 3536 1740 3621 (per
1787 3537 2120 3601 sabbatum
2152 3556 2294 3601 vero
2342 3538 2922 3619 repraesentabatur
2968 3539 3140 3621 quies

686 3639 871 3723 Dei):
924 3657 1108 3723 opera
1156 3643 1366 3704 autem
1412 3639 1744 3704 secundum
1797 3658 1860 3704 se
1907 3639 2290 3704 considerata
2353 3639 2675 3705 immutari
2721 3644 2984 3724 possunt
3029 3662 3138 3726 pro

678 3740 815 3806 loco
849 3745 913 3806 et
950 3744 1225 3825 tempore
1257 3768 1317 3807 ».

767 3842 927 3908 Hinc
960 3844 1176 3908 Patres
1211 3844 1614 3929 praecipiunt,
1648 3844 2002 3909 christianis
2027 3842 2386 3920 cavendum,
2429 3863 2499 3907 ne
2548 3864 2718 3909 more
2765 3844 3138 3911 Iudaeorum

675 3943 741 4007 in
779 3943 877 4008 die
936 3946 1241 4012 dominico
1292 3948 1584 4012 otientur.
1638 3948 1733 4011 Ita
1781 3947 1844 4009 in
1894 3943 2123 4009 Concil.
2195 3945 2625 4011 Aurelianensi
2670 3947 2786 4012 III.
2837 3968 2934 4013 an.
2987 3951 3136 4014 538.

674 4064 809 4129 cap.
851 4048 955 4111 27.
1006 4051 1281 4127 notatur,
1330 4049 1632 4131 quosdam
1687 4074 1721 4106 «
1769 4046 2143 4130 persuasisse
2188 4047 2455 4130 populis,
2505 4048 2601 4113 die
2633 4048 2939 4116 dominico
2995 4072 3135 4117 cum

679 4149 936 4214 caballis
984 4155 1046 4215 et
1092 4151 1289 4216 bobus
1337 4154 1399 4215 et
1445 4150 1743 4216 vehiculis
1791 4149 2070 4213 itinerari
2107 4169 2229 4214 non
2276 4150 2510 4231 debere,
2552 4172 2748 4235 neque
2778 4155 2974 4219 ullam
3006 4176 3134 4221 rem

672 4256 752 4319 ad
800 4258 1036 4322 victum
1081 4277 1446 4343 praeparare
1470 4262 1608 4334 etc„
1635 4276 1793 4339 quae
1817 4275 1912 4320 res
1945 4256 2264 4339 (inquiunt
2285 4258 2406 4323 ΡΡ.
2434 4258 2694 4344 Synod.)
2726 4260 2803 4325 ad
2833 4261 3133 4328 Iudaeum

674 4359 901 4443 magia,
936 4381 1124 4442 quam
1174 4360 1250 4423 ad
1290 4360 1750 4424 observantiam
1781 4358 2183 4424 christianam
2222 4362 2524 4444 pertinere
2561 4363 2862 4445 probatur
2892 4389 2952 4428 ».
2987 4365 3133 4431 Pro·

673 4460 815 4525 inde
863 4482 911 4526 s.
948 4462 1286 4545 Gregorius
1333 4461 1438 4525 lib.
1480 4463 1579 4525 11.
1633 4460 1838 4541 Epist.
1883 4464 1942 4526 3.
1993 4463 2188 4537 docet,
2238 4466 2452 4528 contra
2501 4463 2686 4529 fidem
2731 4486 2880 4541 esse,
2931 4469 3133 4534 otium
