3497 5147
301 365 428 442 [560]
999 376 1083 422 AN
1121 377 1199 418 m
1235 376 1489 425 QUANDO
1525 378 1747 426 uom‘r
1786 383 2022 425 murm
2633 366 2744 421 429

298 477 488 554 c.19.‚
521 475 631 557 qui
660 473 836 540 illam
868 473 1174 539 rationem
1211 478 1497 540 accurate
1529 478 1765 544 evolvit
1795 482 1860 544 et
1890 479 2226 545 dissolvere
2251 478 2481 544 studet.
2515 478 2741 542 Faten-

297 581 430 646 dum
461 581 672 646 tamen
703 580 818 656 est,
852 578 1085 643 claram
1115 577 1279 643 haud
1310 597 1444 643 esse
1488 580 1952 663 responsionem
1983 583 2208 648 horum
2246 582 2595 656 auctorum,
2632 579 2740 660 qui

298 702 407 747 una
436 682 774 757 affirmant,
808 679 1044 745 veniale
1081 698 1211 744 esse
1249 683 1588 764 peecatum,
1638 682 1693 746 si
1739 684 1879 765 quis
1925 684 2091 749 iuret
2135 682 2450 749 facturum
2499 701 2563 747 se
2609 701 2741 746 rem

302 783 608 852 venialiter
630 784 885 862 malam,
909 784 1097 865 atque
1119 783 1385 850 mortale
1410 802 1540 849 esse
1562 786 1885 867 peecatum
1909 785 1964 849 si
1992 786 2159 853 iuret
2181 786 2496 851 facturum
2521 802 2584 848 se
2609 802 2740 847 rem

296 886 630 951 mortaliter
676 885 928 951 malam.
961 885 1126 950 Nam
1158 885 1323 968 quod
1354 905 1465 969 pro
1497 887 1688 969 priori
1723 890 1901 972 parte
1928 889 2201 966 affertur,
2245 889 2446 953 Deum
2479 905 2601 951 non
2648 886 2744 949 in-

297 989 422 1058 duei
449 991 526 1054 ut
562 988 1040 1073 approbatorem
1063 987 1344 1055 malitiae
1376 988 1481 1053 sed
1514 990 1589 1053 ut
1622 989 2126 1058 confirmatorem
2156 990 2461 1067 veritatis,
2497 988 2744 1053 videtur

297 1094 483 1163 valere
531 1094 595 1157 et
641 1110 751 1175 pro
800 1091 997 1158 altera
1043 1093 1247 1175 parte;
1299 1111 1329 1154 e
1376 1091 1685 1157 contrario
1733 1092 1900 1175 quod
1945 1113 2056 1177 pro
2091 1095 2221 1160 ‚hac
2269 1093 2542 1169 affertur,
2593 1089 2742 1174 quia

298 1213 496 1281 nempe
534 1195 643 1278 qui
677 1194 846 1258 iurat
891 1196 1290 1276 peccaturum
1336 1212 1400 1257 se
1446 1195 1815 1275 mortaliter,
1867 1198 2111 1261 tenetur
2157 1197 2272 1261 sub
2320 1194 2574 1260 mortali
2621 1211 2742 1256 non

296 1297 475 1362 faeere
513 1296 579 1362 id
608 1296 774 1380 quod
806 1296 973 1360 iurat
1011 1298 1073 1360 et
1103 1294 1195 1360 ita
1227 1295 1474 1378 perinde
1507 1298 1603 1361 est
1636 1316 1707 1363 ac
1738 1298 1792 1364 si
1829 1298 2058 1363 falsum
2094 1300 2397 1364 iurasset:
2433 1297 2562 1362 sive
2595 1293 2744 1378 quia

292 1400 490 1484 gravis
517 1400 613 1464 est
636 1398 1036 1465 irreverentia
1056 1398 1122 1466 in
1148 1399 1349 1466 Deum
1373 1399 1530 1464 velle
1553 1399 1791 1466 firmari
1813 1402 2186 1467 auctoritate
2211 1402 2328 1466 Dei
2350 1399 2741 1485 propositum

294 1502 350 1564 in
372 1502 547 1566 malo
579 1519 773 1584 eoque
803 1501 1001 1586 gravi,
1049 1500 1295 1566 videtur
1318 1501 1511 1566 etiam
1541 1501 1739 1568 facere
1771 1523 1881 1587 pro
1929 1506 2105 1586 parte
2139 1504 2359 1588 priore.
2399 1501 2646 1568 Etenim
2679 1501 2745 1563 et

292 1605 348 1667 in
376 1604 704 1689 hypothesi
741 1604 1020 1681 veniaIiS,
1067 1605 1312 1668 tenetur
1348 1604 1600 1668 tandem
1645 1606 1754 1687 qui
1803 1606 2034 1671 iuravit
2071 1625 2190 1671 non
2227 1606 2427 1670 faeere
2458 1603 2622 1686 quod
2655 1602 2744 1665 iu-

292 1709 443 1773 ravit
473 1709 540 1773 et
568 1708 660 1773 sic
689 1706 935 1789 perinde
973 1707 1093 1774 erit
1124 1726 1195 1772 ac
1226 1707 1281 1774 si
1314 1706 1543 1774 falsum
1574 1707 1870 1773 iurasset:
1918 1709 2072 1774 item
2108 1729 2218 1776 cur
2254 1726 2377 1772 non
2415 1706 2500 1771 sit
2528 1703 2744 1790 gravis

288 1810 677 1878 irreverentia
720 1809 785 1874 in
833 1810 1054 1888 Deum,
1101 1809 1479 1878 auctoritate
1527 1811 1644 1874 Dei
1703 1810 1949 1876 firmare
2003 1810 2393 1894 propositum
2439 1809 2504 1872 in
2549 1806 2739 1883 ma10,

294 1912 709 1995 quodcumque
742 1911 827 1975 sit
858 1912 1136 1976 malum?
1169 1909 1327 1976 Sane
1358 1931 1467 1977 neo
1499 1911 1629 1995 ipse
1662 1912 1888 1978 Suarez
1928 1912 2000 1978 de
2030 1913 2096 1978 vi
2133 1931 2388 1977 suarum
2419 1910 2742 1976 rationum

288 2014 617 2084 admodum
645 2016 850 2087 eertus
880 2015 1126 2082 videtur
1154 2015 1197 2079 l.
1240 2034 1291 2079 c.
1324 2035 1386 2079 n.
1441 2016 1542 2084 12.
1576 2014 1719 2080 Non
1757 2016 1852 2080 est
1883 2035 2028 2100 ergo
2078 2035 2188 2081 eur
2217 2013 2595 2098 speculative
2635 2012 2745 2075 im-

283 2117 613 2199 probemus
641 2116 1014 2186 sententiam
1049 2135 1100 2182 s.
1130 2117 1464 2200 Alphonsi:
1506 2116 1834 2188 ,fatendum
1880 2122 1977 2184 est
2022 2120 2232 2184 tamen
2276 2118 2527 2202 pariter,
2578 2113 2744 2197 quod

282 2221 591 2286 contraria
623 2221 930 2287 sententia
954 2222 1049 2286 est
1079 2221 1466 2292 communior
1497 2223 1561 2304 et
1590 2221 1936 2290 eommunis
1963 2223 2221 2287 vocatur
2260 2240 2296 2285 a
2328 2217 2554 2284 Suarez
2586 2218 2628 2281 l.
2657 2236 2741 2281 e.:

280 2323 571 2404 quocirca
604 2341 743 2392 eam
771 2323 948 2406 sequi
980 2324 1121 2388 tuto
1154 2323 1318 2394 lieet.
1346 2324 1381 2361 ’¹‘

380 2463 499 2515 XX.
526 2464 579 2516 6.
603 2460 722 2515 Item
746 2469 917 2528 peccat
943 2460 1213 2525 venialiter,
1235 2461 1317 2528 qui
1341 2461 1470 2515 iurat
1495 2462 1678 2528 aliquid
1704 2471 1871 2517 eontra
1899 2464 2101 2518 consilia
2133 2461 2448 2526 Evangeiiea:
2477 2469 2530 2514 ut
2551 2474 2732 2513 senon

270 2543 614 2683 ι’ἔξηιειιωω
650 2546 967 2613 Religionem,
1006 2560 1101 2600 non
1139 2548 1362 2601 daturum
1400 2548 1762 2614 eleemosynam
1799 2554 1881 2605 aut
1915 2554 2157 2607 mutuum.
2196 2551 2336 2605 suar.
2379 2549 2515 2602 hess.
2563 2546 2741 2599 Sancti.

349 2646 395 2684 n.
422 2633 516 2687 loe.
544 2632 634 2686 cit.

346 2733 535 2809 559.
576 2737 655 2802 Id
684 2756 736 2802 s.
776 2736 960 2821 Alph.
994 2754 1119 2802 non
1165 2735 1478 2819 improbat
1506 2739 1695 2818 atque
1725 2739 1878 2804 haee
1907 2737 2214 2807 sententia
2244 2737 2490 2803 videtur
2534 2734 2743 2799 favere

272 2839 623 2906 sententiae
658 2838 734 2905 A.
766 2839 832 2904 in
869 2838 1256 2922 praecedenti
1292 2838 1471 2903 resol.
1506 2837 1672 2903 Nam
1703 2840 1840 2905 heic
1885 2841 2020 2905 DD.
2054 2858 2312 2924 gravem
2343 2837 2743 2905 inordinatio·

262 2962 407 3009 nem
468 2962 602 3009 non
662 2942 894 3019 vident,
960 2941 1127 3023 quod
1173 2942 1341 3006 Deus
1386 2940 1711 3007 fideiussor
1760 2944 2014 3009 vocetur
2059 2943 2167 3020 rei,
2209 2961 2367 3024 quae
2416 2961 2452 3006 a
2498 2939 2742 3005 meliori

269 3048 557 3125 retrahit,
595 3045 882 3128 quamvis
913 3045 1046 3111 Deo
1083 3045 1322 3128 plaeere
1345 3063 1470 3110 non
1499 3044 1717 3128 possit,
1751 3047 1827 3110 ut
1857 3045 2078 3111 melius
2111 3045 2538 3129 postponatur,
2556 3044 2739 3107 bono.

350 3149 417 3216 S.
454 3151 742 3219 Thomas
776 3168 836 3213 a.
875 3149 934 3212 7.
969 3148 1087 3213 ait:
1122 3172 1159 3209 »
1190 3146 1257 3213 Si
1280 3147 1419 3231 quis
1446 3149 1615 3215 iurat
1638 3168 1703 3213 se
1735 3167 1858 3219 uon
1888 3148 2203 3213 facturum
2242 3145 2494 3228 aliquod
2519 3144 2741 3211 melius

265 3251 525 3332 bonum,
578 3250 749 3335 quod
795 3253 1004 3316 tamen
1050 3248 1247 3315 faeere
1311 3269 1432 3315 non
1479 3252 1746 3327 tenetur,
1796 3251 2008 3333 peccat
2054 3249 2303 3331 quidem
2350 3247 2629 3323 iurand0‚
2679 3245 2743 3313 in

262 3358 588 3437 quantum
636 3353 815 3437 ponit
862 3353 1097 3419 obicem
1143 3350 1405 3435 Spiritui
1436 3351 1683 3430 Sancto,
1732 3353 1841 3434 qui
1887 3354 1982 3418 est
2027 3352 2174 3417 boni
2218 3351 2522 3434 propositi
2559 3350 2745 3432 inspi-

262 3461 460 3538 rator,
502 3477 640 3524 non
669 3458 877 3521 tamen
909 3457 1122 3540 peceat
1152 3456 1503 3523 iuramenta
1534 3454 1864 3532 servand03
1914 3454 2018 3519 sed
2065 3454 2267 3519 multo
2301 3454 2523 3518 melius
2570 3453 2739 3531 facit,

252 3562 311 3625 si
360 3581 493 3627 non
530 3562 755 3626 servat
782 3585 847 3624 a».

347 3662 542 3744 Quod
585 3661 740 3727 dicit
766 3661 843 3726 A.
893 3660 966 3725 de
996 3662 1218 3733 mutuo
1251 3659 1552 3745 negando,
1594 3659 1803 3742 potest
1832 3658 1896 3723 id
1925 3658 2258 3727 fierireeta
2289 3656 2529 3723 ratione
2561 3658 2624 3721 et
2656 3656 2743 3721 sie

256 3766 480 3832 aboese
496 3822 499 3823 γ
518 3764 731 3831 omnis
754 3764 957 3847 eulpa.

358 3913 600 3968 xx1.⁴7.
631 3912 775 3979 Quod
799 3912 861 3963 ad
889 3907 1140 3963 veritatem
1165 3914 1375 3975 spectat:
1404 3924 1515 3963 cum
1542 3912 1662 3962 haec
1693 3909 1849 3974 deest,
1877 3914 2105 3973 peccatur
2134 3905 2438 3973 mortalitem
2465 3905 2576 3973 quin
2601 3922 2736 3960 com-

258 3997 474 4051 mittitur
499 3996 685 4063 gravis
707 3995 757 4049 in
780 3997 935 4049 Deum
960 3992 1300 4061 irreverentia,
1321 3993 1499 4061 quippe
1525 4008 1637 4047 eum
1663 3994 1936 4046 adducatur
1955 3990 2207 4046 inuestem
2231 3991 2474 4056 salsitatiS,
2499 3991 2640 4057 quasi
2662 3995 2740 4044 vel

240 4079 989 4148 ipae..verimtem.nomiat.vel
1012 4077 1133 4138 velit
1169 4084 1253 4133 aut
1290 4078 1447 4145 possit
1482 4077 1711 4145 denipere
1738 4078 1960 4135 testando
1990 4080 2179 4135 falsum.
2210 4078 2308 4131 Nee
2336 4074 2416 4130 hic
2445 4082 2647 4129 excusat
2676 4079 2741 4127 le·

253 4166 385 4223 vitae
406 4162 696 4230 materiam
722 4163 849 4229 quia,
876 4162 983 4216 sive
1018 4166 1140 4217 haee
1166 4162 1230 4217 sit
1252 4162 1421 4228 gravis
1452 4162 1563 4217 sive
1587 4161 1730 4225 levis,
1759 4162 1888 4217 seria
1927 4160 2032 4216 sive
2058 4161 2241 4224 iocosa,
2269 4158 2538 4225 aequaliter
2585 4165 2742 4211 tamen

250 4257 500 4318 repugnat
524 4251 648 4304 Deo
670 4247 919 4303 testificari
938 4249 1127 4310 falsum,
1151 4253 1200 4301 et
1219 4251 1313 4301 tale
1334 4247 1656 4301 iuramentum
1678 4246 1870 4300 dieitur.
1895 4244 2166 4299 periurium
2189 4261 2228 4298 s.
2250 4247 2427 4297 Thom.
2451 4245 2498 4294 2.
2524 4246 2573 4294 2.
2594 4241 2743 4306 (1.79.

250 4337 362 4389 a.7.
386 4339 540 4390 Less,
574 4335 760 4387 Sancti.
787 4335 906 4387 Bon.
936 4336 966 4385 Ι.
992 4347 1036 4386 c.
1064 4332 1193 4385 'Hac
1223 4334 1284 4386 de
1312 4347 1365 4386 re
1388 4334 1496 4397 lege
1524 4334 1668 4398 Prop.
1700 4332 1785 4386 24.
1812 4329 1941 4385 inter
1965 4333 2218 4384 damnatas
2245 4332 2304 4381 ab
2339 4330 2502 4381 innoc.
2525 4324 2645 4379 XL*
2668 4330 2743 4380 An

254 4429 416 4477 autem
445 4429 502 4475 et
532 4420 743 4486 quando
768 4417 1037 4484 periurium
1068 4416 1221 4483 possit
1250 4431 1358 4470 esse
1386 4417 1577 4469 veniale
1614 4430 1699 4483 per
1726 4415 1965 4479 eccidenS,
1992 4414 2093 4468 vid.
2122 4415 2302 4467 Escob.
2329 4420 2365 4465 t.
2396 4415 2443 4464 ⁴.
2470 4428 2514 4465 e.
2541 4415 2588 4464 3.
2617 4427 2664 4464 n.
2693 4414 2742 4463 6.

340 4531 535 4607 560.
567 4531 930 4614 Propositio
956 4530 1251 4595 damnata
1290 4532 1396 4595 24.
1423 4528 1768 4593 Innocentii
1799 4528 1908 4591 XI.
1940 4528 2029 4591 sie
2051 4529 2173 4591 est:
2208 4549 2244 4584 «
2267 4524 2506 4589 Vocare
2541 4526 2739 4587 Deum

252 4639 315 4705 in
347 4642 603 4705 testem
638 4634 941 4699 mendacii
970 4633 1124 4697 levis
1155 4652 1276 4697 non
1309 4632 1403 4696 est
1434 4631 1613 4695 tanta
1644 4630 2062 4707 irreverentia,
2089 4629 2340 4712 propter
2370 4644 2560 4708 quam
2592 4625 2744 4689 velit
