3497 5147
322 367 461 444 [172]
948 380 1035 420 11111
1068 378 1217 421 omo
1253 380 1330 418 m·
1365 378 1738 420 mnam-tonna
1777 380 2157 422 mancorum
2686 366 2789 423 127

326 478 695 562 antipathia,
735 495 807 542 ex
845 477 1119 560 apathia,
1162 495 1235 541 ex
1279 475 1638 541 diversitate
1685 476 1931 555 indolis,
1981 477 2352 543 conditionis
2390 478 2622 563 gradus
2670 481 2787 545 etc.

327 581 629 648 omittunt
674 578 982 662 quaedam
1028 579 1207 664 signa
1253 578 1714 644 benevolentiae
1753 580 1869 643 etc.
1905 580 1969 643 et
1999 599 2124 644 uno
2156 580 2343 644 verbo
2374 581 2598 646 nolunt
2629 601 2793 647 com-

325 677 618 748 mercium
665 700 811 747 cum
855 681 983 745 illis
1030 680 1274 760 habere,
1322 681 1470 745 licet
1515 681 1721 764 parati
1768 681 1913 759 sint,
1955 682 2065 746 ubi
2109 683 2443 748 necessitas
2490 684 2788 765 postulet,

325 785 603 854 caritatis
637 783 913 851 officium
951 802 1074 850 non
1106 802 1353 868 negare.

411 885 543 959 171.
577 885 740 952 Cum
774 889 993 952 auctor
1024 887 1372 951 doctrinam
1403 886 1672 969 appellet
1701 905 1752 950 s.
1794 887 2089 960 Thomae,
2125 906 2263 952 eam
2295 887 2430 952 heic
2459 889 2611 952 nota
2637 890 2700 954 2.
2726 890 2789 955 2.

324 1012 378 1074 q.
419 991 524 1055 25.
552 992 672 1054 art.
708 989 799 1054 9.:
841 1013 877 1049 <
910 989 1252 1053 Dicendum
1285 987 1449 1070 quod
1482 989 1733 1053 effectus
1766 992 1829 1053 et
1861 990 2041 1074 signa
2072 989 2357 1054 caritatis
2395 1009 2467 1054 ex
2505 990 2790 1055 interiori

322 1093 644 1158 dilectione
674 1091 1018 1175 procedunt
1054 1092 1117 1155 et
1151 1091 1213 1154 ei
1236 1091 1819 1170 proportionantur.
1862 1091 2128 1157 Dilectio
2169 1092 2381 1156 autem
2419 1091 2680 1157 interior
2713 1092 2790 1156 ad
2896 1171 2900 1176 ‚

321 1195 639 1260 inimicum
685 1195 759 1257 in
793 1193 1106 1257 communi
1135 1193 1384 1275 quidem
1415 1193 1511 1257 est
1540 1193 1613 1257 (16
1652 1194 2019 1259 necessitate
2066 1194 2395 1277 praecepti,
2430 1195 2501 1257 in
2530 1192 2792 1273 speciali

324 1301 532 1363 autem
562 1316 686 1363 non
720 1296 1025 1372 absolute,
1059 1296 1166 1361 sed
1198 1296 1535 1361 secundum
1566 1298 2101 1380 praeparationem
2136 1297 2331 1362 animi
2364 1321 2424 1361 ».

413 1426 450 1460 ‹
480 1399 582 1466 Sic
628 1418 775 1484 ergo
822 1398 1149 1463 dicendum
1195 1398 1290 1463 est
1335 1399 1660 1466 deeffectu
1698 1403 1762 1464 et
1793 1401 1974 1484 signo
2006 1400 2354 1465 dilectionis
2393 1401 2661 1465 exterius
2693 1419 2791 1465 ex-

321 1503 601 1568 hibendo.
658 1500 820 1566 Sunt
874 1501 1039 1565 enim
1093 1500 1400 1583 quaedam
1460 1501 1639 1585 signa
1703 1502 1803 1566 vel
1863 1502 2156 1567 beneficia
2212 1502 2579 1578 dilectioniS‚
2628 1520 2789 1583 quae

321 1605 683 1669 exhibentur
727 1603 1024 1686 proximis
1068 1604 1141 1666 in
1177 1604 1505 1679 communi,
1541 1606 1695 1686 puta
1727 1623 1871 1668 cum
1919 1604 2146 1685 aliquis
2181 1604 2321 1668 orat
2351 1623 2460 1686 pro
2502 1604 2788 1669 omnibus

319 1706 601 1771 fidelibus
647 1705 746 1770 vel
791 1724 903 1790 pro
950 1705 1087 1770 toto
1136 1705 1389 1788 populo,
1440 1705 1554 1769 aut
1600 1725 1743 1770 cum
1792 1706 2046 1787 aliquod
2092 1705 2456 1771 beneficium
2486 1704 2792 1788 impendit

325 1809 549 1890 aliquis
569 1807 693 1872 toti
721 1807 1160 1874 communitati
1184 1807 1248 1871 et
1279 1806 1434 1870 talia
1469 1807 1761 1871 beneficia
1793 1809 1893 1871 vel
1925 1808 2271 1872 dilectionis
2306 1808 2486 1892 signa
2518 1807 2787 1872 inimicis

323 1910 606 1974 exhibere
635 1909 728 1974 est
755 1909 829 1974 de
852 1909 1222 1974 necessitate
1253 1909 1584 1991 praecepti.
1613 1908 1680 1974 Si
1701 1910 1866 1974 enim
1893 1929 2012 1974 non
2039 1910 2469 1975 exhiberentur
2497 1909 2785 1989 inimicia,

318 2013 437 2078 hoc
481 2012 814 2096 pertineret
844 2012 923 2075 ad
952 2011 1211 2077 livorem
1243 2011 1552 2076 vindictae
1582 2037 1645 2077 ».

410 2139 448 2173 ‹
477 2114 628 2178 Alia
656 2132 800 2178 vero
849 2115 998 2178 sunt
1042 2113 1335 2178 beneficia
1384 2114 1481 2178 vel
1527 2113 1877 2180 dilectionis
1923 2116 2121 2201 signa,
2162 2134 2321 2198 quae
2354 2116 2493 2198 quis
2541 2115 2789 2179 exhibet

300 2216 790 2300 particulariter
836 2216 1149 2297 aliquibus
1180 2217 1457 2299 personis
1490 2219 1553 2282 et
1585 2219 1740 2281 talia
1774 2218 2065 2284 beneficia
2098 2219 2199 2284 vel
2231 2219 2579 2284 dilectionis
2610 2219 2789 2302 signa

310 2320 580 2385 inimicis
613 2318 894 2384 exhibere
927 2337 1049 2384 non
1083 2319 1179 2382 est
1209 2317 1283 2382 de
1313 2319 1680 2384 necessitate
1719 2322 2029 2402 praecepti
2076 2321 2197 2385 nisi
2244 2320 2579 2386 secundum
2612 2338 2786 2403 prae-

309 2422 707 2505 parationem
753 2420 964 2496 animi‚
1014 2422 1087 2484 ut
1134 2420 1369 2485 scilicet
1406 2421 1814 2486 subveniatur
1845 2422 1932 2486 eis
1965 2422 2028 2486 in
2062 2422 2327 2487 articulo
2376 2422 2784 2501 necessitatis,

308 2525 650 2591 secundum
681 2522 840 2589 illud
870 2523 1053 2588 ProV.
1083 2523 1281 2587 XXV.
1311 2524 1445 2587 21.;
1482 2521 1558 2588 Si
1579 2525 1876 2588 esurierit
1895 2525 2190 2590 inimicus
2217 2527 2380 2599 tuus,
2413 2523 2553 2589 σῶα
2581 2522 2784 2603 illum,

306 2630 369 2693 si
393 2630 552 2703 siut,
597 2626 685 2692 da
721 2626 827 2691 illi
848 2631 1068 2707 potum
1099 2653 1161 2691 ».

402 2756 440 2790 ‹
469 2730 595 2796 Sed
619 2729 785 2812 quod
811 2730 1056 2812 praeter
1080 2729 1420 2794 articulum
1445 2730 1832 2796 necessitatis
1857 2730 2217 2797 huiusmodi
2240 2731 2532 2796 beneficia
2559 2731 2786 2813 aliquis

305 2833 579 2899 inimicis
621 2832 928 2906 exhibeat,
969 2832 1237 2914 pertinet
1269 2831 1347 2896 ad
1379 2831 1813 2914 perfectionem
1848 2834 2149 2911 caritatis,
2185 2853 2293 2917 per
2323 2854 2513 2916 quam
2561 2835 2787 2917 aliquis

304 2956 425 3002 non
460 2938 678 3003 solum
709 2937 890 3000 cavet
920 2934 1086 2999 vinci
1115 2954 1152 2999 a
1197 2935 1387 3012 malo,
1421 2934 1526 2998 sed
1564 2935 1755 2998 etiam
1793 2936 1933 2999 vult
1964 2936 2026 2998 in
2060 2936 2220 3002 bono
2253 2938 2495 3001 vincere
2526 2937 2785 3014 malum,

302 3040 468 3122 quod
502 3041 611 3105 est
657 3038 851 3102 etiam
887 3037 1313 3120 perfectionis3
1349 3036 1499 3100 dum
1532 3037 1768 3102 scilicet
1798 3056 1921 3101 non
1952 3038 2161 3103 solum
2191 3040 2370 3103 cavet
2401 3040 2652 3122 propter
2696 3040 2788 3103 in-

298 3144 532 3209 iuriam
567 3141 694 3207 sibi
725 3140 971 3205 illatam
1004 3139 1283 3222 pertrahi
1321 3139 1398 3204 ad
1438 3139 1668 3217 odium,
1705 3139 1809 3203 sed
1836 3141 2029 3204 etiam
2060 3143 2311 3224 propter
2343 3160 2457 3205 sua
2489 3140 2786 3207 beneficia

297 3245 576 3311 intendit
611 3244 934 3308 inimicum
966 3242 1320 3326 pertrahere
1353 3241 1430 3305 ad
1461 3260 1648 3306 suum
1681 3260 1957 3306 amorem
1983 3267 2043 3305 ».

388 3344 550 3419 172.
588 3345 886 3412 Notanda
933 3345 998 3409 et
1043 3344 1168 3407 alia
1217 3344 1517 3428 principia
1562 3364 1612 3408 S.
1649 3344 1942 3409 Thomae.
1985 3343 2147 3409 Nam
2181 3345 2242 3408 3.
2278 3344 2422 3409 dist.
2458 3345 2564 3408 30.
2615 3365 2672 3427 q.
2728 3346 2784 3408 1.

297 3454 414 3515 art.
453 3453 518 3515 2.
562 3447 650 3514 ad
683 3448 1110 3523 obiectionem,
1160 3446 1325 3528 quod
1361 3449 1646 3512 tenemur
1691 3446 2043 3511 benefacere
2091 3447 2376 3523 inimiciS,
2421 3446 2582 3510 inter
2613 3447 2789 3511 bene-

297 3555 433 3619 ficia
485 3552 714 3617 autem
759 3551 909 3614 sunt
955 3549 1135 3633 signa
1169 3549 1500 3624 amicitiae,
1537 3547 1867 3631 respondet
1898 3548 1976 3611 ad
2013 3549 2107 3612 1..
2156 3547 2529 3612 «Beneficia
2564 3548 2789 3612 amica-

298 3656 448 3720 bilia
482 3652 838 3740 procedunt
874 3672 945 3717 ex
976 3651 1375 3725 liberalitate,
1424 3669 1546 3714 non
1580 3669 1653 3713 er
1683 3650 1927 3714 debito:
1976 3651 2339 3715 Necessitas
2383 3654 2593 3713 autem
2635 3648 2794 3729 facit

297 3760 516 3822 omnia
563 3754 962 3820 communia:
999 3754 1063 3818 et
1092 3753 1281 3818 ideo
1265 3771 1328 3817 in
1361 3752 1727 3817 necessitate
1758 3751 2244 3817 subveniendum
2291 3753 2387 3818 est
2433 3754 2623 3818 etiam
2669 3754 2789 3818 ini-

297 3861 497 3925 micis.
536 3857 664 3923 Sed
688 3856 792 3921 hic
813 3858 909 3921 est
940 3855 1141 3939 magis
1175 3855 1433 3920 effectus
1464 3854 1767 3929 iustitiae,
1802 3873 1991 3935 quam
2024 3855 2336 3920 amicitiae
2361 3880 2421 3919 ».

381 3964 557 4028 Item
593 3961 675 4024 ad
726 3959 1153 4036 obiectionem,
1188 3957 1354 4039 quod
1391 3957 1593 4021 oratio
1627 3976 1690 4023 se
1722 3957 1998 4022 extendit
2030 3958 2103 4023 ad
2147 3977 2356 4023 omnes
2396 3961 2458 4023 et
2490 3960 2628 4025 ideo
2661 3959 2785 4024 alia

297 4064 494 4130 etiam
514 4060 821 4128 beneficia
841 4060 1130 4126 omnibus
1161 4060 1313 4125 sunt
1341 4059 1729 4144 porrigenda,
1770 4061 2098 4143 respondet
2120 4060 2266 4126 ibid.
2295 4060 2373 4125 ad
2400 4063 2490 4125 2.:
2518 4086 2553 4120 ‹
2570 4061 2785 4127 Oratio

296 4170 390 4232 est
419 4167 500 4231 de
533 4166 644 4230 his
673 4164 871 4239 bonis„
915 4181 1074 4245 quae
1107 4162 1419 4245 pertinent
1450 4162 1526 4226 ad
1561 4163 2186 4227 communicationem
2218 4164 2385 4227 vitae
2419 4162 2783 4246 spiritualis,

297 4289 492 4352 quam
526 4264 768 4333 caritas
801 4263 1227 4348 principaliter
1257 4263 1523 4330 intendit
1554 4266 1618 4329 et
1647 4264 1786 4330 ideo
1818 4285 1942 4329 non
1974 4267 2070 4329 est
2115 4265 2317 4329 simile
2363 4264 2436 4330 de
2469 4266 2584 4329 hoc
2617 4267 2679 4330 et
2710 4266 2784 4330 de

298 4372 440 4436 aliis
472 4367 855 4453 (beneficiis)
893 4392 956 4431 ι».

381 4476 554 4538 Item
598 4469 682 4534 ad
715 4467 1141 4546 obiectionem,
1198 4468 1364 4550 quod
1403 4469 1700 4534 simulata
1734 4472 1830 4534 est
1856 4469 2130 4544 dilecti0‚
2166 4487 2324 4550 quae
2354 4487 2478 4532 non
2509 4467 2785 4551 procedit

296 4576 374 4639 ad
407 4592 596 4659 opuS‚
648 4570 979 4654 respondet
1020 4570 1170 4635 ibid.
1225 4569 1303 4634 ad
1335 4572 1433 4635 3.:
1477 4596 1513 4629 ‹<
1544 4570 1685 4636 Non
1732 4576 1828 4636 est
1873 4571 2172 4636 simulata
2219 4571 2488 4647 dilecti0‚
2538 4570 2782 4653 quando

301 4679 565 4742 tantum
600 4672 927 4737 exhibetur
955 4672 1022 4736 in
1057 4690 1259 4756 opere,
1300 4674 1606 4754 quantum
1638 4673 1906 4737 habetur
1936 4673 1998 4736 in
2034 4673 2258 4736 affectu
2290 4699 2348 4736 ».
