3497 5147
394 357 541 434 [822]
880 371 965 411 An
1002 370 1154 419 Qun)
1189 369 1559 413 mannam-run
1595 370 1808 410 unnim
1845 369 2012 412 naen
2050 372 2367 414 PARENTES
2747 362 2856 418 605

394 470 662 554 oportet,
710 470 785 532 ut
831 468 1115 551 parentes
1161 485 1444 550 expresso
1499 468 1564 531 et
1617 467 1777 531 serio
1823 470 2149 552 praecepto
2203 469 2265 535 id
2319 469 2594 546 iubeant,
2642 473 2718 536 ut
2766 474 2860 538 ait

395 591 444 636 s,
477 571 664 654 Alph.
688 590 751 634 n.
785 569 968 633 335.:
1008 586 1203 641 secus,
1237 568 1291 632 si
1322 570 1528 633 solum
1552 571 1867 646 moneant,
1901 571 2248 651 hortentur,
2279 572 2512 637 aientes
2538 592 2589 637 e.
2617 594 2709 658 gr.
2738 575 2857 639 sibi

394 674 652 757 placere,
702 689 828 736 non
872 671 1100 747 decere,
1150 689 1271 735 non
1320 670 1618 754 expedire,
1666 671 1831 736 haud
1882 675 2209 738 censentur
2255 674 2414 739 velle
2464 675 2741 760 obligare
2789 695 2860 740 ex

398 775 792 850 auctoritate,
826 792 1017 855 quam
1049 773 1298 837 habent.

485 875 546 942 S.
586 876 772 959 Alph.
806 874 954 940 ibid.
987 874 1177 938 refert
1212 892 1283 938 ex
1332 872 1556 957 Sporer
1591 876 1657 940 et
1685 875 1882 953 Elbel,
1916 877 2067 959 quin
2100 877 2429 961 improbet,
2471 881 2622 945 tunc
2657 881 2859 946 filium

394 979 672 1064 graviter
702 996 972 1061 peccare,
1005 994 1148 1041 cum
1180 976 1486 1041 ordinarie
1523 979 1921 1060 praeceptum
1959 979 2433 1063 transgreditur,
2467 1001 2589 1046 non
2624 985 2859 1060 autem,

396 1081 450 1146 si
482 1079 813 1161 aliquoties
837 1096 910 1143 ex
932 1077 1332 1162 negligentia.
1360 1075 1537 1157 Quod
1561 1078 1810 1159 quidem
1834 1081 2081 1163 proprie
2105 1081 2330 1146 habere
2360 1083 2568 1147 locum
2593 1083 2858 1159 videtur,

397 1199 540 1246 cum
566 1181 777 1266 agitur
808 1179 881 1245 de
910 1182 1257 1263 praecepto,
1291 1179 1458 1262 quod
1491 1180 1569 1243 ad
1600 1181 1809 1263 plures
1842 1182 2019 1246 actus
2056 1183 2433 1249 successivos
2468 1202 2534 1249 se
2566 1185 2860 1250 extendit.

488 1285 524 1322 *
556 1282 716 1348 Cum
737 1282 906 1348 filius
938 1284 1156 1347 contra
1182 1281 1595 1347 obedientiam
1624 1282 1987 1366 parentibus
2019 1283 2293 1349 debitam
2326 1285 2605 1369 graviter
2627 1288 2860 1370 peccat,

396 1390 720 1472 peccatum
743 1387 838 1451 est
861 1385 1143 1469 speciale,
1184 1385 1247 1450 in
1281 1384 1660 1451 confessione
1684 1387 2101 1470 aperiendum,
2131 1388 2222 1452 ait
2255 1406 2303 1452 s,
2329 1389 2514 1473 Alph.
2549 1390 2591 1453 l.
2626 1410 2677 1453 c.
2706 1389 2863 1455 Sane

398 1491 451 1554 si
483 1508 599 1565 ree,
639 1507 830 1572 quam
862 1487 1251 1571 praecipiunt
1281 1489 1585 1570 parenteS,
1613 1487 1697 1552 sit
1727 1506 1825 1553 res
1856 1508 1979 1553 non
2014 1489 2138 1553 alia
2160 1490 2298 1574 lege
2329 1493 2675 1574 praecepta,
2704 1510 2864 1574 quae

399 1594 607 1657 tamen
639 1590 903 1656 materia
950 1590 1161 1674 gravis
1209 1608 1340 1654 esse
1370 1590 1596 1673 potest,
1636 1610 1778 1654 cum
1811 1591 1974 1655 ratio
2007 1592 2243 1675 peccati
2278 1593 2414 1657 tota
2447 1593 2532 1658 sit
2562 1592 2625 1657 in
2665 1593 2863 1658 viola-

399 1694 567 1760 tione
591 1692 921 1776 praecepti,
948 1692 1101 1756 haec
1130 1691 1390 1756 violatio
1423 1693 1518 1756 est
1541 1691 1605 1756 in
1629 1692 2009 1758 confessione
2042 1694 2389 1777 aperienda.
2424 1693 2490 1760 Si
2527 1714 2671 1761 vero
2698 1696 2862 1778 quod

399 1797 789 1880 praecipiunt
814 1796 1122 1877 parentes,
1161 1795 1290 1858 iam
1323 1795 1419 1858 est
1465 1794 1590 1859 alia
1625 1795 1763 1879 lege
1795 1795 1892 1860 vel
1940 1797 2216 1861 naturali
2255 1797 2353 1861 vel
2390 1793 2600 1862 divina
2636 1799 2736 1862 vel
2773 1817 2865 1863 ec-

401 1898 747 1964 clesiastica
774 1899 1173 1980 praeceptum
1204 1898 1271 1960 et
1299 1915 1335 1960 a
1366 1896 1726 1978 parentibus
1773 1898 1889 1962 sub
1919 1898 2134 1962 eodem
2180 1900 2419 1965 motivo
2464 1900 2860 1982 praecipitur,

403 2019 527 2083 quo
552 2001 631 2065 ab
654 2000 794 2064 aliis
811 1999 1053 2084 legibus
1073 2021 1089 2063 τ
1106 2002 1259 2063 tunc
1288 1999 1451 2064 forte
1482 2000 1581 2063 est
1608 1998 2136 2084 distinguendum.
2162 2000 2327 2066 Nam
2360 2002 2414 2066 si
2446 2002 2864 2067 inobedientia

401 2103 515 2168 filii
561 2122 710 2188 erga
753 2103 1037 2184 parentes
1082 2102 1180 2167 est
1222 2100 1533 2183 formalis,
1581 2102 1850 2166 habetur
1893 2104 2059 2167 certe
2105 2104 2368 2187 speciale
2412 2107 2774 2186 peccatum:
2811 2106 2862 2168 si

403 2208 615 2271 autem
646 2206 741 2270 est
769 2207 1021 2270 tantum
1066 2203 1430 2280 materialia
1466 2203 1703 2268 sufficit
1743 2206 2069 2287 peccatum
2097 2205 2304 2287 ipsum
2337 2205 2680 2271 admissum
2726 2226 2868 2271 con-

399 2306 561 2374 fiteri
580 2356 595 2385 ‚
631 2325 776 2372 nam
806 2323 929 2372 non
966 2305 1467 2388 multiplicantur
1497 2307 1752 2388 peccata
1788 2323 1860 2372 eo
1894 2306 2060 2388 quod
2085 2309 2262 2372 actus
2293 2309 2380 2372 sit
2409 2308 2627 2373 contra
2657 2308 2864 2390 plures

402 2411 571 2496 leges
603 2412 703 2474 vel
740 2411 1085 2494 praecepta,
1121 2427 1279 2492 quae
1313 2429 1384 2474 ex
1415 2409 1628 2474 eodem
1659 2409 1899 2474 motivo
1933 2410 2235 2474 feruntur.

488 2513 706 2580 Monet
737 2531 786 2578 s.
821 2512 1095 2577 Thomas
1128 2513 1188 2575 2.
1225 2513 1286 2575 2.
1319 2529 1378 2594 q.
1419 2512 1565 2577 105.
1618 2529 1673 2577 a.
1715 2513 1777 2576 2.
1827 2513 1992 2595 qnod
2031 2537 2068 2570 «
2098 2513 2535 2591 inobedientia,
2570 2532 2694 2596 qua
2725 2534 2865 2581 con·
2908 2535 2914 2540 ·

405 2617 706 2682 temnitur
735 2617 1131 2698 praeceptum
1154 2615 1446 2692 hominiS,
1478 2616 1675 2680 levior
1706 2617 1805 2681 est
1833 2617 2105 2697 peccato,
2131 2634 2256 2699 quo
2286 2618 2706 2682 contemnitur
2733 2619 2866 2701 ipse

401 2720 815 2804 praecipiens3
850 2717 1000 2801 quia
1022 2737 1095 2782 ex
1124 2718 1470 2782 reverentia
1505 2718 1938 2802 praecipientis
1967 2721 2290 2801 procedere
2313 2721 2493 2786 debet
2520 2723 2864 2788 reverentia

400 2823 713 2908 praecepti
735 2848 798 2887 ».
832 2822 906 2886 In
932 2824 1198 2904 utroque
1228 2822 1590 2904 contemptu
1615 2822 1710 2885 est
1730 2821 2151 2887 inobedientia
2180 2824 2461 2891 formalis
2485 2824 2591 2889 sed
2615 2826 2869 2909 gravior

404 2930 518 3007 est,
553 2929 606 2993 si
636 2928 767 3011 ipse
798 2926 1178 3011 praecipiens
1209 2926 1662 2991 contemnatur.
1689 2924 1827 3005 Qua
1857 2924 1932 2990 de
1968 2946 2038 2990 re
2070 2927 2222 2991 haec
2257 2928 2448 2992 habet
2468 2927 2719 2993 Lessius
2742 2929 2784 2993 1.
2812 2948 2863 2992 c.

402 3049 463 3093 n.
504 3031 610 3094 45.
651 3055 685 3087 «
719 3027 1249 3094 Considerandum
1297 3029 1411 3105 est,
1460 3026 1771 3110 quomodo
1804 3028 2084 3111 superior
2118 3031 2572 3094 contemnatur.
2606 3029 2672 3094 Si
2703 3031 2867 3095 enim

402 3136 760 3198 contemnas
790 3132 993 3214 ipsam
1023 3132 1419 3215 potestatem,
1462 3130 1761 3213 tanquam
1797 3131 2034 3196 nullius
2053 3133 2355 3197 momenti
2392 3132 2493 3197 vel
2521 3132 2725 3214 ipsum
2762 3133 2870 3198 ho-

401 3235 633 3300 minem
665 3233 885 3316 (etiam
918 3234 997 3297 ob
1029 3232 1218 3297 aliam
1257 3234 1540 3316 causam)
1571 3233 1662 3296 ita
1707 3233 1781 3296 ut
1830 3233 2116 3298 absolute
2148 3234 2311 3300 nolis
2345 3233 2444 3299 illi
2480 3252 2711 3316 parere,
2751 3235 2872 3299 erit

403 3338 725 3421 peccatum
769 3336 1055 3400 mortale.
1105 3332 1170 3398 Si
1218 3336 1430 3398 autem
1475 3351 1598 3399 non
1645 3337 2004 3399 contemnas
2051 3337 2427 3418 potestatem
2473 3354 2583 3400 nec
2628 3355 2870 3401 recuses

404 3438 710 3523 parere‘iu
742 3437 925 3501 rebus
948 3435 1204 3500 maioris
1234 3435 1554 3513 momenti,
1589 3435 1836 3499 etiamsi
1866 3438 2228 3501 contemnas
2255 3454 2582 3519 personam
2615 3437 2692 3500 ob
2717 3436 2874 3502 defe-

405 3543 577 3607 ctum
614 3538 997 3614 eruditionis,
1030 3537 1413 3621 prudentiae,
1459 3536 1810 3602 nobilitatis
1850 3538 1963 3602 etc.
2015 3538 2078 3601 et
2124 3554 2195 3601 ex
2224 3539 2341 3602 hoc
2372 3539 2732 3619 contemptu
2764 3537 2875 3601 ali-

406 3642 572 3725 quod
608 3640 1005 3725 praeceptum
1037 3640 1170 3704 eius
1201 3639 1266 3703 in
1297 3657 1362 3703 re
1392 3638 1516 3703 levi
1547 3638 1761 3716 violes,
1795 3637 1957 3703 forte
1987 3656 2111 3703 non
2136 3640 2256 3704 erit
2284 3638 2552 3703 mortale
2584 3662 2647 3702 ».

495 3743 705 3820 Vides,
743 3744 957 3819 lector,
991 3759 1106 3807 nos
1137 3741 1273 3806 heic
1301 3740 1607 3823 quaedam
1640 3740 1987 3825 generatim
2024 3740 2098 3804 de
2130 3740 2482 3805 obedientia
2510 3739 2873 3816 tradidisse;

408 3846 557 3931 quia
589 3847 784 3911 alium
822 3844 1329 3929 opportuniorem
1358 3845 1567 3910 locum
1598 3843 1661 3908 in
1693 3843 1770 3909 A.
1803 3861 1927 3909 non
1959 3843 2320 3929 reperimus.
2351 3844 2392 3884 ’¹‘

515 3983 580 4036 V.
604 3984 651 4037 4.
680 3985 898 4037 Tenetur
934 3985 1098 4047 proles
1125 3985 1257 4036 alere
1296 3988 1524 4049 parentes
1562 3988 1776 4047 egenteS,
1804 3982 1927 4035 adeo
1969 3987 2038 4045 nt,
2066 3979 2107 4035 si
2142 3979 2192 4034 in
2231 3980 2372 4047 gravi
2409 3979 2701 4036 necessitate
2733 3981 2877 4035 aliter

407 4065 570 4122 iuvari
607 4081 705 4120 non
738 4065 944 4133 possint,
974 4072 1196 4120 teneatur
1234 4081 1430 4121 manere
1468 4065 1517 4120 in
1556 4068 1723 4121 seculo
1747 4063 1865 4128 (nisi
1890 4072 2048 4119 tamen
2083 4064 2132 4119 in
2167 4068 2263 4120 hoc
2299 4065 2374 4120 1111
2410 4073 2599 4120 certum
2627 4067 2701 4118 vel
2741 4073 2873 4118 certe

408 4154 552 4208 valde
589 4149 845 4220 probabile
884 4149 1156 4218 periculum
1195 4151 1370 4206 salutis
1411 4150 1708 4217 immineret)
1754 4157 1804 4206 et
1857 4149 1898 4203 si
1937 4147 2220 4213 religionem
2265 4149 2330 4204 sit
2366 4150 2634 4215 ingressae,
2677 4155 2869 4202 tenetur

408 4234 574 4303 egredi
613 4244 662 4290 et
701 4234 875 4289 iuvare
915 4242 1159 4302 parentes,
1190 4236 1453 4289 dummodo
1492 4250 1665 4289 eorum
1706 4235 1973 4291 necessitas
2011 4234 2116 4289 eius
2153 4233 2511 4301 professionem
2537 4233 2874 4288 antecesserit.

266 4336 274 4349 ·
408 4322 515 4376 Fin.
544 4338 588 4389 q.
618 4324 666 4375 5.
694 4334 828 4375 num.
856 4321 907 4373 9.
932 4321 1055 4373 Bon.
1082 4335 1129 4384 q.
1169 4321 1209 4370 1.
1238 4335 1282 4387 p.
1317 4324 1366 4373 6.

500 4437 680 4510 822.
716 4438 1098 4504 Recolantur
1142 4455 1302 4518 quae
1332 4436 1409 4500 de
1447 4435 1727 4502 Caritate
1761 4459 1797 4504 a
1834 4459 1894 4504 n.
1947 4440 2051 4505 53.
2087 4440 2368 4522 deinceps
2407 4438 2709 4503 adnotata
2731 4438 2884 4502 sunt

411 4543 485 4609 de
518 4542 729 4608 ordine
760 4539 1046 4606 caritatis
1069 4538 1230 4603 inter
1262 4539 1649 4605 coniunctos:
1678 4559 1751 4606 ea
1774 4541 1850 4606 de
1872 4562 1936 4607 re
1959 4543 2166 4607 multa
2186 4559 2432 4624 quoque
2463 4560 2538 4607 ex
2562 4559 2610 4606 e.
2638 4540 2880 4605 Thoma

412 4648 635 4712 notata
667 4646 815 4710 sunt
851 4644 957 4721 ibi,
995 4661 1153 4726 quae
1183 4644 1301 4707 hoc
1332 4642 1469 4706 loco
1500 4644 1831 4726 repetenda
1860 4663 1983 4710 non
2019 4646 2183 4710 sunt.
