3497 5147
315 351 444 435 [566]
739 367 824 407 AN
864 366 1090 407 121anoe
1127 366 1229 409 U'rr
1266 366 1808 415 AEvaocA‘noms
1845 368 1910 408 m
1946 368 2308 410 mnamruro
2646 357 2757 412 435

478 464 544 527 2⁰
592 464 757 528 Item
807 464 887 528 ad
936 464 1371 529 occultandum
1428 464 1685 528 alterius
1745 465 2089 543 infamiam,
2139 468 2345 549 potest
2390 467 2529 549 quis
2573 469 2758 533 inter-

316 571 554 652 rogatus
601 567 998 650 respondere:
1039 566 1263 644 nescio,
1299 567 1534 631 scilicet
1555 586 1678 632 non
1716 568 1912 633 habeo
1951 568 2272 633 scientiam
2309 570 2530 635 utilem
2561 571 2639 634 ad
2668 591 2759 635 re-

312 669 736 753 spondendum.

471 773 540 835 3⁰
578 773 743 836 Reus
786 791 910 837 non
940 772 1220 857 legitime
1251 792 1288 836 a
1340 772 1539 836 iudice
1572 773 1995 858 interrogatus
2025 775 2232 857 potest
2257 775 2461 839 iurare
2492 795 2555 840 se
2585 777 2758 861 igno-

310 894 433 938 rare
476 874 724 952 crimen,
763 874 941 938 cuius
978 893 1192 957 reapse
1239 874 1517 939 conscius
1542 878 1654 953 est,
1691 876 1925 940 scilicet
1954 876 2184 940 crimen
2209 876 2281 941 de
2319 896 2441 958 quo
2479 878 2758 962 legitime

312 977 493 1059 possit
537 977 789 1058 inquiri,
824 995 932 1040 seu
976 977 1208 1040 nescire
1244 995 1308 1041 se
1357 977 1434 1040 ad
1480 977 1926 1061 deponendum.

472 1079 542 1140 4⁰
574 1079 736 1143 Item
765 1079 968 1152 testis,
1000 1079 1053 1142 si
1085 1079 1242 1143 sciat
1270 1080 1500 1143 crimen
1537 1080 1805 1145 caruisse
1840 1081 2039 1164 culpa.

476 1185 545 1246 5⁰
577 1183 839 1261 Pariter,
879 1183 931 1247 si
977 1183 1158 1248 testis
1189 1183 1347 1247 sciat
1382 1185 1612 1249 crimen
1661 1186 1778 1249 sub
1825 1187 2058 1251 secreto
2095 1187 2426 1252 commisso
2475 1188 2538 1251 et
2581 1187 2755 1250 nulla

308 1287 695 1370 praecesserit
740 1287 1015 1351 infamia.
1050 1287 1256 1369 Atque
1302 1288 1365 1351 in
1412 1288 1527 1353 hoc
1574 1308 1721 1353 casu
1769 1292 1976 1373 potest
2008 1291 2187 1356 testis
2234 1292 2361 1356 imo
2394 1293 2641 1357 tenetur
2672 1292 2759 1355 di-

304 1410 444 1468 cere,
476 1410 656 1454 reum
701 1409 825 1455 non
871 1390 1253 1456 commisisse
1299 1391 1547 1456 crimen.

472 1494 541 1555 6ο
589 1493 757 1557 Reus
805 1494 996 1557 etiam
1026 1494 1306 1577 legitime
1342 1494 1788 1579 interrogatuS,
1823 1497 2058 1561 scilicet
2087 1516 2228 1562 cum
2266 1496 2600 1580 semiplena
2623 1513 2759 1578 pro-

305 1596 561 1674 batione,
591 1596 800 1678 potest
843 1614 1068 1680 negare
1113 1616 1331 1661 verum
1376 1615 1559 1661 suum
1606 1598 1837 1662 crimen
1883 1599 2074 1663 etiam
2122 1619 2264 1663 cum
2292 1599 2664 1675 iuramento,
2705 1597 2758 1661 si

303 1717 488 1781 poena
534 1698 751 1782 gravis
796 1697 1139 1774 immineat,
1174 1699 1416 1774 mortiS,
1450 1699 1890 1776 mutilationis,
1925 1701 2110 1779 exilii,
2160 1702 2508 1765 triremium
2533 1701 2647 1764 etc.
2696 1701 2760 1764 et

301 1822 431 1886 spes
476 1805 688 1885 aliqua
734 1803 820 1868 sit
866 1803 1139 1868 evitandi
1185 1805 1300 1868 hoc
1333 1806 1515 1887 pacto
1567 1824 1851 1887 poenam,
1886 1806 2308 1891 intelligendo,
2339 1825 2464 1871 non
2509 1805 2760 1870 commi-

305 1905 449 1969 sisse
493 1906 658 1988 quod
705 1907 919 1971 tenear
962 1905 1165 1970 fateri.
1215 1906 1403 1970 Ratio
1452 1908 1565 1982 est,
1599 1907 1747 1988 quia
1794 1907 1892 1971 lex
1923 1909 2197 1972 humana
2243 1908 2458 1990 nequit
2483 1907 2759 1992 obligare

304 2007 576 2072 homines
622 2028 763 2072 cum
808 2010 990 2073 tanto
1022 2027 1221 2072 onere.
1255 2006 1481 2073 Sensus
1514 2027 1660 2093 ergo
1693 2011 1829 2074 est:
1878 2029 2035 2094 nego
2074 2012 2322 2088 crimen,
2358 2010 2519 2093 quod
2547 2011 2758 2074 tenear

294 2107 491 2174 fateri.
540 2111 722 2175 Hanc
771 2110 1144 2175 sententiam
1192 2113 1397 2174 censet
1443 2130 1492 2174 s.
1526 2111 1711 2194 Alph.
1762 2112 1917 2177 satis
1963 2112 2344 2194 probabilem
2390 2132 2531 2176 cum
2556 2113 2753 2197 Lugo.

296 2211 675 2277 Insinuanda
719 2213 816 2277 est
861 2230 1007 2296 ergo
1054 2212 1194 2288 reiS,
1245 2212 1299 2276 si
1361 2213 1677 2290 timeatur,
1717 2232 1794 2277 ne
1842 2233 1912 2278 ex
1958 2233 2160 2279 errore
2206 2215 2455 2298 culpam
2501 2232 2756 2298 gravem

289 2315 684 2379 contrahant.

473 2418 542 2481 7⁰
576 2417 1015 2501 Interrogatus
1063 2434 1099 2480 a
1144 2415 1345 2481 iudice
1377 2419 1584 2500 potest
1629 2437 1856 2503 negare
1903 2438 1966 2483 se
1998 2439 2140 2484 cum
2175 2438 2280 2484 reo
2310 2420 2595 2484 locutum
2627 2437 2758 2483 esse

291 2520 523 2587 scilicet
563 2520 649 2586 ad
688 2519 1144 2604 cooperandum
1175 2519 1436 2595 crimini,
1471 2522 1526 2586 si
1563 2540 1777 2605 reapse
1809 2522 1882 2587 de
1930 2522 2069 2587 aliis
2095 2522 2529 2588 tantummodo
2575 2521 2758 2588 rebus

293 2624 645 2690 collocutus
669 2624 774 2701 sit,
812 2642 971 2707 quae
1003 2623 1264 2688 iudicem
1302 2642 1481 2688 nosse
1512 2643 1632 2689 non
1681 2620 1946 2709 oportet.

461 2729 534 2791 8ο
568 2726 749 2793 Uxor
775 2727 1058 2791 adultera
1082 2727 1291 2809 potest
1320 2744 1545 2811 negare
1578 2726 1977 2806 adulterium,
2010 2730 2200 2793 etiam
2233 2748 2375 2794 cum
2405 2728 2755 2793 iuramento

285 2830 534 2911 quando
570 2830 809 2896 crimen
846 2849 968 2895 non
1001 2831 1097 2893 est
1131 2829 1451 2894 notorium
1488 2831 1551 2892 et
1586 2829 1958 2913 probatum3
1992 2832 2155 2896 ratio
2180 2832 2392 2896 eadem
2425 2834 2520 2896 est
2544 2850 2615 2896 ac
2644 2849 2755 2914 pro

277 2952 380 2998 reo
414 2933 544 3017 (6.)
580 2933 736 3015 quia
781 2951 905 2997 non
937 2933 1187 2996 tenetur
1221 2929 1619 2996 manifestare
1650 2931 1986 3014 eademque
2015 2952 2255 3016 semper
2286 2935 2497 2998 subest
2543 2934 2757 2998 restri-

276 3036 402 3100 ctio
433 3033 773 3100 mentalis:
812 3051 935 3099 non
981 3034 1097 3097 feci
1142 3032 1308 3115 quod
1354 3034 1566 3097 tenear
1608 3033 2027 3100 manifestare.

458 3140 535 3203 9⁰
569 3137 906 3203 Poenitens
955 3137 1163 3219 potest
1206 3155 1431 3221 negare
1477 3137 1850 3202 confessario
1883 3156 1947 3202 se
1976 3138 2192 3204 fecisse
2222 3140 2565 3223 peccatum,
2592 3138 2756 3220 quod

272 3241 400 3306 iam
452 3244 558 3306 est
608 3240 731 3305 rite
768 3239 1101 3304 confessus.
1141 3238 1385 3321 Excipit
1431 3258 1479 3302 s,
1513 3238 1719 3322 Alph.,
1754 3240 1874 3303 nisi
1918 3240 2326 3306 confessarius
2357 3242 2521 3306 iuste
2565 3242 2758 3306 inter-

268 3345 457 3427 roget
508 3343 595 3408 ad
630 3340 1005 3406 noscendum
1042 3340 1281 3404 statum
1311 3341 1704 3424 poenitentia,
1746 3342 1825 3406 ob
1848 3361 2093 3426 propos.
2131 3345 2234 3407 58.
2269 3344 2613 3408 Innocentii
2642 3342 2754 3407 XI.

271 3445 516 3513 Verum
559 3465 642 3511 ea
674 3444 1016 3528 propositio
1049 3444 1331 3526 loquitur
1362 3443 1566 3507 solum
1597 3444 1670 3508 de
1706 3444 1996 3527 peccandi
2042 3444 2502 3509 consuetudine.
2550 3469 2586 3504 «
2617 3444 2757 3510 Non

270 3550 600 3627 tenemur,
648 3548 758 3625 ait,
808 3546 1183 3612 confessario
1229 3545 1643 3629 interroganti
1689 3544 1874 3609 fateri
1920 3548 2156 3628 peccati
2202 3546 2465 3611 alicuius
2511 3565 2761 3611 consue·

263 3652 570 3717 tudinem
606 3674 673 3714 ι».

458 3757 586 3819 100
628 3752 940 3837 Indigens,
974 3751 1083 3834 qui
1128 3752 1290 3817 bona
1337 3749 1660 3815 abscondit
1703 3749 2046 3814 necessaria
2094 3750 2171 3814 ad
2218 3751 2755 3832 sustentationem,

262 3861 485 3941 potest
524 3855 729 3921 iudici
764 3854 1149 3938 respondere,
1188 3872 1254 3918 se
1276 3853 1433 3917 nihil
1467 3853 1711 3917 habere.

456 3959 588 4024 11⁰
641 3958 885 4022 Pariter
930 3957 1127 4030 heres,
1167 3956 1297 4020 sine
1326 3956 1695 4033 inventario,
1736 3956 1847 4039 qui
1878 3956 2283 4023 occultaverit
2318 3957 2499 4037 bona,
2533 3959 2587 4024 si
2636 3978 2762 4025 non

256 4064 578 4127 teneatur
615 4078 689 4124 ex
704 4059 802 4147 his
826 4059 1180 4124 satisfacere
1204 4058 1631 4136 creditoribus,
1666 4060 1874 4142 potest
1896 4059 2084 4125 iudici
2107 4061 2490 4143 respondere,
2517 4080 2582 4126 se
2604 4061 2762 4125 nihil

263 4167 663 4239 occultasse,
701 4163 1061 4247 intelligens
1092 4162 1165 4227 de
1196 4162 1395 4239 boniS,
1430 4163 1656 4246 quibus
1688 4163 2042 4228 satisfacere
2068 4166 2372 4229 teneatur.

452 4270 583 4332 12ο
628 4265 750 4345 Qui
794 4266 1090 4330 mutuum
1136 4266 1457 4348 acceptum
1502 4266 1628 4329 iam
1677 4258 1962 4343 reddidit,
1995 4268 2205 4349 potest
2233 4283 2458 4348 negare
2504 4283 2568 4329 se
2600 4282 2762 4330 acce-

258 4372 451 4455 pisse,
491 4368 750 4436 scilicet
786 4369 879 4433 ita
925 4369 999 4431 ut
1045 4366 1282 4450 aliquid
1328 4367 1566 4432 debeat.

451 4473 586 4537 13⁰
623 4470 747 4550 Qui
784 4471 1039 4535 coactus
1070 4470 1544 4534 matrimonium
1592 4470 1919 4546 contraxit,
1954 4469 2162 4551 potest
2206 4487 2429 4552 negare
2475 4469 2665 4535 iudici
2697 4489 2761 4535 se

257 4576 711 4650 contraxisse3
745 4572 893 4656 quia
924 4590 1139 4655 reapse
1170 4571 1415 4635 nullum
1446 4570 1571 4633 fuit
1600 4570 2090 4635 matrimonium.
2131 4570 2302 4635 Idem
2334 4570 2657 4636 dicendum
2689 4572 2763 4636 de

250 4700 331 4746 eo
382 4680 508 4763 qui
561 4675 758 4741 irrita
795 4674 1123 4759 sponsalia·
1155 4673 1357 4736 inivit.
