3497 5147
289 356 416 430 [4οη
783 365 1021 407 nomm
1058 364 1494 406 000111οω100.
1531 364 1835 407 Ponnu‘no
1871 366 2208 408 nocnmsrm
2620 354 2726 407 301

301 465 517 528 videtur
560 462 886 526 dicendum
931 481 1071 525 cum
1104 459 1403 525 Silvestre
1450 463 1737 544 copulam
1785 464 2172 548 coniugalem
2219 463 2546 547 dupliciter
2581 464 2726 543 fieri

286 585 463 646 posse.
500 565 638 630 Uno
668 564 845 627 modo
876 564 966 627 ad
1003 563 1328 626 vitandam
1358 565 1875 628 incontinentiam
1905 569 1967 628 et
1995 572 2318 645 peceatum
2347 567 2580 641 carnis,
2607 585 2728 645 quo

292 676 531 736 vexatur
575 673 825 734 coniux.
874 670 1099 733 Altero
1145 669 1321 733 modo
1368 670 1445 734 ad
1492 672 1688 736 alium
1733 673 1937 749 finem,
1981 674 2076 736 vel
2124 673 2593 739 delectationem
2627 673 2725 736 vel

292 775 538 838 filiorum
588 773 1092 856 procreationem,
1142 774 1278 836 sine
1337 774 1699 838 necessitate
1750 779 1954 837 tamen
1998 775 2094 838 vel
2139 774 2421 854 periculo
2469 776 2731 837 inconti-

291 877 535 941 nentiae.
572 876 658 940 In
691 876 906 955 priori
934 895 1083 939 casu
1114 874 1354 938 licitum
1398 882 1491 939 est
1532 896 1642 941 nec
1687 878 1992 960 polluitur
2022 878 2310 942 ecclesia:
2350 878 2418 940 in
2459 875 2726 940 seeundo

293 1000 403 1043 non
444 979 605 1052 licet,
654 977 768 1041 sed
824 981 919 1040 est
973 977 1232 1040 mortale
1280 1002 1340 1040 ι).
1391 980 1445 1041 Α
1494 978 1735 1043 fortiori
1784 998 1929 1062 ergo
1978 980 2050 1043 (10
2112 980 2334 1063 copula
2381 979 2600 1043 illicita
2664 978 2725 1042 id

291 1081 771 1166 intelligendum.

369 1185 524 1248 Male
559 1185 771 1248 autem
803 1180 1317 1246 Salmanticenses
1349 1183 1743 1266 arripuerunt
1773 1185 1958 1248 verba
1991 1185 2215 1264 Toleti‚
2255 1186 2360 1249 ubi
2394 1185 2562 1258 dicit,
2603 1201 2725 1247 000

289 1287 466 1370 pollui
495 1285 838 1361 ecclesiam,
874 1285 929 1348 si
959 1284 1187 1348 crimen
1220 1284 1303 1348 sit
1335 1286 1665 1349 occultum.
1710 1287 1808 1350 Ita
1839 1288 1945 1351 lib.
1984 1289 2043 1350 5.
2078 1307 2210 1371 cap.
2253 1290 2398 1352 8.11.
2436 1291 2517 1351 8.;
2560 1315 2593 1344 «
2628 1289 2728 1350 Se-

288 1388 468 1452 cunda
502 1406 716 1463 causa,
751 1388 830 1451 ob
873 1406 1062 1468 quam
1093 1387 1397 1469 polluitur
1427 1388 1699 1465 ecclesia,
1740 1392 1835 1453 est
1881 1391 2138 1455 humaui
2170 1391 2419 1455 seminis
2458 1391 2725 1474 pollutio

288 1491 654 1555 voluntaria:
689 1508 810 1553 non
848 1489 1011 1553 enim
1059 1509 1164 1571 per
1209 1492 1542 1554 nocturnas
1580 1491 1904 1572 polluitur,
1945 1512 2103 1573 quae
2150 1494 2213 1557 in
2250 1493 2484 1557 somnis
2521 1493 2723 1562 fiunt:

284 1591 379 1656 sed
421 1592 602 1656 debet
648 1610 778 1655 esse
828 1592 1198 1667 voluntaria,
1234 1592 1363 1654 sive
1409 1589 1524 1655 fiat
1576 1593 1910 1657 seeundum
1960 1595 2271 1670 naturam,
2306 1595 2434 1658 sive
2489 1595 2724 1668 000110,

282 1694 399 1757 sive
428 1694 649 1758 illicito
682 1693 1032 1767 concubitu,
1060 1693 1188 1757 sive
1218 1693 1412 1768 licito,
1440 1694 1643 1774 qualis
1675 1697 1770 1758 est
1807 1695 2176 1780 coniugum3
2212 1696 2311 1759 hic
2341 1696 2504 1760 enim
2537 1696 2724 1759 etiam

280 1796 514 1878 polluit.
553 1794 917 1860 Notandum
965 1798 1193 1872 tamen,
1244 1796 1318 1858 ut
1363 1795 1629 1878 pollutio
1678 1797 1828 1861 haec
1875 1798 1956 1861 sit
2003 1816 2191 1862 eausa
2238 1800 2385 1880 (non
2435 1798 2604 1874 dicit,
2655 1800 2729 1861 ut

278 1899 361 1962 sit
383 1899 721 1983 sacrilega),
748 1898 1081 1963 (1011010000
1106 1899 1354 1981 publica
1378 1901 1441 1963 01
1470 1900 1719 1964 notoria
1742 1901 1907 1982 apud
1938 1902 2202 1978 11111110ος
2229 1903 2280 1965 01
2304 1903 2467 1966 em'm
2492 1902 2728 1966 secreta

272 2004 382 2076 est,
430 2003 607 2066 cuius
651 2002 876 2066 notitia
924 2002 1087 2085 apud
1135 2002 1541 2083 paucissimos
1588 2006 1704 2080 est,
1754 2021 1876 2066 1100
1925 2007 2020 2069 001
2065 2004 2310 2086 polluta
2373 2004 2627 2068 00010010
2659 2028 2720 2066 ».

356 2100 532 2175 407.
559 2104 863 2190 Aegidius
894 2104 968 2168 de
992 2102 1265 2168 Coninch
1298 2103 1373 2167 de
1405 2103 1581 2169 Sacr.
1608 2108 1849 2186 quaest.
1879 2106 1983 2169 83.
2011 2127 2069 2170 n.
2099 2107 2227 2170 23.:
2259 2130 2295 2165 «
2318 2105 2376 2169 N
2382 2107 2560 2170 otant
2585 2106 2721 2169 DD.

271 2208 395 2271 tam
448 2209 566 2272 1100
623 2207 946 2289 (effusione
993 2207 1243 2271 seminis
1286 2207 1538 2290 illicita)
1600 2227 1791 2288 quam
1854 2208 2357 2292 praecedentibus
2403 2208 2726 2290 (effusione

272 2315 636 2399 sanguinis),
671 2315 916 2379 casibus
962 2314 1178 2378 debere
1225 2313 1298 2377 de
1342 2314 1421 2377 iis
1468 2315 1709 2396 publice
1746 2318 2028 2380 constare
2076 2316 2175 2379 vel
2219 2307 2527 2379 evidentia
2573 2314 2727 2379 facti

269 2418 358 2481 vel
400 2419 786 2483 confessione
832 2419 983 2497 01110,
1020 2419 1126 2500 qui
1173 2419 1319 2482 fecit
1367 2420 1480 2483 aut
1524 2419 1713 2483 simili
1759 2421 2018 2484 ratione.
2061 2418 2263 2498 Quare
2309 2420 2594 2500 quandiu
2625 2439 2721 2484 res

266 2523 466 2585 manet
494 2522 595 2587 ita
631 2521 893 2599 occulta,
920 2522 995 2585 ut
1025 2521 1206 2604 pauci
1238 2520 1433 2603 aliqui
1464 2540 1598 2587 eam
1632 2522 1850 2600 sciant,
1886 2521 2140 2587 ecclesia
2177 2540 2300 2587 uon
2331 2522 2426 2587 est
2458 2522 2720 2605 polluta.

263 2624 582 2692 Polluetur
637 2629 867 2704 autem,
903 2627 956 2691 si
1002 2630 1219 2708 postea
1265 2646 1361 2691 res
1408 2646 1478 2691 ex
1526 2647 1738 2692 eorum
1779 2628 2206 2711 propalatione
2254 2628 2368 2692 fiat
2414 2629 2658 2710 publiea
2685 2653 2720 2685 »

342 2728 454 2793 Sed
487 2730 814 2805 audiatur,
849 2727 1014 2811 quod
1052 2729 1182 2809 ipse
1213 2727 1364 2792 dicit
1397 2729 1469 2793 de
1500 2731 1722 2812 copula
1754 2732 2031 2794 maritali
2067 2731 2215 2794 ibid.
2241 2752 2299 2794 0.
2329 2732 2502 2794 231.:
2537 2755 2572 2789 ‹
2598 2732 2725 2795 Du-

258 2830 419 2896 bium
466 2835 563 2898 est
640 2833 803 2895 inter
849 2832 1007 2908 DD.,
1058 2834 1272 2896 utrum
1318 2832 1637 2913 polluatur
1691 2850 1800 2914 per
1846 2834 2057 2895 aetum
2112 2832 2502 2915 coniugalem
2563 2834 2727 2897 inter

254 2935 539 3020 coniuges
588 2934 907 3000 habitum.
940 2933 1260 2998 Navarrus
1307 2953 1447 2998 cum
1495 2934 1866 3015 quibusdam
1915 2934 2054 2998 aliis
2094 2934 2376 2999 absolute
2425 2936 2717 2999 affirmat.

253 3037 368 3101 Alii
392 3042 620 3104 contra
645 3038 933 3102 absolute
956 3038 1251 3119 negant...
1280 3037 1491 3101 Tertia
1513 3037 1823 3101 sententia
1848 3039 2036 3112 tenet,
2065 3057 2201 3100 eam
2215 3036 2442 3116 pollui,
2469 3038 2719 3119 quando

248 3141 532 3221 coniuyes
564 3142 712 3206 sine
758 3139 1124 3203 necessitate
1170 3140 1240 3201 in
1272 3159 1345 3202 ea
1390 3142 1656 3202 utuntur
1690 3139 2000 3219 comssaqio,
2034 3140 2184 3221 quia
2215 3140 2364 3204 talis
2414 3142 2589 3203 actus
2628 3143 2723 3204 est

257 3242 588 3310 iniuriosus
639 3244 780 3308 1000
828 3261 1002 3306 00010
1049 3243 1112 3305 01
1158 3258 1565 3306 0101110000οε
1606 3261 1782 3305 secus
1828 3241 2079 3323 quando
2125 3246 2221 3306 est
2262 3244 2478 3324 yravis
2526 3262 2728 3306 neces-

252 3346 419 3423 sitas,
461 3350 540 3411 ut
590 3347 648 3411 si
699 3345 938 3410 ratione
987 3344 1324 3409 obsidionis
1372 3346 1484 3408 aut
1530 3345 1607 3408 ob
1655 3344 1922 3409 similem
1969 3364 2222 3409 causam
2272 3345 2564 3428 coniuges
2626 3345 2725 3410 de-

253 3446 430 3512 beant
462 3450 577 3514 diu
629 3450 698 3513 in
745 3447 1000 3511 00010010
1039 3447 1286 3520 morari,
1321 3446 1411 3509 ita
1460 3450 1532 3509 ut
1569 3466 1677 3509 000
1722 3446 1820 3510 (110
1855 3466 1962 3510 000
2008 3448 2189 3510 00010
2219 3446 2460 3528 possint
2493 3447 2718 3525 egredi.

250 3548 415 3616 Tunc
462 3553 642 3617 enim
692 3549 937 3614 videtur
982 3549 1167 3612 nimis
1212 3567 1402 3633 grave
1447 3549 1511 3611 et
1555 3548 1971 3630 periculosum
2018 3548 2096 3611 ob
2143 3548 2481 3611 humanam
2529 3547 2720 3631 fragi-

250 3650 491 3718 litatem
524 3672 641 3718 eos
675 3671 911 3736 cogere,
932 3652 1226 3734 perpetuo
1259 3652 1396 3714 toto
1429 3649 1537 3713 illo
1570 3652 1850 3733 tempore
1881 3650 2156 3733 coniugii
2187 3669 2305 3713 usu
2340 3649 2718 3713 abstinere».

246 3753 405 3839 Ergo
456 3773 799 3840 perperam
848 3756 911 3818 et
955 3752 1055 3816 hic
1102 3752 1447 3817 adducitur.

328 3859 574 3924 Eadem
601 3861 705 3923 est
733 3856 791 3920 N
796 3856 1000 3920 avarri
1024 3856 1323 3920 doctrina.
1349 3855 1510 3919 Nam
1537 3873 1669 3937 cap.
1698 3856 1804 3919 27.
1831 3875 1889 3919 0.
1920 3854 2069 3919 256.
2097 3855 2314 3937 utique
2338 3855 2412 3919 de
2436 3856 2724 3921 eeclesiae

242 3962 597 4041 pollutione
652 3960 911 4034 dixerat,
944 3977 1197 4023 causam
1235 3958 1449 4021 debere
1495 3976 1626 4021 esse
1673 3957 2013 4040 publicam:
2062 3983 2096 4015 «
2135 3958 2515 4042 RespondeO,
2556 3960 2721 4042 quod

238 4082 339 4129 nec
369 4067 502 4131 ista
536 4065 662 4148 (ob
699 4063 1019 4148 sanguinis
1051 4061 1438 4141 effusionem)
1469 4079 1664 4143 neque
1711 4061 1835 4124 alia
1881 4061 2149 4144 pollutio
2183 4061 2429 4126 occulta
2461 4061 2722 4143 impedit

236 4167 733 4234 celebrationem
768 4167 832 4230 in
870 4164 1123 4229 ecclesia
1163 4163 1497 4228 secundum
1529 4164 1893 4247 glossam...,
1929 4183 1999 4227 ex
2046 4182 2188 4245 qua,
2232 4182 2373 4227 cum
2421 4182 2557 4226 eam
2592 4161 2722 4226 Sal-

238 4271 551 4336 manticae
586 4270 990 4354 perlegerem,
1017 4266 1203 4330 intuli
1235 4266 1367 4329 fieri
1397 4284 1595 4348 posse,
1632 4267 1705 4329 ut
1735 4266 1953 4330 effusio
1986 4265 2309 4349 sanguinis
2342 4265 2441 4328 vel
2473 4265 2724 4329 seminis

234 4370 391 4437 facta
432 4374 518 4437 ab
560 4371 717 4435 hinc
765 4372 903 4433 octo
951 4368 1185 4445 diebus,
1221 4367 1400 4431 hodie
1446 4368 1704 4450 incipiat
1748 4369 2043 4451 impedire
2075 4370 2138 4431 et
2185 4385 2306 4431 non
2356 4370 2533 4437 ante:
2574 4386 2720 4431 nam

233 4472 392 4539 facta
442 4479 598 4539 tum
651 4472 1004 4536 videntibus
1050 4470 1291 4534 duobus
1329 4473 1391 4534 et
1438 4490 1632 4552 usque
1679 4491 1841 4535 nuuc
1886 4471 2258 4548 1000011000,
2294 4489 2454 4536 nunc
2503 4474 2713 4533 autem

235 4576 736 4657 publicantibuS,
762 4573 851 4637 ita
877 4575 949 4637 ut
971 4573 1137 4635 fama
1162 4573 1480 4656 gignatur,
1510 4592 1629 4636 non
1654 4573 1914 4655 impedit
1939 4594 2016 4635 ex
2042 4578 2206 4648 tane,
2233 4573 2337 4637 sed
2371 4592 2449 4635 ea:
2466 4590 2632 4633 nanc
2653 4598 2710 4632 ».
