3497 5147
675 351 790 404 244
908 361 1119 402 macr.
1150 363 1229 402 v1.
1257 362 1419 403 sacr.
1445 363 1483 401 1.
1510 363 1595 401 1111
1625 362 1818 402 ano
1842 362 2058 403 paam.
2086 361 2411 402 nascamur
2441 360 2574 402 cae.
2601 361 2643 400 1.
2677 362 2820 403 mm.
2848 362 2914 401 11.
2996 348 3142 418 [334]

676 461 882 524 minus
915 459 1316 542 probabiliter
1341 459 1769 523 coniectando:
1797 461 2252 541 postremarum
2285 461 2497 523 autem
2528 478 2858 523 causarum
2890 460 3143 524 effectus

675 584 797 628 non
845 582 1023 647 posse
1085 563 1401 645 praenosci
1457 562 1577 626 nisi
1622 563 1687 626 in
1735 581 1801 626 se
1847 562 2017 645 ipsis.
2070 561 2333 626 Subdit:
2389 587 2425 620 «
2471 563 2772 627 Homines
2819 565 3034 627 autem
3078 564 3142 628 in

674 668 890 749 seipsis
938 665 1293 730 huiusmodi
1327 666 1579 730 effectus
1625 665 2009 730 considerare
2043 666 2306 749 possunt
2351 667 2556 730 solum
2590 666 2736 730 dum
2787 670 2935 731 sunt
2972 686 3146 749 prae-

675 772 898 843 sentes,
947 768 1110 832 sicut
1153 788 1297 832 cum
1362 768 1548 832 homo
1598 768 1766 832 videt
1810 767 2129 832 Socratem
2190 787 2433 832 currere
2477 769 2576 832 vel
2625 769 2985 845 ambulare;
3036 770 3142 834 sed

674 873 1058 938 considerare
1104 872 1461 937 huiusmodi
1508 874 1571 936 in
1618 872 1836 954 seipsis
1884 874 2218 954 antequam
2265 873 2439 948 fiant,
2490 874 2586 937 est
2630 873 2745 937 Dei
2798 874 3138 957 proprium,

673 977 781 1057 qui
814 977 983 1040 solus
1030 976 1093 1039 in
1141 994 1255 1040 sua
1303 974 1670 1039 aeternitate
1718 974 1889 1038 videt
1935 994 2026 1051 ea,
2077 994 2237 1056 quae
2283 973 2498 1038 futura
2546 976 2713 1049 sunt,
2753 976 2932 1056 quasi
2975 996 3144 1058 prae-

673 1079 936 1142 sentia...
974 1076 1039 1141 Si
1086 1078 1225 1159 quis
1274 1096 1421 1161 ergo
1467 1075 1826 1140 huiusmodi
1872 1076 2087 1140 futura
2135 1076 2574 1159 praenuntiare
2621 1077 2733 1140 aut
2771 1096 3143 1162 praecogno-

675 1200 839 1245 scere
886 1199 1276 1262 quocumque
1321 1179 1504 1245 modo
1552 1179 2056 1262 praesumpserit,
2097 1178 2218 1241 nisi
2265 1179 2395 1241 Deo
2444 1178 2775 1253 revelante,
2816 1180 3142 1245 manifeste

674 1285 938 1365 usurpat
974 1283 1091 1346 sibi
1122 1282 1286 1364 quod
1320 1283 1434 1346 Dei
1482 1284 1576 1346 est
1613 1283 1676 1345 61
1707 1300 1779 1345 ex
1809 1282 1927 1344 hoc
1959 1281 2154 1362 aliqui
2186 1279 2391 1342 divini
2421 1280 2713 1344 dicuntur
2746 1306 2807 1344 ».
2843 1281 2937 1345 Ad
2974 1282 3140 1346 idem

672 1405 867 1469 genus
891 1387 1132 1466 spectat
1162 1384 1485 1467 inquisitio
1520 1384 1592 1447 de
1622 1384 1881 1447 internis
1906 1382 2393 1467 cogitationibus
2419 1382 2688 1445 aliorum
2712 1384 3142 1464 praesentibus

674 1487 772 1550 vel
804 1487 877 1550 de
909 1487 1224 1551 effectibus
1257 1486 1615 1550 absentibus
1664 1487 1778 1549 aut
1811 1486 1994 1549 aliter
2040 1484 2318 1560 occultis,
2355 1484 2429 1548 ut
2474 1484 2748 1548 humano
2781 1484 2969 1549 modo
3002 1486 3146 1551 sciri

673 1591 999 1671 nequeant,
1036 1609 1177 1653 cum
1223 1590 1580 1671 postulatur
1627 1607 1843 1652 eorum
1890 1588 2163 1672 cognitio
2214 1588 2402 1668 atque
2442 1586 2581 1650 aliis
2628 1586 2960 1651 similibus.

769 1716 805 1751 ‹<
838 1692 1158 1755 Divinatio
1207 1711 1353 1775 ergo
1402 1709 1522 1755 non
1570 1691 1818 1764 dicitur,
1859 1691 1913 1753 si
1958 1690 2097 1771 quis
2144 1688 2541 1771 praenuntiet
2586 1708 2676 1765 ea,
2728 1708 2888 1770 quae
2936 1709 3008 1753 ex
3047 1710 3150 1754 ne-

673 1794 962 1858 cessitate
1009 1794 1319 1869 eveniunt,
1355 1793 1452 1857 vel
1486 1795 1558 1857 ut
1589 1794 1651 1856 in
1684 1793 1986 1876 pluribUS,
2022 1811 2181 1873 quae
2227 1791 2499 1855 humana
2544 1791 2785 1856 ratione
2820 1794 3143 1875 praenosci

673 1898 934 1979 possunt
965 1916 1161 1977 neque
1208 1898 1399 1960 etiam
1431 1897 1483 1960 si
1530 1897 1668 1978 quis
1717 1895 1930 1960 futura
1969 1896 2092 1959 alia
2139 1895 2581 1978 contingentia,
2623 1897 2754 1959 Deo
2801 1897 3140 1975 revelante,

673 2000 1034 2081 cognoscat,
1077 1999 1226 2060 tunc
1273 1999 1435 2061 enim
1484 2018 1605 2061 non
1653 1998 1782 2081 ipse
1830 1997 2112 2061 divinans
2160 1998 2242 2073 id,
2278 1997 2442 2077 quod
2489 1996 2770 2061 divinum
2817 2002 2934 2076 est,
2969 1998 3140 2076 111611,

674 2099 777 2164 sed
826 2100 1027 2183 magis
1077 2099 1241 2180 quod
1307 2099 1588 2163 divinum
1636 2102 1750 2173 631,
1808 2100 2086 2181 suscipit.
2137 2099 2312 2163 Tunc
2373 2100 2584 2163 autem
2646 2101 2850 2165 solum
2912 2100 3142 2166 dicitur

673 2202 968 2273 divinare,
1021 2202 1267 2283 quando
1315 2202 1433 2265 sibi
1478 2200 1754 2263 indebito
1799 2200 1977 2263 modo
2024 2203 2289 2284 usurpat
2333 2202 2944 2285 praenuntiationem
2977 2204 3146 2268 futu·

671 2324 883 2369 rorum
931 2305 1284 2367 eventuum.
1327 2304 1463 2367 Hoc
1512 2305 1721 2367 autem
1770 2304 2016 2368 constat
2064 2323 2194 2367 esse
2242 2306 2583 2386 peccatum,
2628 2306 2788 2369 unde
2836 2306 3142 2372 divinatio

671 2426 910 2490 semper
941 2410 1035 2470 est
1068 2409 1387 2489 peccatum
1415 2431 1475 2469 ».
1498 2405 1654 2470 Sane
1685 2406 1750 2469 id
1774 2408 1944 2471 Deus
1979 2408 2186 2489 aperte
2219 2407 2424 2471 vetuit
2455 2407 2890 2472 Deut.XVIII.
2912 2410 3015 2473 10.
3037 2411 3138 2474 11.

668 2510 821 2575 Non
865 2510 1227 2573 inveniatur
1272 2511 1342 2571 in
1376 2512 1451 2582 te,
1486 2509 1597 2590 qui
1640 2508 1876 2572 ariolos
1906 2510 2317 2573 smLsczsstctur...
2361 2529 2472 2573 nec
2503 2511 2614 2592 qui
2645 2510 2960 2593 pythones
3005 2533 3143 2578 con-

670 2613 845 2678 sulat
887 2634 997 2676 nec
1043 2613 1352 2678 divinoa..
1388 2613 1597 2675 omnia
1644 2614 1810 2676 enim
1855 2612 2002 2676 haec
2047 2613 2452 2677 abominatur
2498 2614 2832 2680 Dominus.

759 2712 940 2787 334.
982 2716 1159 2795 Quod
1205 2715 1506 2779 divinatio
1556 2715 1638 2779 sit
1684 2716 1988 2797 quaedam
2036 2717 2419 2798 superstitio,
2470 2718 2560 2781 ita
2608 2737 2656 2782 3.
2706 2720 2929 2784 Τ116111.
2974 2723 3034 2785 2.
3077 2723 3136 2785 2.

670 2838 729 2899 q.
758 2820 863 2882 95.
893 2820 1009 2882 art.
1040 2820 1098 2880 2.
1142 2843 1176 2874 «
1202 2817 1297 2881 Ad
1330 2818 1835 2900 superstitionem
1867 2819 2153 2901 pertinet,
2190 2838 2311 2882 non
2346 2820 2549 2883 solum
2588 2840 2731 2884 cum
2763 2822 3137 2888 sacrificium

670 2920 1071 2985 daemonibus
1107 2920 1360 2985 offertur
1392 2940 1496 3002 per
1542 2919 1998 2997 idololatriam;
2034 2922 2138 2986 sed
2187 2921 2380 2986 etiam
2424 2941 2568 2986 cum
2601 2923 2828 3004 aliquis
2868 2928 3137 2990 assumit

670 3022 970 3087 auxilium
1018 3022 1387 3086 daemonum
1427 3022 1503 3085 ad
1552 3023 1787 3103 aliquid
1834 3023 2183 3087 faciendum
2231 3025 2327 3087 vel
2373 3025 2891 3108 cognoscendum.
2920 3027 3136 3093 Omnis

667 3129 880 3190 autem
926 3125 1227 3189 divinatio
1262 3145 1333 3188 ex
1381 3125 1735 3207 operatione
1768 3125 2141 3189 daemonum
2189 3127 2490 3207 provenit,
2524 3127 2626 3190 vel
2672 3128 2821 3208 quia
2856 3116 3139 3212 expresse

668 3228 995 3292 daemones
1056 3228 1425 3292 invocantur
1486 3227 1560 3290 ad
1624 3227 1837 3291 futura
1901 3227 2372 3304 manifestanda,
2439 3227 2536 3291 vcl
2597 3229 2748 3310 quia
2810 3228 3140 3296 daemones

665 3332 966 3413 ingerunt
1007 3351 1072 3393 se
1127 3332 1308 3394 ‘vanis
1368 3329 1884 3410 inquis-itionibus
1947 3329 2325 3408 siat-urorum,
2375 3331 2448 3394 ut
2510 3333 2748 3395 mentes
2811 3332 3140 3400 homiuum

666 3433 987 3517 implicent
1030 3434 1373 3498 vanitate...
1424 3432 1602 3496 Vana
1650 3435 1863 3498 autem
1908 3432 2231 3514 inquisitio
2298 3433 2659 3498 futurorum
2721 3437 2835 3512 est,
2885 3437 3137 3517 quando

667 3536 893 3638 aliquis
924 3536 1209 3600 futurum
1241 3553 1490 3598 noscere
1523 3535 1746 3610 tentat,
1776 3534 1936 3598 unde
1968 3534 2284 3617 praenosci
2319 3553 2439 3599 non
2473 3538 2699 3617 potest.
2728 3536 3138 3604 Manifestum

664 3643 759 3705 est
806 3660 972 3724 erg0,
1024 3639 1190 3721 quod
1236 3638 1538 3702 divinatio
1589 3638 1817 3720 species
1866 3638 2328 3722 superstitionis
2376 3640 2558 3703 est».

757 3743 790 3780 ’¹‘
818 3744 889 3805 In
938 3762 1059 3824 qua
1108 3742 1389 3806 doctrina
1439 3761 1486 3804 S.
1529 3741 1804 3806 Thomae
1854 3741 2105 3805 adverte
2151 3740 2294 3804 duo.
2335 3740 2568 3818 Prim0,
2602 3742 2766 3823 quod
2814 3743 2969 3810 dicit
3008 3747 3141 3810 uni-

666 3846 1007 3922 versaliter,
1057 3845 1145 3907 ad
1194 3845 1699 3924 superstitionem
1732 3845 2073 3923 pertinere,
2124 3864 2262 3906 cum
2309 3844 2453 3925 quis
2509 3847 2778 3908 assumit
2819 3847 3139 3911 auxilium

664 3947 985 4011 damnomsss·
1030 3945 1119 4009 acl
1174 3945 1425 4026 aliq-uid
1464 3944 1821 4024 faciendum
1866 3944 1962 4008 vcl
2017 3946 2522 4026 coynosccndum.
2571 3946 2734 4011 Nam
2794 3949 3137 4015 difficultas

665 4053 883 4118 statim
917 4071 980 4116 se
1015 4051 1211 4127 offert,
1247 4068 1436 4132 quam
1468 4048 1759 4130 proponit
1804 4046 2030 4111 Suarez
2071 4045 2144 4109 de
2176 4046 2387 4130 Reliy.
2416 4052 2494 4114 tr.
2522 4051 2583 4114 3.
2609 4051 2651 4113 l.
2680 4051 2739 4113 2.
2767 4070 2817 4113 c.
2855 4052 2918 4115 8.
2939 4072 3000 4116 11.
3033 4055 3135 4117 15.

665 4156 913 4222 Scilicet
959 4174 1101 4219 cum
1164 4153 1399 4236 petitur
1447 4169 1482 4213 a
1529 4150 1826 4214 daemone
1873 4168 1946 4213 ea
2007 4149 2301 4234 cognitiO,
2354 4170 2514 4233 quae
2561 4153 2674 4216 Dei
2720 4155 2816 4216 est
2862 4157 3135 4240 propria,

661 4260 863 4340 liquet
900 4257 1117 4321 statim
1150 4275 1290 4320 cum
1324 4253 1620 4316 daemone
1654 4251 1758 4336 agi
1790 4253 2092 4333 tanquam
2123 4271 2265 4315 cum
2299 4254 2431 4318 Deo
2468 4273 2536 4317 ac
2581 4254 2806 4319 idcirco
2848 4254 3136 4322 daemoni

666 4360 859 4425 tribui
906 4359 1146 4422 divinos
1194 4359 1485 4428 honores;
1523 4358 1589 4419 at
1636 4355 1688 4418 si
1736 4355 1874 4437 quis
1922 4355 2097 4437 petat
2152 4373 2189 4418 a
2234 4354 2533 4420 daemone
2576 4356 2870 4422 notitiam
2920 4379 3134 4424 earum

663 4482 889 4529 rerum.
925 4479 1079 4541 quas
1125 4461 1255 4542 ipse
1306 4457 1676 4522 naturaliter
1723 4476 1901 4522 nosse
1948 4457 2174 4541 potest,
2222 4477 2346 4523 non
2396 4460 2650 4541 apparet
2681 4460 2884 4542 primo
2933 4482 3044 4527 cur
3071 4461 3132 4526 id

663 4566 748 4630 sit
794 4564 1104 4640 illicitum,
1139 4560 1659 4645 quemadmodum
1692 4562 1839 4625 licet
1885 4580 2022 4626 eam
2063 4564 2268 4643 petere
2316 4562 2393 4624 ab
2423 4561 2671 4625 homine
2719 4563 3129 4645 sapientiore:
