3497 5147
727 358 839 412 490
872 371 1083 412 macr.
1111 371 1192 412 v1.
1219 370 1379 411 sacr.
1401 370 1465 409 11.
1493 370 1578 409 nis
1597 369 1876 411 smcmmo
1901 369 2118 410 maso.
2145 367 2478 409 Dnoanom.
2497 367 2630 408 car.
2652 367 2741 407 111.
2764 367 2907 408 Dua.
2934 367 3017 407 1v.
3053 350 3189 425 [641]

732 470 819 533 rei
852 469 1199 552 exemplum
1232 467 1408 530 affert
1454 469 1518 531 et
1555 486 1603 530 s,
1638 466 1823 550 Alph.
1864 487 1923 530 n.
1966 467 2138 543 218„
2179 486 2237 530 v.
2279 484 2372 550 gr.
2414 464 2646 530 vovisti
2675 466 2738 528 te
2770 464 3186 548 ingressurum

733 573 1121 656 Religionem
1144 572 1208 636 in
1233 571 1588 656 gratiarum
1613 571 1939 648 actionem,
1962 570 2017 633 si
2040 570 2208 633 Deus
2232 587 2341 652 per
2364 587 2597 633 annum
2623 571 2685 631 te
2710 565 3187 650 praeservaverit

734 694 770 738 a
804 678 1055 757 peccato
1092 673 1538 750 fornicationis
1577 673 1674 738 vel
1707 672 1761 736 si
1793 671 2213 736 valetudinem
2244 670 2529 753 recipias.
2564 670 2789 734 Peccas
2823 668 2878 732 si
2908 668 2983 732 de
3029 667 3188 732 indu·

736 777 891 841 stria
923 777 1098 840 vivas
1126 776 1611 858 intemperanter
1641 773 1805 839 unde
1837 773 2129 838 valetudo
2163 792 2286 838 non
2323 772 2680 855 recipiatur,
2717 772 2832 836 aut
2863 770 3187 845 forniceris,

735 899 810 944 ne
847 879 1210 963 religionem
1241 878 1483 963 ingredi
1514 877 1799 942 tenearis.
1836 876 2157 961 Laymann
2188 876 2231 939 l.
2267 895 2318 940 c.
2354 895 2413 939 n.
2458 877 2518 938 2.
2552 873 2693 939 Non
2732 877 2945 938 tamen
2978 875 3189 937 teneris

739 982 817 1045 ad
848 981 1197 1066 ingressum
1244 981 1582 1066 religioniS',
1623 999 1695 1044 ex
1726 979 1945 1064 regula
1978 978 2334 1063 supradicta
2372 997 2431 1043 n.
2469 978 2574 1042 56.

828 1085 964 1148 Imo
1013 1081 1238 1148 Suarez
1290 1081 1363 1146 de
1413 1082 1563 1146 Voto
1609 1083 1716 1145 lib.
1767 1083 1829 1145 4.
1865 1101 1997 1164 cap.
2038 1083 2139 1145 17.
2175 1102 2235 1145 n.
2275 1083 2513 1145 11.·14.
2549 1080 2727 1145 addit
2757 1099 2883 1145 non
2919 1099 3052 1144 esse
3097 1080 3192 1143 im·

739 1186 1076 1268 probabile,
1128 1203 1290 1262 eum,
1340 1184 1448 1267 qui
1494 1184 1858 1268 religionem
1901 1184 2207 1267 promisit,
2243 1184 2296 1248 si
2329 1203 2365 1248 a
2397 1186 2649 1268 peccato
2681 1184 3189 1267 praeservaretur,

741 1307 864 1352 non
886 1307 1143 1367 peccare
1174 1291 1393 1351 contra
1424 1290 1649 1360 votum,
1685 1287 1740 1350 si
1786 1285 1922 1351 ideo
1962 1289 2194 1370 peccat,
2230 1307 2305 1351 ne
2350 1289 2500 1352 voto
2534 1287 2840 1350 teneatur.
2875 1284 3040 1348 Nam
3070 1303 3193 1348 con-

743 1390 898 1455 ditio
932 1391 1083 1468 erat,
1119 1390 1173 1454 si
1202 1389 1319 1454 Dei
1358 1389 1565 1473 gratia
1613 1390 1676 1453 et
1723 1408 1835 1471 ope
1883 1388 2372 1453 extraordinaria
2420 1389 2550 1453 scil.
2587 1388 2825 1452 efficaci
2872 1407 2910 1452 a
2959 1390 3189 1470 peccato

741 1492 1272 1576 praeservaretur:
1321 1491 1450 1555 imo
1496 1491 1648 1554 haec
1684 1489 1879 1554 videri
1912 1491 2120 1573 potest
2150 1491 2415 1555 intentio
2453 1491 2773 1567 voventis;
2807 1508 3010 1572 neque
3046 1489 3192 1552 enim

741 1594 875 1658 fieri
922 1595 1139 1658 votum
1176 1594 1460 1657 censetur
1507 1591 1584 1656 ad
1633 1591 2032 1656 obtinendam
2064 1592 2335 1677 gratiam
2373 1612 2539 1657 mere
2577 1591 3012 1668 sufficientem,
3063 1591 3192 1673 qnia

740 1696 899 1760 hanc
931 1696 1190 1777 quisque
1221 1694 1348 1759 iam
1379 1695 1587 1758 habet.
1637 1694 1720 1757 Et
1768 1694 2015 1758 aliunde
2063 1695 2307 1760 etiamsi
2347 1713 2419 1759 ea
2451 1696 2657 1759 mente
2690 1695 2920 1777 peccet,
2968 1694 3046 1758 ut
3086 1712 3190 1758 non

742 1799 1131 1885 ingrediatur
1174 1798 1571 1883 religionem:
1621 1800 1833 1862 tamen
1879 1818 2096 1863 verum
2142 1799 2254 1875 est,
2305 1818 2448 1863 eum
2480 1817 2602 1863 non
2647 1798 2949 1882 recepisse
2995 1817 3034 1862 a
3078 1799 3188 1862 Deo

744 1902 1126 1975 beneficium,
1160 1921 1283 1984 quo
1308 1903 1828 1984 praeservaretur.

837 2002 1060 2067 Suarez
1100 2023 1158 2066 n.
1198 2004 1300 2066 14.
1343 2002 1495 2067 dicit
1525 2004 1676 2067 haec
1709 2003 2091 2087 probabilia;
2133 2005 2343 2069 tamen
2393 2003 2567 2067 addit
2611 2002 3088 2087 probabiliorem
3129 2020 3184 2066 ac

746 2107 1115 2171 securiorem
1164 2104 1352 2170 aliam
1413 2106 1787 2169 sententiam
1841 2125 2251 2171 communem.
2299 2106 2724 2171 Veruntamen
2776 2108 2966 2184 ratic,
3022 2124 3183 2189 quam

747 2208 1022 2272 declarat
1052 2227 1123 2273 ex
1153 2208 1425 2285 Palacio,
1466 2227 1588 2272 non
1622 2207 1869 2272 videtur
1914 2208 2165 2272 invicta.
2200 2207 2421 2273 Utitur
2452 2228 2670 2292 nempe
2718 2209 2998 2292 exemplo
3035 2207 3179 2278 Titii,

748 2311 857 2393 qui
880 2310 1240 2394 Sempronio
1273 2310 1626 2394 promiserit
1656 2313 1904 2376 centum
1940 2330 2178 2388 aureOS,
2213 2311 2268 2375 si
2298 2331 2441 2376 eum
2471 2311 2826 2376 visitaverit
2855 2311 3024 2376 domi
3059 2327 3182 2375 suae

749 2415 812 2478 et
842 2413 980 2478 dein
1014 2411 1372 2496 Sempronio
1410 2412 1682 2477 venienti
1712 2413 1928 2478 iubeat
1955 2413 2118 2479 fores
2152 2413 2408 2479 occludi.
2443 2414 2530 2477 At
2561 2413 2900 2497 disparitas
2933 2415 3028 2479 est
3059 2415 3115 2477 et
3140 2411 3182 2474 si

749 2535 785 2580 a
810 2514 1169 2600 Sempronio
1203 2514 1493 2599 penderet
1515 2515 1772 2597 efficere,
1800 2517 1875 2580 ut
1896 2515 2101 2581 Titius
2126 2535 2248 2581 non
2275 2515 2622 2581 occluderet
2651 2515 2836 2595 fores,
2871 2515 3182 2581 diceremus

746 2619 948 2703 reipsa
980 2618 1219 2682 Titium
1251 2636 1373 2682 non
1412 2637 1541 2682 esse
1578 2638 1753 2683 reum
1787 2619 2120 2702 impeditae
2167 2619 2554 2684 conditionis.
2604 2618 2804 2701 Atqui
2849 2620 2917 2683 in
2954 2637 3092 2683 casu
3130 2617 3180 2679 in

747 2722 1057 2804 potestate
1090 2721 1206 2785 Dei
1251 2722 1386 2785 erat
1431 2722 1687 2798 efficere,
1736 2724 1810 2786 ut
1856 2742 2084 2786 vovens
2130 2741 2252 2787 non
2297 2721 2673 2787 consentiret
2717 2741 2949 2805 pravae
2984 2721 3074 2785 illi
3100 2737 3184 2783 vo⁴

747 2824 979 2887 luntati
1012 2822 1301 2906 peccandi
1339 2823 1468 2887 sive
1501 2823 1578 2887 ad
1608 2823 1935 2888 vitandum
1967 2824 2285 2908 religionis
2322 2825 2670 2909 ingressum
2703 2823 2835 2888 sive
2868 2824 2950 2889 ob
2978 2839 3185 2888 meram

746 2925 1177 3009 fragilitatem.

839 3024 993 3099 641.
1026 3028 1220 3094 Addit
1249 3029 1384 3093 heic
1416 3047 1465 3093 s,
1500 3028 1685 3111 Alph.
1720 3049 1779 3092 n.
1817 3030 1967 3092 219.
2003 3028 2124 3093 duo
2159 3028 2361 3111 quoad
2395 3027 2798 3094 conditiones.
2833 3029 2926 3092 Ac
2961 3028 3026 3091 1ο
3046 3023 3187 3110 quod

748 3131 1129 3198 conditiones
1168 3133 1382 3215 turpes
1430 3150 1500 3196 ac
1544 3131 1959 3214 impossibiles
1992 3131 2256 3196 reddunt
2292 3133 2440 3196 vota
2487 3129 2688 3195 nulla:
2737 3129 3188 3216 intelligendum

752 3236 960 3298 autem
993 3234 1109 3299 hoc
1140 3233 1213 3298 de
1244 3235 1414 3317 turpi
1451 3233 1822 3310 conditione,
1857 3253 2013 3315 quae
2046 3234 2130 3297 sit
2159 3234 2356 3298 veluti
2387 3233 2557 3298 finis:
2597 3252 2746 3298 nam
2776 3234 2844 3299 in
2878 3234 3041 3299 votis
3069 3249 3192 3315 poe·

750 3336 995 3401 nalibus
1032 3335 1303 3401 conditio
1341 3338 1505 3401 certe
1543 3338 1639 3401 est
1670 3335 1989 3418 quidpiam
2022 3336 2195 3400 mali.

929 3440 999 3502 2⁰
1030 3438 1206 3519 Quod
1254 3438 1330 3504 ad
1364 3439 1810 3524 obligationem
1843 3437 1976 3502 voti
2007 3456 2128 3502 non
2164 3437 2414 3511 sufficit,
2448 3438 2525 3503 ut
2553 3438 2830 3504 conditio
2878 3438 3194 3523 impleatur

748 3540 1232 3623 aequivalenter,
1265 3541 1369 3606 sed
1406 3541 1586 3605 debet
1622 3539 1867 3623 impleri
1899 3539 2210 3623 specifice:
2244 3559 2303 3604 V.
2344 3560 2437 3625 gr.
2470 3540 2702 3605 vovisti
2739 3541 3112 3626 religionem,
3142 3535 3192 3599 si

749 3663 923 3709 soror
949 3645 1061 3708 tua
1091 3644 1403 3727 nupseritz
1437 3661 1561 3707 non
1592 3642 1826 3707 sufficit
1863 3642 2024 3724 quod
2060 3642 2170 3706 illa
2202 3642 2526 3706 moriatur.
2561 3641 2779 3722 Quoad
2814 3644 2978 3707 hanc
3007 3646 3195 3705 tamen

752 3765 870 3810 non
911 3765 1122 3810 omnes
1158 3745 1570 3810 consentiunt.
1612 3745 1694 3809 Et
1738 3746 1902 3809 certe
1950 3745 2003 3808 si
2035 3763 2311 3826 unquam
2343 3744 2519 3822 aliae,
2556 3745 2692 3809 heic
2737 3744 3067 3829 spectanda
3099 3760 3195 3805 vo-

751 3847 953 3911 ventis
985 3847 1268 3912 intentio.
1303 3848 1386 3911 Et
1432 3848 1485 3912 si
1516 3848 1799 3912 voventis
1847 3846 2110 3911 intentio
2144 3865 2214 3911 eo
2248 3845 2581 3925 ferebatur,
2615 3846 2781 3928 quod
2813 3865 2939 3912 non
2975 3844 3194 3909 deceret

752 3967 1026 4013 sororem
1051 3948 1250 4013 solam
1272 3948 1335 4012 in
1367 3950 1639 4032 periculo
1672 3949 2081 4014 constitutam
2113 3949 2405 4025 deserere,
2431 3948 2727 4031 profecte,
2753 3948 2867 4013 illa
2890 3947 3190 4013 moriente,

752 4053 899 4117 voto
940 4051 1206 4137 obligari
1250 4051 1356 4115 ille
1402 4052 1766 4117 censebitur.
1818 4052 1919 4115 Ita
1966 4051 2018 4116 si
2067 4052 2205 4133 quis
2252 4053 2440 4117 vovet
2476 4050 2861 4135 religionem,
2894 4050 3011 4115 nisi
3034 4050 3193 4132 pater

752 4153 1140 4219 contradicat
1165 4154 1278 4216 aut
1309 4171 1491 4237 aegre
1520 4153 1681 4217 ferat
1727 4156 1790 4218 et
1820 4154 2070 4218 interim
2108 4155 2285 4236 pater
2314 4153 2637 4232 moriatur,
2669 4152 3015 4218 illusorium
3044 4148 3186 4213 foret

754 4275 995 4320 censere
1020 4274 1161 4320 eum
1196 4257 1557 4320 excusatum
1590 4274 1626 4318 a
1658 4260 1806 4320 voto
1841 4256 1918 4321 ob
1950 4255 2363 4321 conditionem
2395 4275 2520 4321 non
2548 4256 2890 4339 impletam.
2925 4248 3180 4319 Conditio

754 4357 919 4421 enim
959 4360 1126 4421 erat:
1162 4356 1283 4421 nisi
1316 4375 1430 4440 ego
1464 4356 1764 4439 impediar
1796 4375 1865 4421 ex
1913 4357 2122 4422 dolore
2170 4359 2365 4442 patris
2391 4377 2572 4445 aegre
2596 4358 2848 4423 ferentis
2877 4356 3177 4422 discessum

752 4476 983 4522 meum.
