3497 5147
749 337 857 390 512
891 349 1104 391 macr.
1125 352 1205 391 vr.
1228 350 1389 392 sacr.
1408 351 1475 391 11.
1500 350 1587 391 nn
1616 348 1898 392 snouuno
1922 349 2139 391 nmo.
2164 347 2493 389 omanem.
2515 346 2652 388 cae.
2672 347 2765 388 m.
2783 348 2928 390 nnn.
2953 349 3030 390 vn
3067 335 3184 404 [6731

751 448 805 511 si
843 448 1112 511 habeant
1147 447 1509 512 Praelatum
1542 447 1953 531 Superiorem.
1987 428 2152 511 ffi'nc
2175 465 2233 509 v.
2260 465 2354 530 gr.
2381 446 2530 510 vota
2561 445 2851 528 Episcopi
2889 445 3184 529 flegmatis

750 568 871 614 non
919 552 1214 633 poterunt
1259 550 1496 614 irritari
1545 569 1581 613 a
1628 550 1924 633 praelatis
1972 547 2255 632 propriae
2302 547 2669 631 Religionis
2721 549 2868 629 quia
2923 547 3048 612 illis
3087 567 3186 613 non

751 652 1097 730 subiicitur,
1132 652 1238 717 sed
1276 654 1480 718 solum
1514 672 1551 716 a
1583 652 1765 717 Rom.
1806 651 2125 716 Pontifice.
2161 650 2338 715 Suar.
2377 648 2527 713 ibid.
2564 669 2624 713 n.
2664 650 2767 713 10.

843 750 1014 823 673.
1056 756 1229 838 Papa
1257 755 1473 838 itaque
1519 755 1727 838 potest
1757 754 1983 818 directe
2029 752 2276 817 irritare
2325 751 2534 816 omnia
2566 753 2719 816 vota
2766 750 3047 816 omnium
3082 752 3190 815 reli-

750 858 1073 942 giosorum
1108 863 1407 939 tanquam
1450 877 1777 937 supremus
1813 855 2162 920 Praelatus
2206 856 2643 935 cuiuscumque
2679 853 3060 936 ReliyioniS‚
3091 874 3190 920 non

752 963 964 1025 autem
997 979 1068 1026 ex
1099 962 1414 1025 communi
1447 961 1636 1025 titulo
1676 977 2001 1043 supremae
2033 957 2481 1023 iurisdictionis
2519 957 2584 1021 in
2616 956 2997 1033 Ecclesiam3
3030 977 3191 1040 neque

752 1064 917 1127 enim
951 1083 1160 1128 omnes
1193 1063 1422 1141 fideleS‚
1450 1063 1556 1127 sed
1580 1063 1698 1127 soli
1729 1061 2009 1146 religiosi
2039 1080 2111 1125 ex
2135 1060 2198 1124 vi
2219 1059 2618 1143 professionis
2648 1059 2982 1144 religiosae
3006 1061 3193 1142 (quam

751 1166 881 1248 ipse
913 1166 1199 1231 Pontifex
1236 1165 1657 1248 principaliter
1689 1165 1990 1247 acceptat,
2028 1163 2136 1227 alii
2167 1181 2313 1226 vero
2346 1161 2410 1226 in
2444 1162 2680 1226 virtute
2713 1163 3118 1227 concessionis
3142 1165 3196 1228 et

754 1268 1218 1351 approbationis
1263 1269 1489 1351 ipsius)
1535 1268 1652 1332 hoc
1675 1267 1883 1350 „pacto
1921 1266 2015 1329 illi
2063 1264 2436 1329 subduntur.
2487 1262 2666 1327 Suar.
2707 1264 2815 1328 lib.
2852 1265 2915 1328 6.
2951 1266 3028 1327 de
3084 1265 3192 1329 Vot.

752 1389 885 1453 cap.
925 1372 982 1434 7.
1023 1391 1082 1435 n.
1123 1372 1223 1434 18.
1260 1371 1373 1455 (a).

844 1473 1185 1556 Disputant
1235 1474 1392 1550 DD.‚
1442 1492 1520 1537 an
1568 1472 1807 1554 Leyato
1852 1493 1893 1534 a
1939 1471 2170 1535 Latere
2217 1469 2332 1534 fiat
2379 1471 2530 1533 haec
2576 1471 2880 1551 potestas.
2933 1470 3019 1534 Et
3062 1473 3200 1535 certe

754 1575 962 1658 potest
992 1596 1128 1640 eam
1162 1575 1456 1641 Summus
1487 1575 1774 1640 Pontifex
1805 1573 2108 1658 delegare.
2144 1574 2232 1637 At
2278 1571 2444 1654 quod
2479 1572 2537 1636 ei
2568 1571 2721 1636 insit
2751 1572 2816 1635 vi
2857 1572 3066 1649 officii,
3096 1592 3200 1638 non

753 1680 1019 1754 constat,
1047 1698 1155 1742 nec
1187 1679 1393 1762 praxis
1426 1679 1542 1742 hoc
1570 1678 1817 1741 videtur
1842 1677 2085 1740 habere.
2113 1674 2254 1740 Vid.
2283 1673 2474 1739 Salm.
2501 1674 2575 1737 de
2617 1673 2751 1738 Vot.
2775 1693 2912 1757 cap.
2942 1676 3004 1738 3.
3032 1695 3085 1739 n.
3108 1676 3200 1739 39.

752 1781 890 1845 Hoc
919 1782 1158 1845 certum
1192 1783 1305 1858 est,
1338 1799 1462 1844 non
1500 1780 1723 1844 habere
1772 1779 1931 1843 hanc
1979 1778 2345 1842 facultatem
2377 1774 2736 1841 Cardinales
2783 1776 3197 1854 Protectores3

753 1903 948 1964 neque
987 1884 1150 1947 enim
1183 1883 1426 1966 proprie
1458 1886 1521 1946 et
1545 1882 1760 1947 stricte
1793 1883 1941 1945 sunt
1971 1880 2237 1964 praelati
2283 1879 2765 1964 Religiosorum.
2801 1879 3001 1944 Salm.
3033 1880 3164 1944 ibid.

845 1985 1016 2048 Idem
1065 1987 1201 2049 erat
1247 1986 1396 2050 olim
1457 2005 1600 2049 cum
1653 1984 2053 2068 proportione
2113 1984 2186 2047 de
2234 1982 2574 2066 Episcopis‚
2624 1982 2873 2064 quando
2922 1983 3203 2068 Religiosi

754 2090 932 2152 erant
975 2088 1103 2151 illis
1147 2088 1507 2153 immediate
1554 2087 1815 2151 subiecti
1854 2088 1917 2150 et
1959 2087 2024 2150 in
2071 2103 2287 2150 eorum
2333 2085 2624 2149 manibus
2670 2084 3125 2169 profitebantur
3153 2090 3205 2150 et

754 2190 877 2255 fere
906 2191 1058 2274 ipsis
1091 2191 1422 2256 commissa
1469 2193 1604 2255 erat
1649 2189 2016 2273 approbatio
2052 2189 2452 2274 Religionum
2498 2207 2608 2271 pro
2656 2188 2788 2253 suis
2819 2188 3204 2254 dioecesibus.

752 2291 932 2356 Nunc
956 2312 1100 2358 vero
1125 2312 1247 2358 non
1271 2293 1503 2357 habent
1526 2293 1814 2375 Episcopi
1839 2291 2000 2355 hanc
2022 2293 2398 2374 potestatem
2415 2290 2481 2354 in
2505 2290 2862 2375 Religiosos
2886 2295 3205 2375 exempto&

754 2396 901 2476 quia
932 2415 1043 2460 nec
1080 2397 1229 2460 sunt
1259 2397 1374 2461 sub
1408 2415 1619 2459 eorum
1659 2393 2105 2471 iurisdictione,
2139 2413 2249 2458 nec
2280 2393 2407 2457 illis
2438 2393 2768 2475 specialem
2806 2394 3210 2459 obedientiam

753 2500 999 2563 vovent.
1033 2498 1286 2563 Habent
1316 2501 1525 2563 tamen
1564 2499 1741 2562 illam
1779 2498 1849 2560 in
1880 2497 2184 2561 moniales
2220 2497 2346 2561 sibi
2378 2497 2687 2561 subiectae
2731 2499 2796 2562 et
2841 2499 2910 2562 in
2962 2500 3130 2572 alios,
3161 2498 3211 2562 si

753 2602 861 2683 qui
893 2603 1039 2679 sint,
1075 2602 1183 2683 qui
1212 2602 1277 2665 in
1309 2601 1598 2667 manibus
1630 2620 1846 2666 eorum
1883 2601 2298 2684 profiteantur
2345 2602 2409 2664 et
2456 2601 2571 2664 sub
2616 2619 2834 2665 eorum
2875 2602 3212 2667 obedientia

751 2704 1110 2769 immediate
1156 2707 1497 2769 versentur.
1538 2703 1861 2770 Eiusmodi
1907 2707 2054 2768 sunt
2101 2703 2406 2786 quaedam
2453 2700 2992 2789 congregationes
3038 2705 3216 2770 etiam

752 2810 969 2871 nostra
1008 2810 1213 2872 aetate
1244 2807 1307 2870 in
1331 2806 1578 2871 Galliis.

843 2908 1061 2989 Quoad
1093 2910 1450 2993 Superiores
1487 2910 1812 2994 religiosos
1843 2909 2150 2993 generalis
2196 2908 2467 2973 formula
2500 2911 2623 2973 est:
2658 2907 2943 2989 Quilibet
2973 2908 3218 2974 Ordina-

751 3014 882 3079 rius
913 3014 1231 3097 praelatus
1266 3032 1301 3077 a
1326 3011 1604 3095 proximo
1638 3030 1836 3093 usque
1870 3010 1951 3075 ad·
1994 3030 2355 3093 supremum
2401 3011 2595 3075 habet
2625 3011 2785 3075 hanc
2824 3013 3216 3094 potestatem.

750 3116 933 3181 Tales
980 3117 1128 3180 sunt
1172 3115 1466 3193 Abbates‚
1502 3113 1770 3188 Priores,
1820 3112 2186 3190 Guardiani‚
2226 3113 2520 3177 Rectores
2569 3115 2634 3177 et
2679 3113 3067 3179 huiusmodi.
3115 3114 3213 3195 qui

752 3224 816 3287 in
848 3241 1220 3305 unoquoque
1267 3220 1611 3299 Conventa,
1662 3219 1941 3305 Collegio
1992 3223 2107 3285 etc.
2155 3221 2420 3304 praelati
2458 3222 2624 3284 sunt.
2681 3221 2965 3286 Praelati
3013 3219 3218 3285 deinde

752 3327 1130 3414 SuperioreS‚
1179 3331 1288 3412 qui
1351 3329 1863 3394 universaliorem
1909 3328 2141 3392 habent
2196 3328 2593 3411 potestatem,
2641 3330 2719 3392 ut
2773 3327 3107 3393 Generales
3152 3344 3220 3388 ac

722 3434 1169 3499 'Provinciales
1201 3434 1266 3498 et
1309 3433 1361 3497 si
1396 3433 1503 3514 qui
1549 3432 1698 3496 sunt
1742 3430 2114 3495 intermedii.
2148 3429 2313 3494 Nam
2359 3430 2426 3493 hi
2460 3447 2671 3494 omnes
2717 3432 2871 3494 sunt
2918 3427 3220 3495 Ordinarii

750 3541 1032 3621 pastores
1081 3540 1144 3602 et
1189 3536 1699 3600 universaliorem
1751 3534 1982 3598 habent
2028 3534 2425 3616 potestatem,
2485 3551 2645 3613 quae
2691 3532 3110 3616 principaliter
3152 3529 3220 3592 in

753 3640 1041 3706 Generali
1072 3640 1299 3704 residet
1331 3638 1773 3721 (exsecutivam
1807 3637 2119 3722 intellige)
2152 3639 2214 3700 et
2246 3634 2461 3701 deinde
2499 3634 2641 3700 aliis
2674 3633 3222 3719 proportionaliter

752 3743 1268 3807 communicatur.

842 3846 900 3910 N
905 3867 980 3911 on
1014 3848 1243 3911 habent
1276 3848 1484 3910 tamen
1530 3846 1689 3908 hanc
1727 3844 2105 3927 potestatem
2154 3842 2532 3908 ordinariam
2563 3841 2783 3906 vicarii
2819 3843 2920 3906 vel
2951 3835 3217 3906 ministri

755 3949 1004 4032 aliique,
1038 3968 1193 4030 quos
1224 3950 1489 4033 praelati
1520 3948 1753 4013 habent
1781 3948 1897 4012 sub
1944 3966 2008 4011 se
2042 3947 2115 4010 ut
2146 3945 2535 4011 coadiutores
2565 3945 2908 4029 regiminis.
2941 3944 3024 4008 Hi
3055 3944 3216 4005 enim

754 4054 1129 4136 potestatem
1164 4051 1539 4116 ordinariam
1578 4053 1691 4115 aut
1734 4049 2228 4114 iurisdictionem
2260 4066 2382 4112 non
2413 4047 2666 4123 habent,
2701 4047 2824 4111 nisi
2871 4046 3219 4129 delegatam

756 4161 1061 4243 accipiant
1093 4160 1191 4223 vel
1228 4157 1474 4240 quando
1508 4158 1571 4222 in
1605 4156 1884 4222 absentia
1919 4155 2185 4240 praelati
2217 4155 2411 4219 vicem
2444 4154 2616 4218 illius
2648 4154 2878 4238 gerunt
2908 4171 3042 4217 eum
3075 4149 3215 4213 tota

753 4261 1176 4327 iurisdictione
1207 4262 1383 4324 iuxta
1416 4260 1716 4342 cuiusque
1747 4259 2068 4343 religionis
2098 4256 2626 4323 consuetudinem.

836 4576 898 4626 (a)
929 4574 1004 4619 Cf.
1027 4576 1094 4618 sis
1122 4587 1252 4630 quae
1279 4575 1495 4619 dicimus
1524 4576 1577 4617 in
1607 4579 1673 4619 tr.
1694 4574 1783 4619 Ix.
1806 4589 1849 4619 ο.
1872 4578 1913 4619 1.
1935 4577 2047 4620 sub.
2067 4585 2102 4626 9.
2127 4577 2365 4622 xxm.
2387 4577 2443 4621 E.
