3497 5147
271 348 402 423 1540]
1117 364 1268 410 Qun>
1305 363 1399 405 srr
1433 364 1849 409 JURAHENTUM
2605 354 2715 409 413

268 460 430 545 gium
475 459 714 525 clericis
746 459 1076 533 tributum,
1109 460 1432 543 praecipue
1464 462 1909 539 sacerdotibus,
1949 464 2025 527 ut
2053 465 2117 528 in
2141 465 2345 530 causis
2375 465 2715 529 levioribus

268 564 457 628 iurare
503 581 627 626 non
671 563 997 646 cogantur,
1036 562 1140 626 sed
1198 563 1329 627 vice
1373 563 1709 628 iuramenti
1753 566 2125 649 interposita
2175 566 2294 631 fide
2346 565 2714 631 sacerdotali

266 665 613 749 respondere
660 666 910 748 queant,
944 665 1009 729 in
1054 665 1321 730 aliorum
1368 667 1816 749 praeiudicium
1862 669 2120 746 cederet,
2153 670 2276 735 nisi
2306 669 2540 744 eadem,
2589 688 2715 750 qua

271 767 363 832 alii
422 787 562 831 vere
608 769 671 832 et
718 768 963 851 proprie
1006 768 1305 845 iuranteS‚
1354 769 1637 833 veritatis
1705 770 1995 835 dicendae
2050 770 2311 854 fideique
2381 770 2716 836 servandae

269 869 635 953 obligatione
667 870 1041 936 tenerentur.
1075 869 1219 934 Vid.
1251 869 1467 955 Laym.
1506 871 1614 935 lib.
1650 873 1711 935 4.
1746 874 1793 936 t.
1821 873 1882 936 3.
1916 893 2049 957 cap.
2087 875 2149 938 2.
2185 893 2244 938 11.
2281 875 2341 938 2.
2376 873 2535 937 unde
2565 873 2717 936 haec

270 972 605 1054 desumpta.

348 1074 545 1138 Affine
598 1073 929 1156 praedictis
974 1076 1089 1151 est,
1145 1075 1311 1156 quod
1355 1095 1530 1159 reges
1585 1077 1649 1140 et
1700 1078 2004 1161 principes
2052 1097 2173 1143 non
2220 1078 2400 1142 facile
2449 1077 2716 1141 aliorum

269 1194 420 1241 more
466 1177 674 1241 iurare
721 1177 943 1255 solent,
992 1178 1098 1242 sed
1144 1177 1279 1243 loco
1349 1178 1688 1244 iuramenti
1734 1180 1799 1243 in
1843 1180 1963 1245 fide
2009 1200 2119 1246 seu
2165 1199 2271 1264 per
2317 1180 2502 1244 fidem
2547 1180 2718 1262 prin-

264 1280 402 1362 cipis
449 1282 564 1344 aut
609 1279 774 1363 regis
819 1280 1200 1362 promittere.
1252 1279 1420 1359 Quae
1469 1281 1717 1364 quidem
1762 1283 1906 1346 fidei
1936 1282 2325 1366 interpositio
2360 1283 2425 1346 in
2453 1280 2588 1346 foro
2622 1301 2718 1345 ex-

264 1383 423 1447 terno
474 1384 779 1464 tanquam
807 1383 1017 1448 iurata
1048 1384 1376 1467 promissio
1410 1385 1849 1469 accipiebatur,
1888 1407 1999 1452 seu
2045 1388 2394 1451 iuramento
2428 1386 2717 1469 aequipa-

262 1485 510 1549 rabatur
532 1485 597 1550 in
621 1486 991 1568 quibusdam
1017 1484 1385 1551 Germaniae
1408 1488 1580 1566 locis,
1607 1491 1681 1553 ut
1695 1489 2019 1575 Laymann
2045 1490 2322 1554 affirmat
2344 1507 2416 1552 ex
2448 1487 2715 1551 aliorum

263 1587 612 1652 testimonio
657 1588 700 1652 1.
737 1608 787 1652 e.
822 1590 887 1653 et
916 1587 1171 1665 addunt,
1204 1589 1367 1655 idem
1407 1591 1738 1668 observari,
1767 1593 1821 1656 si
1845 1591 1995 1656 fides
2028 1591 2177 1656 data
2225 1591 2309 1654 sit
2355 1609 2392 1653 a
2439 1589 2716 1672 personis

260 1689 562 1754 nobilibus
610 1692 672 1755 et
716 1690 1069 1755 illustribus
1114 1692 1179 1754 in
1225 1690 1586 1766 Germania:
1636 1694 1806 1774 quia,
1856 1697 1928 1759 ut
1974 1693 2048 1757 de
2094 1691 2520 1758 sacerdotibus
2567 1691 2717 1754 dixi-

255 1811 409 1868 mm,
456 1792 522 1856 in
568 1792 927 1858 huiusmodi
957 1794 1232 1877 personis
1278 1794 1669 1877 interpositio
1718 1794 1861 1860 fidei
1907 1795 2152 1878 (parola
2198 1795 2263 1859 di
2311 1795 2525 1877 onore)
2573 1794 2719 1858 loco

260 1893 591 1958 iuramenti
636 1914 766 1959 esse
798 1898 1102 1961 censetur.

347 1994 484 2060 Hoc
531 1996 689 2060 idem
721 2000 785 2062 et
814 1998 976 2062 inter
1020 1998 1325 2062 militares
1372 1999 1681 2064 usitatum
1712 2000 2072 2082 reperimus,
2107 2001 2181 2063 ut
2210 2000 2442 2063 norunt
2481 2016 2716 2062 omnes.

345 2097 433 2163 Ex
464 2100 690 2181 quibus
721 2100 915 2183 patet,
939 2101 1005 2165 in
1028 2101 1125 2166 his
1148 2120 1271 2166 non
1308 2102 1521 2166 haberi
1549 2101 1991 2181 iuramentum,
2025 2105 2099 2167 ut
2135 2103 2372 2167 Auctor
2404 2100 2542 2166 dein
2566 2099 2720 2164 dicit

248 2202 427 2266 resol.
464 2203 567 2266 8⁸:
603 2203 815 2268 haberi
847 2204 1056 2268 tamen
1077 2204 1370 2282 rationeS‚
1398 2223 1557 2286 quae
1582 2204 2031 2289 obligationem
2063 2223 2174 2270 seu
2205 2204 2349 2270 fidei
2382 2202 2716 2269 servandae

249 2323 351 2368 seu
377 2306 671 2370 veritatis
702 2305 987 2372 fatendae
1010 2308 1281 2390 pressius
1320 2308 1595 2392 exigunt,
1633 2309 1705 2372 ut
1736 2307 1866 2372 iam
1912 2308 2150 2372 dictum
2201 2309 2314 2372 est.

357 2454 436 2506 Vl.
466 2456 518 2507 5.
548 2455 805 2507 For-mulae
830 2457 940 2517 hac,
967 2455 1113 2509 Deus
1140 2455 1309 2518 novit,
1342 2456 1485 2509 Deus
1526 2454 1821 2510 testabitur
1855 2469 1960 2510 suo
2000 2459 2257 2526 tempore,
2286 2468 2477 2510 coram
2509 2454 2619 2508 Deo
2646 2453 2715 2507 lo-

247 2550 404 2607 quor,
425 2539 581 2594 Deus
600 2538 757 2594 novit
781 2529 987 2604 omniu,
1012 2541 1155 2595 Deus
1182 2538 1325 2595 videt
1342 2554 1520 2595 meam
1546 2539 1955 2605 conscientiam,
1977 2546 2240 2594 censentur
2259 2546 2444 2593 tantum
2467 2537 2715 2591 narrative

244 2623 465 2689 proferri,
503 2640 607 2677 uon
646 2623 925 2678 invocativc
962 2628 1128 2692 (atquc
1165 2629 1290 2679 adeo
1329 2641 1423 2679 non
1460 2634 1574 2680 sunt
1622 2626 1932 2692 iuramenta),
1973 2626 2064 2679 nisi
2102 2625 2235 2679 aliud
2275 2631 2465 2679 constet
2502 2630 2586 2677 aut
2623 2622 2715 2676 cir·

239 2710 552 2764 canstantiis
594 2713 850 2777 probetur.
878 2713 1044 2776 Laym.
1073 2713 1104 2762 Ι.
1131 2725 1177 2764 c.
1204 2725 1251 2763 n.
1282 2711 1329 2763 4.
1359 2714 1534 2764 Bonae.
1557 2726 1603 2777 q.
1642 2713 1683 2764 1.
1712 2727 1758 2777 p.
1789 2714 1837 2764 2.
1863 2726 1925 2764 ex
1954 2714 2096 2764 Suar.
2126 2714 2259 2765 Lesa
2286 2713 2462 2763 Sancti.
2490 2716 2583 2761 etc.

324 2814 513 2890 540.
567 2819 886 2884 Formulis
920 2820 996 2884 ab
1028 2820 1102 2884 A.
1138 2820 1452 2884 recensitis
1478 2839 1524 2884 s,
1559 2820 1744 2904 Alph.
1772 2840 1831 2884 n.
1870 2821 2017 2883 134.
2061 2820 2213 2885 alias
2262 2819 2454 2896 addit,
2493 2835 2709 2899 nempe

255 2919 425 2984 Vivit
441 2921 659 2999 DeuS,
693 2920 872 2986 Deus
901 2925 996 2986 est
1014 2923 1246 2987 veritas
1258 2944 1280 3000 ,·
1311 2922 1384 2987 de
1407 2923 1634 3005 quibus
1663 2921 1829 2987 idem
1858 2922 2159 2986 iudicium
2189 2924 2343 3000 esto,
2372 2941 2442 2985 ac
2465 2922 2537 2985 de
2571 2939 2716 2984 enu-

232 3025 494 3089 meratis
537 3025 625 3089 ab
656 3025 944 3089 Auctore.

321 3126 668 3206 Videlicet,
694 3127 821 3192 sint
856 3146 1039 3191 necne
1077 3128 1514 3206 iuramentum,
1548 3128 1775 3211 pendet
1805 3128 1881 3192 ab
1916 3130 2120 3192 animo
2152 3128 2534 3212 proferentis.

318 3233 352 3269 *
377 3231 581 3310 Nam,
623 3231 699 3295 ut
723 3230 814 3295 ait
835 3229 1063 3295 Suarez
1094 3231 1136 3293 l.
1163 3250 1216 3294 c.
1249 3250 1300 3294 c.
1340 3230 1443 3293 13.
1463 3251 1522 3295 n.
1542 3233 1627 3308 8.,
1653 3232 1916 3315 possunt
1945 3230 2305 3297 huiusmodi
2328 3229 2710 3295 locutiones:

224 3335 346 3397 scit
374 3333 595 3412 Dea-9,
632 3351 844 3396 eoram
888 3332 1047 3408 Deo,
1078 3333 1149 3395 iu.
1183 3333 1550 3411 praesentia
1578 3331 1710 3397 Dei
1737 3333 1992 3415 (quibus
2039 3335 2104 3397 et
2149 3333 2292 3396 addi
2338 3333 2554 3415 possit,
2605 3331 2716 3409 ait,

230 3439 404 3502 testis
435 3442 543 3502 est
589 3434 802 3519 Deus)
858 3438 1044 3518 atque
1075 3435 1309 3499 similes
1355 3435 1738 3498 enuntiative
1786 3436 2035 3499 tantum
2082 3435 2344 3518 proferri
2394 3433 2472 3497 ad
2511 3435 2720 3497 osten·-

223 3540 495 3605 dendam
547 3537 898 3623 perfectam
943 3537 1495 3603 considerationem
1540 3537 1854 3618 loquentis
1901 3539 1964 3600 et
2010 3536 2087 3599 ad
2127 3534 2575 3600 conciliandam
2619 3553 2720 3597 re-

224 3645 588 3709 verentiam
641 3643 705 3705 et
757 3640 1189 3705 credulitatem
1220 3640 1284 3703 in
1315 3639 1425 3703 illa
1473 3637 1828 3713 fundatam;
1878 3640 1951 3702 ut
1989 3638 2042 3701 si
2090 3637 2229 3720 quis
2268 3637 2527 3718 loquens
2574 3655 2717 3700 cum

220 3748 342 3813 alio
391 3764 634 3812 coram
678 3763 823 3829 rege
869 3742 1036 3808 dicat
1067 3762 1130 3806 se
1161 3762 1283 3807 non
1330 3742 1644 3807 dicturum
1689 3740 2081 3804 mendacium
2126 3757 2337 3803 coram
2381 3757 2545 3822 rege,
2594 3756 2716 3801 non

216 3854 567 3936 propterea
604 3849 960 3913 censeretur
985 3846 1281 3910 adducere
1305 3865 1511 3930 regem
1532 3845 1595 3908 in
1621 3845 1865 3909 testem.
1884 3842 2121 3906 Verum
2138 3841 2385 3906 eaedem
2410 3840 2720 3905 formulae

218 3955 581 4018 invocatione
636 3949 899 4034 proferri
944 3968 1187 4032 quoque
1218 3952 1498 4033 possunt,
1535 3949 1607 4013 ut
1639 3948 1807 4011 Deus
1839 3946 1900 4011 in
1935 3946 2160 4011 testem
2195 3947 2468 4023 vocetur,
2505 3964 2719 4028 quem-

212 4056 577 4124 admodum
603 4054 884 4138 August.
917 4052 1363 4136 interpretatur
1395 4051 1581 4116 verba
1611 4049 1931 4133 Apostoli:
1970 4068 2100 4113 ecce
2130 4068 2343 4113 coram
2377 4047 2535 4120 Deo,
2571 4047 2721 4126 qula

214 4180 342 4225 non
378 4158 707 4225 mentior.
733 4153 875 4220 Gal.
908 4156 957 4219 I.
994 4157 1099 4219 20.
1134 4179 1196 4218 ».
1226 4156 1262 4192 *

301 4262 542 4345 Quoad
598 4258 768 4323 istas
815 4257 1091 4339 aliasque
1136 4256 1389 4320 inferius
1437 4254 1833 4320 recensendas
1878 4253 2181 4318 formulas
2229 4252 2347 4315 hoc
2400 4267 2545 4333 ergo
2595 4265 2723 4310 sae-

215 4367 350 4449 pius
384 4360 885 4451 poenitentibus
930 4359 1382 4436 inculcandum,
1433 4359 1595 4423 circa
1630 4358 2037 4422 intentionem
2093 4353 2352 4419 vocandi
2411 4353 2612 4416 Deum
2659 4350 2724 4413 in

217 4473 465 4547 testem,
496 4486 642 4533 non
700 4462 910 4527 haberi
954 4462 1020 4526 in
1063 4462 1161 4527 his
1207 4462 1648 4526 iuramentum.
1696 4459 1944 4522 Etenim
1991 4455 2270 4538 plerique
2302 4454 2600 4516 naturam
2632 4452 2726 4516 iu-

216 4574 491 4641 ramenti
543 4569 882 4655 ignorant,
931 4568 1155 4650 putant
1194 4568 1395 4629 tamen
1445 4566 1588 4646 post
1626 4562 1937 4625 adhibitas
1985 4560 2097 4621 has
2137 4557 2370 4621 aliasve
2419 4556 2725 4621 formulas
