3497 5147
713 351 816 404 152
889 365 1102 405 TRAc‘r.
1138 367 1193 405 v.
1222 364 1384 406 31101.
1412 366 1500 405 111.
1526 367 1611 405 Dr:
1636 365 1956 407 caan-Aris
1981 366 2372 406 PRAEOEPTIS.
2400 364 2598 406 capur
2624 366 2686 405 11.
2713 366 2855 408 111113.
2885 368 2973 408 111.
3028 352 3176 426 [202]

816 462 1006 515 ΧΧΙΧ.
1029 464 1174 528 Resp.
1199 463 1248 515 3.
1268 461 1496 515 Proximo
1518 462 1569 515 in
1598 470 1816 516 extrema
1844 461 2134 515 necessitate
2159 461 2336 515 teneris
2362 476 2648 516 succurrere
2667 462 2919 515 ordinarie
2943 477 3004 516 ex
3035 462 3176 515 bouis

703 545 850 598 etiam
878 545 1041 610 aliquo
1073 548 1218 601 modo
1242 549 1304 598 ad
1334 553 1513 599 statum
1542 545 1849 600 necessariis.
1878 548 2079 606 suarez,
2108 549 2273 608 Laym.
2302 560 2373 600 ex
2397 546 2695 601 communi.
2722 546 2973 600 satisfacis
3011 555 3173 599 tamen

706 628 1047 696 probabiliter,
1074 629 1116 682 si
1157 632 1245 682 des
1284 644 1392 683 cum
1432 645 1582 683 onere
1621 630 1928 692 restituendi,
1955 633 2151 695 quando
2190 629 2283 682 erit
2321 630 2486 683 ditior.
2517 633 2664 697 Vasq.
2699 638 2792 684 etc.
2819 641 2991 684 contra
3031 634 3170 685 Suar.

701 715 825 769 Con.
853 722 947 767 010.
977 729 1024 765 v.
1056 713 1194 767 Dian.
1223 731 1269 781 ρ.
1297 718 1348 768 5.
1376 722 1410 768 ῑ.
1439 719 1489 767 8.
1515 731 1553 768 r.
1585 717 1634 768 5.

812 800 954 851 Addo
982 797 1303 854 ordinarie:
1335 800 1463 866 quia,
1492 800 1531 852 si
1573 800 1730 853 maius
1769 801 1993 852 damnum
2033 799 2390 863 aestimaretur,
2418 806 2465 852 te
2503 800 2731 852 excidere
2763 808 2847 853 tuo
2876 808 3005 852 statu
3031 815 3173 865 quam

704 896 838 936 mors
863 883 1112 951 pauperis,
1144 898 1239 936 non
1269 884 1521 937 tenereris,
1550 886 1681 937 Azor
1709 887 1740 938 l.
1766 899 1810 937 c.

800 1001 981 1074 202.
1030 1005 1203 1069 Haec
1249 1008 1342 1070 est
1391 1006 1672 1071 doctrina
1720 1025 1768 1070 s.
1804 1006 2079 1070 Thomae
2126 1006 2186 1068 4.
2229 1004 2373 1069 (1131.
2429 1006 2529 1069 15.
2565 1025 2623 1086 q.
2675 1007 2735 1068 2.
2787 1025 2842 1069 a.
2889 1007 2945 1069 1.
2988 1006 3070 1088 ql.
3111 1007 3171 1069 4.

715 1131 751 1163 ‹
785 1106 1194 1190 Praeceptum
1213 1108 1388 1192 ‘legis
1425 1109 1682 1192 obligat,
1718 1107 1883 1190 quod
1917 1109 2107 1172 etiam
2145 1108 2500 1171 necessitati
2538 1108 2969 1172 extraneorum
3005 1108 3178 1172 abso-

707 1206 877 1271 lutae
908 1209 1107 1291 primo
1157 1211 1579 1287 subveniatur,
1615 1230 1805 1292 quam
1838 1209 2190 1274 necessitati
2226 1209 2511 1292 propriae
2542 1210 2638 1273 vel
2688 1210 3176 1292 propinquorum

703 1309 1184 1385 condaeftionatae,
1213 1315 1276 1376 et
1311 1311 1447 1376 ideo
1486 1312 1712 1376 dicitur
1750 1312 2178 1388 communiter,
2213 1311 2376 1394 quod
2424 1312 2568 1375 dare
2605 1313 3057 1396 eleemosynam
3104 1312 3176 1376 de

705 1412 1019 1494 superfluo
1066 1413 1234 1477 cadit
1278 1414 1342 1476 in
1388 1416 1733 1497 praecepto,
1785 1418 1848 1478 et
1895 1416 1980 1477 310
2027 1415 2171 1477 dare
2218 1415 2670 1498 eleemosynam
2700 1416 2776 1494 ei,
2817 1416 2924 1497 qui
2973 1418 3067 1480 est
3113 1416 3172 1479 in

705 1515 982 1579 extrema
1012 1516 1399 1594 necessitate,
1428 1517 1573 1580 dare
1600 1519 1810 1581 autem
1843 1517 1915 1580 de
1948 1536 2039 1594 ec,
2067 1517 2230 1598 quod
2256 1519 2349 1581 est
2374 1518 2787 1581 necessarium
2810 1520 3175 1581 necessitate

707 1616 997 1694 secunda,
1048 1637 1170 1682 non
1220 1619 1431 1683 autem
1469 1619 1542 1682 de
1591 1638 1682 1696 eo,
1723 1619 1888 1702 quod
1928 1622 2023 1683 est
2060 1619 2474 1683 necessarium
2522 1619 2887 1684 necessitate
2934 1620 3170 1703 primm

704 1723 856 1804 quia
904 1723 1020 1787 1100
1068 1725 1229 1788 esset
1261 1725 1478 1787 contra
1513 1724 1789 1787 ordinem
1821 1723 2102 1787 caritatis
2128 1748 2189 1786 ».

797 1826 1026 1890 Utrum
1058 1846 1203 1891 vero
1252 1827 1524 1890 satisfiat
1571 1828 1893 1909 praecepto
1931 1825 2329 1890 subveniendi
2369 1825 2429 1888 in
2465 1826 2737 1888 extrema
2785 1825 3171 1902 necessitate,

703 1927 758 1991 si
792 1929 972 1992 detur
1003 1932 1318 2008 mutuum,
1353 1931 1516 1994 inter
1549 1931 1848 1995 Doctores
1881 1930 2383 1993 controvertitur.

794 2031 915 2094 Pro
964 2032 1407 2114 probabilitate
1471 2033 1815 2096 sententiae
1865 2031 2279 2095 affirmativae
2342 2031 2494 2095 facit
2543 2029 2886 2095 auctoritas
2945 2031 3169 2107 Toleti,

704 2131 762 2195 N
767 2133 990 2210 avarri,
1032 2131 1451 2197 Covarruviae
1490 2134 1603 2197 etc.
1641 2132 1808 2216 apud
1841 2133 2108 2196 Dianam
2140 2136 2293 2197 tom.
2321 2135 2381 2196 4.
2410 2137 2488 2197 tr.
2522 2134 2579 2196 7.
2608 2153 2723 2197 res,
2760 2133 2820 2196 4.
2848 2154 2909 2197 11.
2946 2135 3006 2197 2.
3033 2136 3175 2198 tum

704 2236 897 2299 etiam
943 2236 1148 2311 ratio;
1201 2237 1347 2317 quia
1396 2237 1793 2319 praeceptum
1841 2237 2241 2300 subveniendi
2289 2255 2482 2321 egeno
2530 2237 2845 2318 111111101111,
2894 2237 2949 2300 31
2995 2236 3177 2301 detur

706 2337 872 2419 quod
905 2337 1158 2414 sufficit,
1193 2339 1268 2402 ut
1304 2339 1601 2403 liberetur
1634 2339 1712 2402 ab
1758 2338 2120 2422 indigentia,
2157 2339 2219 2402 in
2258 2358 2382 2421 qua
2420 2340 2725 2402 versatur.
2760 2339 2956 2420 Atqui
2990 2339 3067 2402 ad
3115 2339 3177 2402 id

704 2441 939 2506 sufficit
976 2443 1319 2518 mutuatio,
1354 2443 1500 2506 licet
1547 2441 1906 2524 imponatur
1940 2461 2093 2506 onus
2141 2441 2529 2520 restituendi,
2570 2462 2713 2505 cum
2749 2443 2968 2525 possit.
3010 2442 3173 2527 Ergo

707 2543 865 2608 nihil
913 2544 1181 2628 amplius
1220 2544 1659 2628 imponendum
1699 2545 1811 2609 031.
1848 2541 2138 2609 Confirm.
2179 2545 2327 2626 quia
2360 2544 2594 2608 sufficit
2626 2563 2941 2610 occurrere
2976 2563 3177 2609 neces-

708 2647 886 2712 sitati
918 2648 1183 2730 proximi
1218 2666 1326 2730 pro
1362 2650 1659 2729 tempore,
1688 2666 1812 2729 quo
1844 2647 1980 2729 ipsa
2013 2647 2225 2710 durat:
2250 2648 2427 2728 atqui
2465 2648 2580 2711 hoc
2611 2647 2795 2712 modo
2830 2649 3176 2712 occurritur

705 2749 1054 2814 mutuando
1088 2752 1151 2814 et
1183 2752 1399 2814 contra
1447 2750 1730 2813 absolute
1777 2750 1997 2834 largiri
2044 2749 2292 2832 perinde
2329 2750 2448 2814 erit
2495 2768 2566 2813 ac
2612 2750 2937 2814 subvenire
2984 2752 3175 2814 etiam

707 2870 818 2934 pro
858 2870 927 2915 00
963 2853 1262 2936 1011111010,
1299 2872 1420 2935 (1110
1453 2853 1796 2937 indigentia
1827 2853 1938 2916 illa
1971 2854 2252 2917 cessabit.
2289 2852 2486 2916 Nemo
2519 2871 2666 2935 ergo
2701 2852 2780 2916 ad
2809 2852 2872 2915 id
2904 2855 3170 2917 tenetur.

705 2954 788 3017 Et
820 2954 978 3018 hanc
1012 2954 1262 3036 quidem
1294 2955 1640 3019 doctrinam
1674 2956 2021 3039 approbant
2051 2955 2335 3035 Vasquez
2371 2958 2434 3018 et
2464 2954 2713 3018 Lessius
2745 2954 2938 3038 (apud
2971 2955 3173 3019 Diana

706 3057 749 3119 1.
791 3062 891 3139 0.),
944 3058 998 3120 31
1045 3060 1340 3121 mutuum
1389 3077 1510 3122 non
1559 3059 1643 3121 sit
1692 3058 2071 3134 absolutum,
2122 3056 2226 3120 sed
2274 3056 2789 3134 conditionatum,
2838 3057 3075 3121 scilicet
3119 3059 3173 3123 si

706 3158 1023 3241 proximus
1059 3159 1135 3222 ad
1178 3159 1496 3223 meliorem
1529 3160 1846 3223 fortunam
1879 3158 2207 3222 devenerit.

796 3257 1092 3337 Quaestio
1128 3261 1205 3323 ab
1247 3260 1386 3324 aliis
1434 3260 1526 3324 ita
1565 3260 1851 3324 solvitur.
1888 3260 2265 3344 Inspiciatur
2308 3281 2547 3344 nempe,
2584 3262 2795 3325 utrum
2826 3261 2935 3342 qui
2972 3262 3035 3325 in
3067 3281 3173 3326 ne-

705 3362 995 3425 cessitate
1028 3365 1316 3427 versatur
1353 3383 1586 3447 pauper
1619 3364 1702 3427 sit
1733 3366 1871 3427 tum
1904 3384 1967 3427 re
2009 3368 2147 3428 tum
2180 3384 2306 3447 spe,
2343 3384 2421 3427 an
2461 3382 2604 3427 vero
2642 3364 2760 3428 etsi
2789 3364 2851 3427 in
2885 3384 3170 3447 praesens

708 3464 865 3529 nihil
911 3465 1158 3545 habeat,
1195 3466 1419 3531 habere
1456 3468 1666 3531 tamen
1704 3467 1902 3550 possit
1949 3468 2183 3551 postea.
2217 3466 2383 3530 Nam
2420 3467 2483 3529 111
2530 3465 2728 3549 11111110
2767 3485 2916 3530 casu
2962 3468 3172 3531 valent

708 3568 982 3632 rationes
1015 3587 1249 3646 eorum,
1285 3569 1393 3652 qui
1440 3569 1676 3643 dicunt,
1710 3569 2057 3634 subsidium
2089 3570 2363 3634 dandum
2408 3570 2538 3633 sine
2577 3569 2705 3633 ullo
2751 3570 3170 3634 restitutionis

711 3689 923 3747 onere3
977 3672 1202 3755 quippe
1249 3672 1383 3738 iure
1429 3675 1691 3737 naturae
1738 3672 1995 3738 debetur
2042 3672 2161 3755 ipsi
2208 3670 2605 3748 sustentatio,
2657 3670 2806 3734 adeo
2854 3673 2929 3735 ut
2975 3672 3174 3754 possit

708 3790 846 3835 eam
880 3772 1069 3835 etiam
1103 3793 1209 3855 per
1242 3775 1370 3838 vim
1404 3775 1661 3838 auferre.
1689 3775 1761 3839 In
1796 3775 2058 3839 secundo
2095 3775 2307 3837 autem
2338 3774 2493 3837 satis
2518 3774 2612 3836 est
2642 3773 2696 3836 si
2725 3774 3023 3838 mutuum
3054 3774 3171 3857 ipsi

707 3873 907 3937 detur.
950 3874 1143 3954 quue
1192 3878 1396 3958 praxis
1429 3877 1617 3940 habet
1654 3877 2037 3958 quotidiana,
2078 3877 2153 3940 ut
2183 3877 2442 3960 urgente
2479 3875 2845 3940 necessitate
2874 3878 3171 3941 mutuum

708 3976 960 4058 petatur
993 3977 1055 4038 et
1086 3974 1298 4054 detur,
1336 3998 1507 4042 secus
1541 3979 1731 4041 etiam
1762 3979 2040 4042 homines
2073 3978 2276 4041 multa
2314 3977 2695 4060 possidentes
2741 3982 2993 4061 possent
3025 3999 3174 4062 quo-

705 4078 874 4161 piam
915 4080 1209 4161 tempore,
1253 4098 1374 4160 quo
1413 4082 1782 4162 premuntur
1828 4081 2158 4144 actualiter
2198 4081 2408 4162 aliqua
2447 4082 2760 4167 angustia,
2801 4082 3001 4146 aliena
3035 4102 3171 4147 sur-

704 4181 901 4263 ripere
949 4183 1012 4245 et
1059 4200 1179 4245 non
1229 4182 1573 4259 restituere,
1608 4182 1770 4247 ‘licet
1818 4182 2003 4265 paulo
2051 4185 2194 4266 post
2231 4184 2433 4248 multa
2480 4185 2768 4249 habeant.
2819 4182 2911 4248 Cf.
2961 4186 3169 4250 tamen

705 4281 883 4365 Lugo
923 4281 996 4345 de
1036 4282 1197 4345 Just.
1233 4288 1292 4345 et
1327 4282 1478 4346 Iure
1509 4283 1663 4367 disp.
1706 4285 1806 4349 16.
1841 4305 1941 4349 1111.
1982 4286 2127 4350 167.
2166 4287 2312 4351 168.
2348 4288 2461 4372 (a).

707 4452 913 4462 —-

791 4595 857 4649 (a)
888 4595 962 4639 cf.
983 4600 1034 4640 et
1064 4609 1194 4651 quae
1223 4597 1404 4640 damus
1433 4597 1484 4640 in
1514 4602 1581 4641 tr.
1601 4598 1642 4641 8.
1666 4611 1713 4654 p.
1733 4599 1774 4641 2.
1799 4599 1891 4642 sub
1911 4606 1933 4649 e
1950 4600 2037 4643 IV.
2061 4599 2118 4644 E.
