3497 5147
308 267 462 342 [698]
1109 283 1261 331 Qum
1301 285 1394 325 srr
1434 284 1573 325 von
1611 285 2010 329 commun-no
2684 283 2792 336 529

316 379 605 444 dominus
631 399 759 444 esse
782 382 1018 463 potest;
1044 380 1181 446 ideo
1207 380 1331 458 ille,
1357 381 1465 463 qui
1498 381 1752 463 aliquod
1775 384 1996 448 votum
2021 385 2360 469 temporale
2387 388 2553 467 fecit,
2582 393 2790 472 potest

310 500 434 546 non
481 482 781 563 requisita
830 482 1094 546 alicuius
1141 483 1406 564 praelati
1453 483 1909 566 dispensatione
1956 487 2319 572 religionem
2368 491 2621 570 intrare,
2664 514 2784 559 non

309 584 597 648 obstante
644 589 794 648 voto
839 584 1259 667 praecedente,
1295 584 1461 666 quod
1507 585 1858 670 ingressum
1888 588 2207 673 religionis
2248 591 2595 675 impediret,
2633 599 2786 678 puta

309 686 824 770 peregrinationis
856 687 954 750 vel
989 687 1251 751 alicuius
1285 688 1587 752 eiusmodi
1623 713 1685 752 ».

419 817 579 871 LXX!
588 818 641 869 11.
657 818 706 868 3.
721 815 817 884 Qui
834 818 983 870 habet
1001 823 1172 870 votum
1199 815 1465 881 religionis,
1486 832 1581 870 non
1601 824 1764 883 potest
1782 817 1904 871 illud
1932 819 2134 885 propria
2158 821 2452 876 auctoritate
2475 832 2779 879 commutare

304 901 352 953 in
381 900 746 967 susceptionem
772 900 1122 969 Episcopatus:
1155 908 1256 955 tum
1283 901 1394 968 quia
1423 900 1503 955 hic
1540 917 1635 954 non
1674 901 1821 955 efficit
1859 902 2102 956 hominem
2145 905 2501 971 perfectiorem,
2529 923 2673 974 quam
2701 925 2774 963 re-

304 985 439 1049 ligio,
473 985 587 1040 licet
625 985 965 1051 perfectiorem
1006 1001 1115 1040 esse
1153 994 1427 1053 supponat:
1473 993 1572 1038 tum
1611 985 1723 1051 quia
1765 1002 1861 1039 non
1901 994 2108 1049 constat,
2139 991 2269 1054 quod
2309 989 2430 1044 illud
2456 990 2537 1045 hic
2573 1001 2621 1046 et
2647 1008 2777 1048 nunc

302 1069 364 1123 sit
407 1072 515 1124 Deo
551 1070 770 1135 gratius:
796 1079 895 1126 tum
923 1070 1034 1137 quia
1073 1069 1144 1124 sie
1169 1069 1419 1136 respondit
1445 1070 1753 1124 innocentius
1780 1072 1856 1123 111.
1884 1073 2013 1137 apud
2040 1073 2164 1124 Bon.
2189 1072 2238 1125 in
2265 1073 2586 1130 Secundum
2612 1092 2775 1146 prae-

300 1157 518 1224 ceptum
556 1157 603 1208 d.
634 1155 682 1207 t.
708 1169 754 1219 q.
780 1157 830 1207 2.
857 1170 904 1221 p.
930 1156 982 1207 7.
1012 1157 1141 1208 idem
1167 1156 1311 1207 docet
1349 1157 1486 1208 Less.
1514 1159 1543 1208 Ι.
1573 1157 1621 1208 2.
1651 1170 1695 1208 c.
1726 1155 1773 1207 4.
1802 1157 1850 1208 d.
1883 1157 1962 1209 16.
1990 1171 2034 1208 a.
2066 1158 2184 1210 ⁴03.
2212 1161 2358 1222 Azor,
2386 1162 2565 1214 Sanch.
2607 1164 2778 1226 Laytn.

301 1242 330 1291 Ι.
362 1240 413 1292 4.
439 1246 473 1292 t.
499 1241 549 1292 5.
574 1255 617 1292 c.
646 1242 694 1292 6.
723 1255 768 1292 n.
801 1240 882 1293 45.
912 1240 1102 1305 PalauS,
1132 1241 1178 1292 d.
1209 1242 1257 1293 3.
1286 1246 1319 1292 t.
1351 1242 1431 1292 16.
1460 1254 1589 1293 num.
1618 1243 1667 1293 2.
1696 1242 1877 1305 Fagun.
1905 1239 2046 1294 Dian.
2074 1256 2122 1307 p.
2151 1245 2200 1296 6.
2228 1250 2262 1296 t.
2293 1246 2342 1296 6.
2367 1259 2409 1299 r.
2440 1248 2527 1298 62.

392 1362 516 1425 Res
549 1362 715 1426 clara
748 1364 844 1426 est
874 1381 984 1425 nec
1023 1380 1177 1443 opus
1211 1364 1344 1425 erat
1376 1363 1476 1425 tot
1509 1362 1913 1446 argumentis

410 1500 639 1552 Lxxw.
673 1500 719 1552 4.
748 1498 841 1566 Qui
876 1502 1024 1553 habet
1066 1502 1341 1553 facultatem
1381 1497 1711 1565 dispensandi,
1739 1501 1886 1551 nabet
1924 1496 2068 1552 etiam
2107 1501 2455 1568 commutandi,
2484 1518 2578 1557 non
2611 1513 2768 1559 tamen

293 1589 494 1650 contra;
521 1583 636 1650 quia
663 1583 977 1637 commutatio
1016 1590 1092 1637 est
1131 1598 1240 1649 pars
1280 1582 1682 1650 dispensationis3
1712 1583 1797 1648 qui
1828 1589 1989 1636 autem
2022 1591 2185 1649 potest
2223 1585 2398 1650 maiuS,
2428 1587 2574 1641 etiam
2615 1591 2774 1644 minus

293 1676 477 1736 potest.
500 1668 596 1736 Qui
615 1676 773 1722 autem
794 1671 943 1722 habet
963 1671 1239 1722 facultatem
1261 1667 1592 1722 commutandi
1615 1675 1800 1721 tantum
1821 1681 1916 1720 non
1937 1674 2098 1733 potest
2118 1678 2323 1735 mutare,
2343 1671 2436 1724 nisi
2463 1672 2511 1724 in
2535 1679 2772 1742 aequate;

292 1757 427 1821 quod
467 1755 720 1808 moraliter
757 1764 806 1808 et
843 1769 938 1808 non
964 1755 1250 1820 scrupulose
1278 1753 1630 1807 aestimandum
1657 1759 1747 1816 est,
1777 1759 1831 1806 ut
1854 1761 2018 1807 monet
2045 1755 2214 1818 Laym.
2248 1772 2292 1809 c.
2320 1759 2370 1809 8.
2398 1760 2449 1811 ln
2486 1773 2583 1824 qua
2622 1761 2763 1813 aesti-

290 1840 526 1904 matione,
565 1840 634 1893 ait
669 1840 841 1902 Caiet.,
868 1854 962 1893 non
1002 1838 1286 1904 negligenda
1325 1844 1440 1891 sunt
1478 1837 1878 1892 concomitantia:
1906 1852 1955 1892 v.
1991 1853 2064 1901 gr.
2106 1838 2155 1891 in
2193 1847 2311 1893 voto
2352 1829 2762 1909 peregrinationis

289 1927 520 1980 habenda
546 1925 672 1979 ratio
697 1940 793 1978 non
820 1932 1005 1978 tantum
1032 1923 1232 1988 laboriS,
1263 1925 1350 1977 sed
1376 1923 1523 1976 etiam
1551 1937 1895 1989 expensarum,
1917 1937 2039 1988 quas
2067 1923 2276 1978 iecisset.
2298 1927 2439 1979 Suar.
2468 1929 2604 1981 LeSS.
2637 1928 2766 1981 Vide

287 2013 420 2064 Bon.
450 2027 496 2076 p.
531 2012 578 2063 7.
605 2013 654 2078 g.
682 2014 731 2063 3.

382 2116 561 2190 698.
599 2118 867 2185 Sanchez
900 2118 974 2182 de
1007 2117 1300 2182 Blatrim.
1334 2118 1376 2181 l.
1414 2119 1473 2180 8.
1509 2118 1567 2180 d.
1610 2119 1669 2180 2.
1705 2137 1763 2180 n.
1803 2117 1904 2180 15.
1941 2103 2171 2201 negans
2210 2121 2766 2186 commutationem

281 2223 526 2289 includi
574 2223 637 2286 in
683 2221 1157 2304 dispensatione,
1209 2222 1396 2304 negat
1443 2219 1607 2301 quod
1655 2219 1854 2302 primo
1883 2219 2049 2302 {loco
2096 2219 2171 2283 A.
2221 2219 2418 2285 docet.
2471 2219 2767 2288 Concedit

278 2329 501 2392 tamen
549 2325 932 2408 probabilem
968 2343 1099 2388 esse
1129 2323 1288 2386 hanc
1327 2321 1718 2397 sententiam,
1754 2339 2053 2401 suamque
2086 2323 2416 2405 negantem
2453 2325 2657 2388 solum
2692 2329 2764 2391 ut

277 2428 769 2513 probabiliorem
808 2428 1043 2491 tuetur.

368 2532 433 2598 S.
476 2531 665 2615 Alph.
716 2550 773 2594 n.
811 2529 959 2593 247.
1010 2528 1088 2593 ad
1136 2527 1594 2611 quaestionem:
1647 2545 1726 2590 an
1775 2526 2006 2590 habens
2055 2545 2290 2590 meram
2338 2531 2762 2595 commutandi

268 2635 655 2701 facultatem
701 2632 903 2716 possit
948 2633 1333 2696 commutare
1381 2628 1444 2693 in
1507 2647 1660 2711 opus
1708 2628 2100 2711 aliquantulo
2155 2629 2382 2707 minuS,
2434 2632 2763 2714 respondet

271 2739 440 2802 duas
493 2755 624 2800 esse
671 2735 1014 2800 contrarias
1047 2732 1406 2807 sententiaS,
1441 2750 1599 2812 quae
1645 2733 1853 2795 tamen
1902 2730 2082 2794 facile
2115 2731 2436 2796 conciliari
2474 2738 2758 2816 possunt.

263 2840 444 2905 Nam
497 2857 655 2921 quae
702 2839 890 2921 negat
936 2838 1001 2900 et
1046 2836 1217 2899 tenet
1262 2833 1815 2898 commutationem
1848 2832 1981 2897 fieri
2012 2852 2190 2915 posse
2223 2837 2474 2899 tantum
2506 2837 2569 2900 in
2604 2857 2758 2921 opus

261 2942 562 3025 aequale,
603 2938 833 3016 subdit,
866 2936 1336 3021 intelligendam
1389 2954 1519 3000 esse
1564 2934 2009 3015 aequalitatem
2039 2935 2357 3011 moralem,
2389 2957 2513 3002 non
2546 2944 2757 3004 autem

252 3044 806 3118 mathematicam,
858 3040 1008 3105 adeo
1059 3042 1133 3102 ut
1159 3059 1371 3120 parva
1414 3038 1708 3102 credatur
1738 3057 1868 3101 esse
1907 3035 2269 3116 differentia
2302 3042 2366 3104 et
2413 3041 2622 3105 nullus
2657 3062 2751 3106 ex-

258 3165 487 3213 cessus
520 3144 845 3209 manifeste
877 3143 1202 3226 appareat3
1252 3141 1361 3222 qui
1408 3159 1550 3205 vero
1601 3139 1936 3217 affirmant,
1974 3139 2209 3204 addunt
2257 3142 2748 3224 explicationem,

252 3252 397 3315 nisi
448 3267 740 3313 excessus
776 3248 865 3310 sit
905 3244 1222 3310 notabilis.
1264 3242 1465 3324 Quam
1512 3246 1893 3328 postremam
1926 3246 2298 3309 sententiam
2332 3264 2381 3309 s.
2417 3246 2603 3329 Alph.
2639 3248 2747 3324 ait,

251 3358 429 3418 recte
481 3352 613 3415 clici
646 3349 1038 3431 probabilem
1056 3370 1077 3424 ,·
1125 3347 1273 3429 quia
1323 3366 1495 3410 secus
1544 3366 1639 3409 res
1687 3348 1850 3409 esset
1895 3346 2201 3428 scrupulis
2251 3346 2514 3411 obnoxia
2563 3351 2750 3430 atque

250 3457 420 3521 adeo
476 3454 631 3517 haec
676 3452 942 3517 facultas
988 3449 1232 3514 inutilis
1280 3446 1583 3512 evaderet.
1620 3445 1853 3511 Deinde
1892 3466 2032 3509 cum
2067 3446 2338 3510 mutatio
2388 3447 2450 3509 in
2495 3452 2750 3529 aequale

248 3556 683 3643 probabiliter
714 3554 848 3619 fieri
877 3553 1075 3637 possit
1109 3551 1301 3615 etiam
1326 3548 1704 3613 auctoritate
1739 3548 2006 3630 propria,
2034 3547 2350 3629 probabile
2384 3566 2515 3611 esse
2548 3549 2746 3625 debet,

246 3661 432 3744 quod
472 3658 713 3740 aliquid
743 3657 883 3740 plus
914 3656 1131 3739 possit,
1160 3654 1268 3736 qui
1300 3652 1488 3716 habet
1518 3648 1948 3714 commutandi
1980 3648 2347 3712 facultatem
2383 3650 2570 3731 atque
2597 3650 2747 3715 adeo

242 3763 655 3848 potestatem
701 3757 1125 3825 commutandi
1173 3757 1235 3820 in
1285 3752 1519 3837 aliquid
1568 3752 1807 3828 minus;
1858 3770 2032 3815 secus
2082 3750 2228 3814 talis
2276 3752 2553 3834 potestas
2592 3753 2747 3817 nihil

242 3866 656 3949 operaretur.

338 3971 483 4052 Qui
532 3987 676 4033 vero
709 3968 898 4032 habet
927 3966 1305 4049 potestatem
1353 3958 1744 4045 dispensandi
1779 3959 1966 4023 simul
1998 3961 2061 4024 et
2099 3961 2528 4026 commutandi
2561 3961 2748 4043 (quae

234 4078 341 4139 est
380 4073 527 4137 alia
562 4090 598 4134 a
621 4056 931 4153 potestate
964 4066 1328 4151 simpliciter
1360 4063 1780 4148 dispensandi)
1806 4064 2012 4146 potest
2035 4067 2422 4128 commutare
2455 4065 2518 4128 in
2543 4066 2745 4130 multo

227 4178 517 4248 minus;
568 4172 714 4254 quia
761 4190 834 4236 ex
880 4173 1055 4253 parte
1103 4169 1440 4251 dispensat.
2781 4252 2788 4257 p

332 4280 506 4343 Duo
546 4274 758 4340 subdit
786 4274 920 4338 heic
958 4291 1007 4338 s.
1034 4272 1219 4355 Alph.
1253 4292 1312 4334 n.
1343 4271 1521 4333 247.:
1564 4269 1694 4334 scil.
1735 4268 1800 4331 1⁰
1832 4269 2178 4351 personalia
2212 4271 2361 4333 vota
2393 4288 2570 4352 posse
2604 4290 2742 4334 mu-

225 4383 369 4449 tari
429 4380 505 4444 in
552 4378 744 4441 realia
791 4379 855 4441 et
902 4376 1240 4439 viceversa:
1293 4374 1361 4435 2⁰
1408 4371 1852 4436 confessarium
1917 4390 2130 4435 curare
2179 4369 2414 4445 debere,
2463 4374 2536 4435 ut
2587 4374 2739 4437 talia

226 4502 445 4568 opera
504 4480 868 4555 substituat,
908 4497 1066 4560 quae
1112 4475 1315 4559 magis
1362 4473 1690 4537 videantur
1735 4473 1922 4535 utilia
1955 4474 2018 4535 et
2049 4490 2169 4536 non
2218 4471 2401 4536 nimis
2434 4473 2731 4539 difficilia.

409 4603 711 4645 Rammium.
734 4622 784 4631 —
806 4598 971 4643 Mor-al.
999 4599 1134 4641 Τοῖα.
1163 4596 1232 4638 11.
2518 4595 2572 4637 sst
