3497 5147
681 351 790 406 844
1294 365 1506 407 raac‘r.
1535 367 1640 407 vn.
1667 366 1830 406 sacr.
1857 368 1899 407 1.
1926 367 2012 406 mr
2035 366 2293 408 urmmo.
2319 365 2461 406 nun.
2489 365 2527 404 1.
2963 352 3145 422 [1128]

684 482 829 527 nam
878 462 1041 544 quod
1093 462 1336 546 spectat
1381 462 1459 526 ad
1505 482 1677 527 esum
1751 481 2032 536 ovorum,
2079 463 2243 527 hunc
2290 461 2538 527 omnino
2607 461 2958 546 negandum
3008 464 3144 541 ait;

680 565 829 646 quia
878 584 995 630 ova
1041 568 1189 631 sunt
1234 565 1539 629 maximae
1586 565 1973 630 substantiae
2020 565 2085 630 et
2130 565 2266 630 ideo
2314 584 2350 629 a
2396 564 2840 629 consuetudine
2871 584 3146 631 commu·

683 667 846 731 niter
892 668 1278 732 reiiciuntur.
1328 666 1546 747 Quoad
1603 668 2021 751 sumptionem
2076 668 2335 752 exiguae
2393 667 2770 750 quantitatis
2830 667 2993 732 casei
3048 669 3144 734 vel

681 768 914 853 butyri,
967 789 1157 851 quam
1205 769 1457 851 quidam
1506 769 2046 834 indiscriminatim
2084 771 2479 853 permittunt,
2534 771 2724 847 «hoc,
2773 771 2981 854 inquit
3009 791 3145 854 pro-

681 871 992 949 babiliter,
1045 873 1406 937 admittitur
1454 873 1616 956 apud
1664 892 1776 937 nos
1809 874 1870 937 et
1906 873 1972 937 in
2018 892 2204 937 usum
2248 872 2574 937 deducitur
2620 892 2656 935 a
2695 873 2977 955 pluribus
3015 894 3144 957 per-

679 973 879 1038 doctis
924 975 1272 1040 iunioribus
1318 977 1384 1039 et
1431 975 1792 1058 praesertim
1841 974 1917 1038 ab
1963 974 2323 1040 doctissimo
2370 992 2508 1039 meo
2539 973 2845 1058 magistro
2895 977 2958 1040 et
2993 976 3145 1042 Illu-

679 1077 988 1141 strissimo
1037 1077 1338 1160 Episcopo
1388 1077 1548 1141 Iulio
1595 1076 1805 1153 Torni,
1846 1096 1956 1157 pro
2004 1077 2110 1153 eiS,
2161 1076 2271 1158 qui
2315 1077 2441 1140 iam
2490 1079 2638 1141 sunt
2682 1076 3023 1159 dispensati
3061 1078 3142 1142 ad

678 1180 1027 1256 lacticinia3
1071 1180 1253 1244 modo
1293 1199 1415 1244 non
1449 1181 1736 1244 sumatur
1775 1180 2104 1262 plusquam
2149 1198 2270 1243 una
2302 1179 2484 1243 uncia
2516 1180 2699 1256 casei,
2735 1181 2848 1244 aut
2875 1178 2954 1243 ad
2977 1199 3142 1245 sum·

678 1301 852 1345 mum
898 1301 1022 1345 una
1068 1301 1207 1345 cum
1256 1282 1530 1346 dimidia.
1581 1282 1753 1345 Idem
1800 1282 1892 1346 ait
1937 1282 2166 1347 Palaus
2213 1281 2287 1346 de
2332 1282 2621 1347 biscoctis
2668 1301 2810 1347 cum
2859 1284 2993 1347 ovis
3041 1284 3140 1349 vel

676 1385 903 1468 butyro
935 1385 1247 1461 confectiS,
1273 1385 1457 1450 modo
1505 1405 1575 1450 ex
1622 1384 1698 1448 iis
1750 1403 1870 1449 non
1904 1385 2192 1449 sumatur
2227 1384 2559 1467 plusquam
2606 1404 2732 1449 una
2788 1385 2886 1449 vel
2941 1385 3140 1450 altera

676 1506 859 1551 uncia
884 1512 944 1551 ».

765 1590 1016 1669 Verum,
1067 1593 1141 1656 ut
1185 1591 1315 1673 ipse
1361 1590 1591 1666 subdit,
1640 1592 1779 1654 tum
1826 1588 2162 1653 declaratio
2209 1587 2526 1654 Benedicti
2549 1588 2722 1666 XIV,
2769 1608 2893 1671 qua
2927 1610 3140 1656 omnes

674 1692 883 1758 fideles
930 1693 1115 1777 ligari
1163 1693 1391 1758 ibidem
1434 1692 1724 1776 Ligorius
1772 1691 2020 1766 evincit,
2069 1693 2206 1756 tum
2252 1690 2557 1774 posterior
2589 1688 2976 1757 Constitutio
3008 1691 3141 1758 Cle-

677 1795 902 1859 mentis
934 1794 1112 1871 XIII,
1164 1794 1509 1875 Appetente
1548 1796 1651 1858 20.
1692 1795 1837 1858 Dec.
1879 1795 2069 1859 1759.
2122 1813 2301 1859 omne
2346 1793 2604 1857 dubium
2651 1795 2950 1859 eximunt.
2985 1794 3139 1861 Con-

676 1898 957 1979 queritur
981 1916 1063 1962 se.
1098 1898 1382 1962 Pontifex
1407 1917 1568 1962 nova
1600 1897 1959 1979 opinionum
1993 1898 2342 1961 commenta
2379 1897 2443 1959 et
2474 1914 2667 1960 novas
2693 1915 2729 1959 a
2753 1915 2899 1961 vera
2923 1898 3140 1965 ieiunii

674 1999 738 2062 vi
784 1999 847 2062 et
893 2001 1117 2063 natura
1166 2000 1563 2064 abhorrentes
1600 1999 2075 2064 consuetudines
2111 2000 2407 2076 invectaS,
2445 1999 2608 2063 inter
2644 2018 2799 2081 quas
2829 2006 3141 2068 memorat

676 2120 858 2166 usum
887 2102 1168 2166 sumendi
1194 2103 1476 2184 potiones
1500 2102 1661 2166 lacte
1686 2101 2050 2184 permixtas:
2085 2126 2121 2158 ‹
2139 2099 2371 2166 Contra
2402 2120 2612 2183 quam,
2639 2101 2749 2177 ait,
2784 2102 3138 2185 praedictus

680 2204 1106 2287 praedecessor
1153 2206 1363 2269 noster
1409 2205 1806 2287 (Benedictus
1831 2204 2034 2288 XIV.)
2065 2204 2306 2268 censuit
2335 2205 2470 2268 tam
2505 2203 2894 2287 dispensatos
2943 2225 2980 2269 a
3010 2226 3141 2270 car-

673 2307 847 2371 nium
878 2307 1274 2384 abstinentia,
1323 2327 1513 2389 quam
1558 2308 1781 2390 quovis
1812 2307 1997 2372 modo
2044 2307 2410 2383 ieiunanteS‚
2446 2306 2627 2370 unica
2659 2309 2910 2391 excepta
2941 2328 3138 2375 come-

672 2410 892 2486 stione,
926 2410 991 2473 in
1026 2410 1309 2476 omnibus
1357 2410 1847 2493 aequiparandos
1879 2429 2010 2475 esse
2040 2410 2138 2486 iis,
2166 2410 2535 2491 quibuscum
2569 2410 2742 2474 nulla
2773 2411 2870 2474 est
2897 2413 3134 2494 dispen-

671 2511 832 2575 satio
872 2530 944 2576 ac
981 2514 1303 2595 propterea
1349 2513 1784 2578 tantummodo
1810 2512 1888 2577 ad
1914 2513 2159 2578 unicam
2206 2514 2643 2580 comestionem
2677 2534 2856 2599 posse
2885 2535 3124 2582 carnem

672 2615 771 2678 vel
808 2635 967 2697 quae
999 2635 1069 2679 ex
1102 2635 1282 2681 carne
1321 2617 1582 2680 trahunt
1628 2616 1930 2700 originem
1976 2616 2122 2698 (ova
2149 2618 2214 2681 et
2236 2617 2360 2698 lac)
2408 2616 2695 2683 adhibere
2719 2644 2782 2684 ».
2810 2619 2968 2683 Hinc
2990 2638 3129 2685 con·

670 2717 866 2780 cludit
913 2737 960 2783 S.
1010 2717 1395 2801 Alphonsus:
1452 2745 1485 2774 «
1534 2719 1754 2801 Itaque
1814 2718 2183 2801 dispensatis
2230 2737 2352 2783 non
2396 2720 2786 2802 permittitur
2829 2722 2893 2786 in
2940 2722 3133 2787 colla-

672 2820 956 2884 tiuncula
1005 2820 1166 2885 alius
1212 2822 1386 2886 cibus
1432 2822 1548 2886 nisi
1600 2822 1723 2898 ille,
1774 2822 1878 2904 qui
1927 2821 2314 2903 permittitur
2357 2840 2481 2886 non
2526 2822 2898 2906 dispensatis
2922 2850 2958 2883 »
2997 2826 3127 2890 scil.

668 2942 834 2988 mere
879 2925 1454 3008 quadragesimalis,

764 3022 955 3095 1128.
991 3025 1411 3093 Nihilominus
1450 3029 1930 3093 existimandum
1965 3046 2086 3091 non
2120 3030 2234 3100 est,
2252 3028 2411 3092 hanc
2444 3028 2504 3092 in
2537 3029 2825 3094 universa
2857 3030 3130 3097 Ecclesia

672 3129 911 3211 praxim
960 3129 1214 3194 servari.
1256 3132 1375 3204 Ita,
1415 3133 1601 3213 prout
1630 3130 1762 3212 ipse
1795 3129 1971 3193 testis
2009 3129 2118 3205 fui,
2152 3130 2213 3192 in
2241 3129 2681 3195 Mediolanensi
2717 3133 2963 3198 Diocesi
3000 3135 3130 3201 lici-

672 3232 775 3295 tus
808 3234 904 3297 est
941 3251 1081 3296 esus
1114 3234 1277 3298 casei
1308 3233 1370 3296 in
1408 3232 1870 3296 collatiuncula.
1920 3231 2021 3294 Ita
2059 3251 2175 3296 usu
2212 3235 2527 3315 receptum
2562 3234 2711 3298 alibi
2746 3236 2895 3315 sci0,
2946 3240 3019 3301 ut
3063 3238 3126 3303 in

664 3334 1055 3410 Neerlandia,
1089 3336 1196 3400 ubi
1229 3337 1292 3400 et
1328 3354 1549 3418 parum
1579 3335 1762 3398 lactis
1797 3333 2169 3399 admiscetur
2202 3336 2439 3418 potioni
2472 3337 2670 3402 theae.

752 3437 850 3502 Ad
881 3438 1227 3502 universale
1271 3437 1470 3522 igitur
1505 3437 1873 3521 principium
1921 3437 2299 3502 redeundum
2345 3441 2459 3517 est,
2507 3440 2980 3507 consuetudines
3025 3464 3129 3510 cu-

664 3541 883 3622 iusque
913 3540 1031 3604 loci
1074 3538 1406 3603 servandas
1443 3558 1592 3604 esse.
1627 3539 1790 3603 Nam
1824 3540 1953 3604 sive
1991 3540 2051 3603 id
2097 3543 2432 3623 usurpetur
2469 3542 2529 3605 vi
2577 3543 2840 3608 alicuius
2887 3545 3128 3629 dispen-

664 3643 945 3721 sationiS,
973 3642 1101 3706 sive
1125 3641 1505 3706 consuetudo
1536 3642 1662 3726 legi
1699 3642 2108 3726 derogaverit,
2144 3642 2293 3707 haec
2323 3646 2542 3726 utpote
2564 3645 2848 3729 legitima
2879 3646 3124 3715 licitum

671 3765 854 3810 usum
887 3765 1101 3810 earum
1133 3765 1414 3811 escarum
1445 3745 1614 3809 facit.

751 3849 834 3912 Et
872 3848 933 3911 id
981 3850 1184 3930 ipsum
1221 3850 1294 3913 de
1325 3851 1680 3931 quantitate
1726 3849 2207 3914 diiudicandum.
2257 3849 2322 3914 Si
2352 3851 2515 3915 enim
2562 3851 2850 3936 frigidius
2881 3855 3122 3921 caelum

665 3950 887 4020 effecit,
907 3954 979 4014 ut
1004 3970 1073 4015 ex
1113 3952 1552 4016 consuetudine
1586 3953 1850 4035 amplior
1880 3953 2199 4034 quantitas
2224 3954 2741 4036 usurpetur,haec
2764 3975 2876 4021 ceu
2898 3957 3124 4024 illicita

664 4054 1020 4137 reprehendi
1068 4073 1187 4119 non
1236 4054 1436 4130 debet,
1484 4075 1593 4118 nec
1639 4056 2025 4136 inquietandi
2070 4056 2236 4134 sunt,
2285 4056 2393 4137 qui
2441 4056 2518 4119 ad
2564 4061 2874 4140 receptam
2921 4060 3123 4144 legiti-

660 4176 830 4220 mam
868 4157 1373 4222 consuetudinem
1408 4176 1611 4222 mores
1643 4176 1790 4222 suos
1822 4158 2096 4241 exigunt.

752 4260 966 4339 Quoad
999 4261 1508 4324 collatiunculam
1555 4261 1898 4324 notandum
1947 4260 2339 4344 Rescriptum
2377 4281 2424 4326 s,
2465 4262 3006 4342 Poenitentiariae,
3049 4286 3120 4330 ex

660 4381 940 4443 expresso
976 4362 1224 4427 oraculo
1249 4362 1471 4426 Leonis
1495 4361 1639 4424 XII.
1679 4361 1884 4442 quoad
1916 4363 2042 4427 iam
2075 4364 2341 4429 allatum
2372 4366 2469 4430 est
2504 4365 2636 4429 heic
2668 4366 2803 4430 sub.
2832 4386 2890 4430 n.
2925 4368 3119 4433 1117.

752 4463 869 4525 Ubi
897 4463 1218 4540 advertite,
1252 4464 1799 4547 interrogationem
1834 4462 2021 4528 fuisse
2046 4465 2119 4528 de
2150 4466 2278 4530 solo
2312 4466 2516 4530 larido
2537 4487 2560 4543 ‚·
2584 4485 2946 4550 responsum
2972 4489 3120 4536 vero

658 4564 851 4627 latius
900 4582 1029 4627 esse
1061 4567 1127 4628 et
1159 4566 1473 4629 decernere
1504 4567 1578 4628 de
1610 4565 1896 4630 omnibus
1926 4568 2332 4632 condimentis
2365 4571 2432 4632 in
2471 4568 2714 4632 indulto
2747 4571 3119 4649 pemm‘ssis:
