<?xml version="1.0" encoding="UTF-8"?>
<!DOCTYPE html PUBLIC "-//W3C//DTD XHTML 1.0 Transitional//EN"
    "http://www.w3.org/TR/xhtml1/DTD/xhtml1-transitional.dtd">
<html xmlns="http://www.w3.org/1999/xhtml" xml:lang="en" lang="en">
 <head>
  <title>
</title>
<meta http-equiv="Content-Type" content="text/html;charset=utf-8" />
  <meta name='ocr-system' content='tesseract 3.04.00' />
  <meta name='ocr-capabilities' content='ocr_page ocr_carea ocr_par ocr_line ocrx_word'/>
</head>
<body>
  <div class='ocr_page' id='page_1' title='image "./opustheologicum00ballgoog/opustheologicum00ballgoog_0753.png"; bbox 0 0 3497 5147; ppageno 0'>
   <div class='ocr_carea' id='block_1_1' title="bbox 672 285 3138 362">
    <p class='ocr_par' dir='ltr' id='par_1_1' title="bbox 672 285 3138 362">
     <span class='ocr_line' id='line_1_1' title="bbox 672 285 3138 362; baseline 0.001 -21"><span class='ocrx_word' id='word_1_1' title='bbox 672 285 782 341; x_wconf 84' lang='lat'><strong>746</strong></span> <span class='ocrx_word' id='word_1_2' title='bbox 853 300 1064 341; x_wconf 61' lang='grc'>111661.</span> <span class='ocrx_word' id='word_1_3' title='bbox 1096 299 1177 340; x_wconf 83' lang='lat' dir='ltr'><strong>vr.</strong></span> <span class='ocrx_word' id='word_1_4' title='bbox 1198 298 1362 340; x_wconf 66' lang='lat' dir='ltr'><strong>sacr.</strong></span> <span class='ocrx_word' id='word_1_5' title='bbox 1382 299 1463 340; x_wconf 80' lang='lat' dir='ltr'><strong>vr.</strong></span> <span class='ocrx_word' id='word_1_6' title='bbox 1482 298 1569 338; x_wconf 77' lang='lat' dir='ltr'><strong>nn</strong></span> <span class='ocrx_word' id='word_1_7' title='bbox 1592 296 1785 339; x_wconf 72' lang='lat' dir='ltr'><strong>snxro</strong></span> <span class='ocrx_word' id='word_1_8' title='bbox 1809 298 1889 337; x_wconf 75' lang='lat' dir='ltr'><strong>m</strong></span> <span class='ocrx_word' id='word_1_9' title='bbox 1912 296 2074 339; x_wconf 67' lang='lat' dir='ltr'><strong>nouo</strong></span> <span class='ocrx_word' id='word_1_10' title='bbox 2094 298 2308 339; x_wconf 65' lang='grc'>11111116.</span> <span class='ocrx_word' id='word_1_11' title='bbox 2326 300 2656 343; x_wconf 61' lang='lat' dir='ltr'><strong>vacuom.</strong></span> <span class='ocrx_word' id='word_1_12' title='bbox 2677 301 2822 343; x_wconf 78' lang='lat' dir='ltr'><strong>nun.</strong></span> <span class='ocrx_word' id='word_1_13' title='bbox 2850 303 2916 343; x_wconf 92' lang='lat'><strong>11.</strong></span> <span class='ocrx_word' id='word_1_14' title='bbox 2953 287 3138 362; x_wconf 77' lang='lat'>[1009]</span> 
     </span>
    </p>
   </div>
   <div class='ocr_carea' id='block_1_2' title="bbox 667 394 3157 3782">
    <p class='ocr_par' dir='ltr' id='par_1_2' title="bbox 667 394 3146 1914">
     <span class='ocr_line' id='line_1_2' title="bbox 670 394 3134 479; baseline 0.001 -18"><span class='ocrx_word' id='word_1_15' title='bbox 670 397 940 463; x_wconf 88' lang='lat' dir='ltr'><strong>doctoris</strong></span> <span class='ocrx_word' id='word_1_16' title='bbox 993 415 1152 479; x_wconf 84' lang='lat' dir='ltr'><strong>resp.</strong></span> <span class='ocrx_word' id='word_1_17' title='bbox 1203 396 1280 459; x_wconf 97' lang='lat' dir='ltr'><strong>ad</strong></span> <span class='ocrx_word' id='word_1_18' title='bbox 1313 396 1374 459; x_wconf 85' lang='lat'><strong>3.</strong></span> <span class='ocrx_word' id='word_1_19' title='bbox 1408 396 1472 460; x_wconf 90' lang='lat' dir='ltr'><strong>in</strong></span> <span class='ocrx_word' id='word_1_20' title='bbox 1522 397 1640 460; x_wconf 88' lang='lat' dir='ltr'><strong>art.</strong></span> <span class='ocrx_word' id='word_1_21' title='bbox 1690 397 1750 459; x_wconf 89' lang='lat'><strong>9.</strong></span> <span class='ocrx_word' id='word_1_22' title='bbox 1786 394 1972 459; x_wconf 91' lang='lat' dir='ltr'><strong>huius</strong></span> <span class='ocrx_word' id='word_1_23' title='bbox 2010 416 2101 477; x_wconf 86' lang='lat' dir='ltr'><strong>q.;</strong></span> <span class='ocrx_word' id='word_1_24' title='bbox 2136 396 2541 463; x_wconf 89' lang='lat' dir='ltr'><strong>nihilominus</strong></span> <span class='ocrx_word' id='word_1_25' title='bbox 2586 398 2716 462; x_wconf 88' lang='lat' dir='ltr'><strong>iam</strong></span> <span class='ocrx_word' id='word_1_26' title='bbox 2762 398 3023 464; x_wconf 90' lang='lat' dir='ltr'><strong>eundem</strong></span> <span class='ocrx_word' id='word_1_27' title='bbox 3067 399 3134 463; x_wconf 92' lang='lat' dir='ltr'><strong>in</strong></span> 
     </span>
     <span class='ocr_line' id='line_1_3' title="bbox 670 498 3134 585; baseline 0.001 -22"><span class='ocrx_word' id='word_1_28' title='bbox 670 499 1171 582; x_wconf 77' lang='lat' dir='ltr'>praecedentibus</span> <span class='ocrx_word' id='word_1_29' title='bbox 1218 498 1673 562; x_wconf 77' lang='lat' dir='ltr'><strong>demonstrasse</strong></span> <span class='ocrx_word' id='word_1_30' title='bbox 1722 517 1954 581; x_wconf 80' lang='lat' dir='ltr'><strong>vagum</strong></span> <span class='ocrx_word' id='word_1_31' title='bbox 1988 499 2385 564; x_wconf 77' lang='lat' dir='ltr'>concubitum</span> <span class='ocrx_word' id='word_1_32' title='bbox 2419 500 2806 583; x_wconf 85' lang='lat' dir='ltr'><strong>prohibitum</strong></span> <span class='ocrx_word' id='word_1_33' title='bbox 2837 519 2968 566; x_wconf 88' lang='lat' dir='ltr'><strong>esse</strong></span> <span class='ocrx_word' id='word_1_34' title='bbox 2999 501 3134 585; x_wconf 87' lang='lat' dir='ltr'><strong>lege</strong></span> 
     </span>
     <span class='ocr_line' id='line_1_4' title="bbox 668 600 3136 680; baseline 0 -14"><span class='ocrx_word' id='word_1_35' title='bbox 668 601 965 666; x_wconf 83' lang='lat' dir='ltr'><strong>naturali.</strong></span> <span class='ocrx_word' id='word_1_36' title='bbox 996 600 1225 665; x_wconf 91' lang='lat' dir='ltr'><strong>Verum</strong></span> <span class='ocrx_word' id='word_1_37' title='bbox 1250 620 1323 665; x_wconf 90' lang='lat' dir='ltr'><strong>ea</strong></span> <span class='ocrx_word' id='word_1_38' title='bbox 1354 600 1804 665; x_wconf 77' lang='lat' dir='ltr'><strong>demonstratio</strong></span> <span class='ocrx_word' id='word_1_39' title='bbox 1839 601 1935 664; x_wconf 92' lang='lat' dir='ltr'><strong>est</strong></span> <span class='ocrx_word' id='word_1_40' title='bbox 1971 620 2047 664; x_wconf 91' lang='lat' dir='ltr'><strong>ne</strong></span> <span class='ocrx_word' id='word_1_41' title='bbox 2079 602 2455 680; x_wconf 90' lang='lat' dir='ltr'><strong>huiusmodi,</strong></span> <span class='ocrx_word' id='word_1_42' title='bbox 2489 604 2566 668; x_wconf 92' lang='lat' dir='ltr'><strong>ut</strong></span> <span class='ocrx_word' id='word_1_43' title='bbox 2595 603 2979 668; x_wconf 84' lang='lat' dir='ltr'><strong>demonstret</strong></span> <span class='ocrx_word' id='word_1_44' title='bbox 3008 602 3136 667; x_wconf 89' lang='lat' dir='ltr'><strong>iam</strong></span> 
     </span>
     <span class='ocr_line' id='line_1_5' title="bbox 667 704 3135 788; baseline 0.001 -20"><span class='ocrx_word' id='word_1_45' title='bbox 667 706 804 788; x_wconf 86' lang='lat' dir='ltr'><strong>lege</strong></span> <span class='ocrx_word' id='word_1_46' title='bbox 827 706 1090 767; x_wconf 88' lang='lat' dir='ltr'><strong>naturae</strong></span> <span class='ocrx_word' id='word_1_47' title='bbox 1114 704 1384 767; x_wconf 84' lang='lat' dir='ltr'><strong>vetitum</strong></span> <span class='ocrx_word' id='word_1_48' title='bbox 1416 721 1546 767; x_wconf 89' lang='lat' dir='ltr'><strong>esse</strong></span> <span class='ocrx_word' id='word_1_49' title='bbox 1571 721 1807 787; x_wconf 87' lang='lat' dir='ltr'><strong>vagum</strong></span> <span class='ocrx_word' id='word_1_50' title='bbox 1831 704 2250 782; x_wconf 84' lang='lat' dir='ltr'><strong>concubitum,</strong></span> <span class='ocrx_word' id='word_1_51' title='bbox 2280 724 2359 768; x_wconf 91' lang='lat' dir='ltr'><strong>an</strong></span> <span class='ocrx_word' id='word_1_52' title='bbox 2391 705 2596 770; x_wconf 92' lang='lat' dir='ltr'><strong>solum</strong></span> <span class='ocrx_word' id='word_1_53' title='bbox 2628 707 2703 769; x_wconf 91' lang='lat' dir='ltr'><strong>ut</strong></span> <span class='ocrx_word' id='word_1_54' title='bbox 2733 705 3135 781; x_wconf 84' lang='lat' dir='ltr'><strong>demonstret,</strong></span> 
     </span>
     <span class='ocr_line' id='line_1_6' title="bbox 667 804 3140 892; baseline -0 -20"><span class='ocrx_word' id='word_1_55' title='bbox 667 827 811 872; x_wconf 93' lang='lat' dir='ltr'><strong>eum</strong></span> <span class='ocrx_word' id='word_1_56' title='bbox 855 825 979 871; x_wconf 90' lang='lat' dir='ltr'><strong>non</strong></span> <span class='ocrx_word' id='word_1_57' title='bbox 1024 806 1347 871; x_wconf 84' lang='lat' dir='ltr'><strong>convenire</strong></span> <span class='ocrx_word' id='word_1_58' title='bbox 1393 806 1667 870; x_wconf 91' lang='lat' dir='ltr'><strong>humano</strong></span> <span class='ocrx_word' id='word_1_59' title='bbox 1717 805 1926 889; x_wconf 87' lang='lat' dir='ltr'><strong>generi</strong></span> <span class='ocrx_word' id='word_1_60' title='bbox 1973 804 2086 882; x_wconf 90' lang='lat' dir='ltr'><strong>ita,</strong></span> <span class='ocrx_word' id='word_1_61' title='bbox 2128 808 2202 872; x_wconf 92' lang='lat' dir='ltr'><strong>ut</strong></span> <span class='ocrx_word' id='word_1_62' title='bbox 2247 807 2418 871; x_wconf 90' lang='lat' dir='ltr'><strong>iusta</strong></span> <span class='ocrx_word' id='word_1_63' title='bbox 2462 807 2600 892; x_wconf 86' lang='lat' dir='ltr'><strong>lege</strong></span> <span class='ocrx_word' id='word_1_64' title='bbox 2631 806 2904 890; x_wconf 84' lang='lat' dir='ltr'><strong>positiva</strong></span> <span class='ocrx_word' id='word_1_65' title='bbox 2935 806 3140 890; x_wconf 88' lang='lat' dir='ltr'><strong>prohi-</strong></span> 
     </span>
     <span class='ocr_line' id='line_1_7' title="bbox 670 907 3139 991; baseline -0 -17"><span class='ocrx_word' id='word_1_66' title='bbox 670 910 905 974; x_wconf 91' lang='lat' dir='ltr'><strong>bendus</strong></span> <span class='ocrx_word' id='word_1_67' title='bbox 936 910 1166 974; x_wconf 79' lang='lat' dir='ltr'><strong>fuerit?</strong></span> <span class='ocrx_word' id='word_1_68' title='bbox 1200 907 1265 973; x_wconf 90' lang='lat' dir='ltr'><strong>Si</strong></span> <span class='ocrx_word' id='word_1_69' title='bbox 1298 908 1597 991; x_wconf 91' lang='lat' dir='ltr'><strong>primum:</strong></span> <span class='ocrx_word' id='word_1_70' title='bbox 1648 927 1759 972; x_wconf 90' lang='lat' dir='ltr'><strong>cur</strong></span> <span class='ocrx_word' id='word_1_71' title='bbox 1790 907 1869 971; x_wconf 88' lang='lat' dir='ltr'><strong>ad</strong></span> <span class='ocrx_word' id='word_1_72' title='bbox 1904 907 2342 973; x_wconf 84' lang='lat' dir='ltr'><strong>excludendam</strong></span> <span class='ocrx_word' id='word_1_73' title='bbox 2374 909 2714 974; x_wconf 88' lang='lat' dir='ltr'><strong>liceitatem</strong></span> <span class='ocrx_word' id='word_1_74' title='bbox 2749 928 2951 987; x_wconf 91' lang='lat' dir='ltr'><strong>casus,</strong></span> <span class='ocrx_word' id='word_1_75' title='bbox 2997 928 3139 973; x_wconf 90' lang='lat' dir='ltr'><strong>cum</strong></span> 
     </span>
     <span class='ocr_line' id='line_1_8' title="bbox 674 1009 3142 1095; baseline -0.002 -19"><span class='ocrx_word' id='word_1_76' title='bbox 674 1012 813 1095; x_wconf 91' lang='lat' dir='ltr'><strong>quis</strong></span> <span class='ocrx_word' id='word_1_77' title='bbox 849 1012 1189 1076; x_wconf 84' lang='lat' dir='ltr'><strong>fornicator</strong></span> <span class='ocrx_word' id='word_1_78' title='bbox 1219 1010 1598 1076; x_wconf 89' lang='lat' dir='ltr'><strong>sufficienter</strong></span> <span class='ocrx_word' id='word_1_79' title='bbox 1629 1009 1914 1091; x_wconf 83' lang='lat' dir='ltr'><strong>providet</strong></span> <span class='ocrx_word' id='word_1_80' title='bbox 1945 1009 2298 1074; x_wconf 85' lang='lat' dir='ltr'><strong>educationi</strong></span> <span class='ocrx_word' id='word_1_81' title='bbox 2329 1011 2541 1094; x_wconf 84' lang='lat' dir='ltr'><strong>prolis,</strong></span> <span class='ocrx_word' id='word_1_82' title='bbox 2581 1029 2868 1076; x_wconf 89' lang='lat' dir='ltr'><strong>recursus</strong></span> <span class='ocrx_word' id='word_1_83' title='bbox 2898 1030 3022 1076; x_wconf 92' lang='lat' dir='ltr'><strong>non</strong></span> <span class='ocrx_word' id='word_1_84' title='bbox 3066 1009 3142 1074; x_wconf 92' lang='lat' dir='ltr'><strong>fit</strong></span> 
     </span>
     <span class='ocr_line' id='line_1_9' title="bbox 678 1111 3142 1199; baseline -0.001 -21"><span class='ocrx_word' id='word_1_85' title='bbox 678 1115 754 1178; x_wconf 91' lang='lat' dir='ltr'><strong>ad</strong></span> <span class='ocrx_word' id='word_1_86' title='bbox 801 1114 1001 1199; x_wconf 86' lang='lat' dir='ltr'><strong>legem</strong></span> <span class='ocrx_word' id='word_1_87' title='bbox 1048 1113 1420 1188; x_wconf 86' lang='lat' dir='ltr'><strong>naturalem,</strong></span> <span class='ocrx_word' id='word_1_88' title='bbox 1470 1130 1628 1194; x_wconf 91' lang='lat' dir='ltr'><strong>quae</strong></span> <span class='ocrx_word' id='word_1_89' title='bbox 1675 1111 2045 1176; x_wconf 86' lang='lat' dir='ltr'><strong>universalis</strong></span> <span class='ocrx_word' id='word_1_90' title='bbox 2094 1114 2208 1189; x_wconf 92' lang='lat' dir='ltr'><strong>est,</strong></span> <span class='ocrx_word' id='word_1_91' title='bbox 2258 1112 2363 1177; x_wconf 88' lang='lat' dir='ltr'><strong>sed</strong></span> <span class='ocrx_word' id='word_1_92' title='bbox 2412 1114 2488 1177; x_wconf 91' lang='lat' dir='ltr'><strong>ad</strong></span> <span class='ocrx_word' id='word_1_93' title='bbox 2535 1114 2926 1197; x_wconf 89' lang='lat' dir='ltr'><strong>principium,</strong></span> <span class='ocrx_word' id='word_1_94' title='bbox 2975 1112 3142 1195; x_wconf 91' lang='lat' dir='ltr'><strong>quod</strong></span> 
     </span>
     <span class='ocr_line' id='line_1_10' title="bbox 680 1214 3142 1300; baseline -0 -21"><span class='ocrx_word' id='word_1_95' title='bbox 680 1216 850 1280; x_wconf 88' lang='lat' dir='ltr'><strong>valet</strong></span> <span class='ocrx_word' id='word_1_96' title='bbox 902 1216 966 1280; x_wconf 93' lang='lat' dir='ltr'><strong>in</strong></span> <span class='ocrx_word' id='word_1_97' title='bbox 1011 1216 1148 1300; x_wconf 88' lang='lat' dir='ltr'><strong>lege</strong></span> <span class='ocrx_word' id='word_1_98' title='bbox 1194 1215 1512 1298; x_wconf 80' lang='lat' dir='ltr'><strong>positiva?</strong></span> <span class='ocrx_word' id='word_1_99' title='bbox 1558 1214 1610 1278; x_wconf 92' lang='lat' dir='ltr'><strong>si</strong></span> <span class='ocrx_word' id='word_1_100' title='bbox 1659 1214 1961 1289; x_wconf 80' lang='lat' dir='ltr'><strong>alterum3</strong></span> <span class='ocrx_word' id='word_1_101' title='bbox 2020 1234 2166 1298; x_wconf 82' lang='lat' dir='ltr'><strong>ergo</strong></span> <span class='ocrx_word' id='word_1_102' title='bbox 2227 1216 2326 1280; x_wconf 88' lang='lat' dir='ltr'><strong>lex</strong></span> <span class='ocrx_word' id='word_1_103' title='bbox 2370 1219 2634 1281; x_wconf 89' lang='lat' dir='ltr'><strong>naturae</strong></span> <span class='ocrx_word' id='word_1_104' title='bbox 2680 1235 2787 1300; x_wconf 91' lang='lat' dir='ltr'><strong>per</strong></span> <span class='ocrx_word' id='word_1_105' title='bbox 2831 1235 2896 1281; x_wconf 91' lang='lat' dir='ltr'><strong>se</strong></span> <span class='ocrx_word' id='word_1_106' title='bbox 2943 1216 3142 1280; x_wconf 88' lang='lat' dir='ltr'><strong>solam</strong></span> 
     </span>
     <span class='ocr_line' id='line_1_11' title="bbox 683 1317 3143 1401; baseline -0 -19"><span class='ocrx_word' id='word_1_107' title='bbox 683 1317 956 1383; x_wconf 89' lang='lat' dir='ltr'><strong>nondum</strong></span> <span class='ocrx_word' id='word_1_108' title='bbox 1002 1318 1289 1401; x_wconf 88' lang='lat' dir='ltr'><strong>prohibet</strong></span> <span class='ocrx_word' id='word_1_109' title='bbox 1342 1317 1835 1382; x_wconf 85' lang='lat' dir='ltr'><strong>fornicationem.</strong></span> <span class='ocrx_word' id='word_1_110' title='bbox 1885 1317 1966 1381; x_wconf 87' lang='lat' dir='ltr'><strong>Et</strong></span> <span class='ocrx_word' id='word_1_111' title='bbox 2010 1318 2162 1382; x_wconf 90' lang='lat' dir='ltr'><strong>haec</strong></span> <span class='ocrx_word' id='word_1_112' title='bbox 2214 1318 2488 1399; x_wconf 89' lang='lat' dir='ltr'><strong>profecto</strong></span> <span class='ocrx_word' id='word_1_113' title='bbox 2544 1319 2791 1384; x_wconf 85' lang='lat' dir='ltr'><strong>videtur</strong></span> <span class='ocrx_word' id='word_1_114' title='bbox 2836 1318 3143 1383; x_wconf 89' lang='lat' dir='ltr'><strong>sententia</strong></span> 
     </span>
     <span class='ocr_line' id='line_1_12' title="bbox 684 1418 3141 1503; baseline -0.001 -18"><span class='ocrx_word' id='word_1_115' title='bbox 684 1441 733 1488; x_wconf 89' lang='lat' dir='ltr'><strong>s.</strong></span> <span class='ocrx_word' id='word_1_116' title='bbox 754 1421 1060 1486; x_wconf 89' lang='lat' dir='ltr'><strong>Doctoris.</strong></span> <span class='ocrx_word' id='word_1_117' title='bbox 1087 1420 1213 1484; x_wconf 86' lang='lat' dir='ltr'><strong>Lex</strong></span> <span class='ocrx_word' id='word_1_118' title='bbox 1238 1422 1447 1484; x_wconf 91' lang='lat' dir='ltr'><strong>autem</strong></span> <span class='ocrx_word' id='word_1_119' title='bbox 1472 1418 1743 1502; x_wconf 87' lang='lat' dir='ltr'><strong>positiva</strong></span> <span class='ocrx_word' id='word_1_120' title='bbox 1767 1419 2170 1503; x_wconf 86' lang='lat' dir='ltr'><strong>intelligenda</strong></span> <span class='ocrx_word' id='word_1_121' title='bbox 2187 1423 2283 1484; x_wconf 92' lang='lat' dir='ltr'><strong>est</strong></span> <span class='ocrx_word' id='word_1_122' title='bbox 2297 1421 2393 1485; x_wconf 86' lang='lat' dir='ltr'><strong>lex</strong></span> <span class='ocrx_word' id='word_1_123' title='bbox 2412 1420 2642 1485; x_wconf 81' lang='lat' dir='ltr'><strong>divina.</strong></span> <span class='ocrx_word' id='word_1_124' title='bbox 2661 1419 2958 1500; x_wconf 85' lang='lat' dir='ltr'><strong>Quaestio</strong></span> <span class='ocrx_word' id='word_1_125' title='bbox 2975 1437 3141 1498; x_wconf 88' lang='lat' dir='ltr'><strong>sane,</strong></span> 
     </span>
     <span class='ocr_line' id='line_1_13' title="bbox 684 1521 3144 1607; baseline -0.002 -19"><span class='ocrx_word' id='word_1_126' title='bbox 684 1544 874 1607; x_wconf 89' lang='lat' dir='ltr'><strong>quam</strong></span> <span class='ocrx_word' id='word_1_127' title='bbox 905 1523 992 1588; x_wconf 92' lang='lat' dir='ltr'><strong>ibi</strong></span> <span class='ocrx_word' id='word_1_128' title='bbox 1023 1523 1143 1588; x_wconf 90' lang='lat' dir='ltr'><strong>sibi</strong></span> <span class='ocrx_word' id='word_1_129' title='bbox 1172 1523 1464 1605; x_wconf 87' lang='lat' dir='ltr'><strong>proponit</strong></span> <span class='ocrx_word' id='word_1_130' title='bbox 1495 1540 1544 1586; x_wconf 76' lang='grc'><strong>6.</strong></span> <span class='ocrx_word' id='word_1_131' title='bbox 1579 1521 1872 1598; x_wconf 84' lang='lat' dir='ltr'><strong>Thomas,</strong></span> <span class='ocrx_word' id='word_1_132' title='bbox 1898 1541 2020 1586; x_wconf 92' lang='lat' dir='ltr'><strong>non</strong></span> <span class='ocrx_word' id='word_1_133' title='bbox 2054 1524 2168 1598; x_wconf 90' lang='lat' dir='ltr'><strong>est,</strong></span> <span class='ocrx_word' id='word_1_134' title='bbox 2204 1541 2281 1586; x_wconf 89' lang='lat' dir='ltr'><strong>an</strong></span> <span class='ocrx_word' id='word_1_135' title='bbox 2312 1522 2641 1587; x_wconf 90' lang='lat' dir='ltr'><strong>fornicatio</strong></span> <span class='ocrx_word' id='word_1_136' title='bbox 2674 1522 2932 1604; x_wconf 83' lang='lat' dir='ltr'><strong>simplex</strong></span> <span class='ocrx_word' id='word_1_137' title='bbox 2958 1522 3144 1603; x_wconf 87' lang='lat' dir='ltr'><strong>(quae</strong></span> 
     </span>
     <span class='ocr_line' id='line_1_14' title="bbox 684 1623 3146 1708; baseline -0.002 -17"><span class='ocrx_word' id='word_1_138' title='bbox 684 1626 780 1691; x_wconf 90' lang='lat' dir='ltr'><strong>est</strong></span> <span class='ocrx_word' id='word_1_139' title='bbox 811 1626 1003 1691; x_wconf 89' lang='lat' dir='ltr'><strong>soluti</strong></span> <span class='ocrx_word' id='word_1_140' title='bbox 1036 1645 1179 1690; x_wconf 92' lang='lat' dir='ltr'><strong>cum</strong></span> <span class='ocrx_word' id='word_1_141' title='bbox 1211 1626 1438 1702; x_wconf 88' lang='lat' dir='ltr'><strong>soluta,</strong></span> <span class='ocrx_word' id='word_1_142' title='bbox 1481 1626 1597 1688; x_wconf 90' lang='lat' dir='ltr'><strong>art.</strong></span> <span class='ocrx_word' id='word_1_143' title='bbox 1648 1625 1880 1708; x_wconf 90' lang='lat' dir='ltr'><strong>praec.)</strong></span> <span class='ocrx_word' id='word_1_144' title='bbox 1929 1624 2013 1689; x_wconf 87' lang='lat' dir='ltr'><strong>sit</strong></span> <span class='ocrx_word' id='word_1_145' title='bbox 2049 1624 2377 1689; x_wconf 88' lang='lat' dir='ltr'><strong>intrinsece</strong></span> <span class='ocrx_word' id='word_1_146' title='bbox 2423 1625 2609 1702; x_wconf 90' lang='lat' dir='ltr'><strong>mala,</strong></span> <span class='ocrx_word' id='word_1_147' title='bbox 2645 1623 2749 1689; x_wconf 92' lang='lat' dir='ltr'><strong>sed</strong></span> <span class='ocrx_word' id='word_1_148' title='bbox 2789 1643 2867 1688; x_wconf 89' lang='grc'><strong>611</strong></span> <span class='ocrx_word' id='word_1_149' title='bbox 2900 1624 2984 1688; x_wconf 89' lang='lat' dir='ltr'><strong>sit</strong></span> <span class='ocrx_word' id='word_1_150' title='bbox 3015 1642 3146 1706; x_wconf 90' lang='lat' dir='ltr'><strong>pec-</strong></span> 
     </span>
     <span class='ocr_line' id='line_1_15' title="bbox 684 1726 3143 1811; baseline -0.002 -17"><span class='ocrx_word' id='word_1_151' title='bbox 684 1730 897 1794; x_wconf 90' lang='lat' dir='ltr'><strong>catum</strong></span> <span class='ocrx_word' id='word_1_152' title='bbox 921 1729 1204 1794; x_wconf 88' lang='lat' dir='ltr'><strong>mortale.</strong></span> <span class='ocrx_word' id='word_1_153' title='bbox 1232 1728 1305 1792; x_wconf 92' lang='lat' dir='ltr'><strong>Id</strong></span> <span class='ocrx_word' id='word_1_154' title='bbox 1336 1727 1610 1811; x_wconf 86' lang='lat' dir='ltr'><strong>profecto</strong></span> <span class='ocrx_word' id='word_1_155' title='bbox 1646 1727 1878 1810; x_wconf 91' lang='lat' dir='ltr'><strong>optime</strong></span> <span class='ocrx_word' id='word_1_156' title='bbox 1910 1726 2381 1803; x_wconf 85' lang='lat' dir='ltr'><strong>demonstravit,</strong></span> <span class='ocrx_word' id='word_1_157' title='bbox 2410 1727 2656 1791; x_wconf 90' lang='lat' dir='ltr'><strong>etiamsi</strong></span> <span class='ocrx_word' id='word_1_158' title='bbox 2690 1745 2762 1791; x_wconf 86' lang='lat' dir='ltr'><strong>ex</strong></span> <span class='ocrx_word' id='word_1_159' title='bbox 2785 1727 2864 1790; x_wconf 75' lang='lat' dir='ltr'><strong>iis</strong></span> <span class='ocrx_word' id='word_1_160' title='bbox 2882 1726 3143 1803; x_wconf 75' lang='lat' dir='ltr'><strong>duobuS,</strong></span> 
     </span>
     <span class='ocr_line' id='line_1_16' title="bbox 685 1829 2088 1914; baseline -0.003 -18"><span class='ocrx_word' id='word_1_161' title='bbox 685 1851 844 1914; x_wconf 89' lang='lat' dir='ltr'><strong>quae</strong></span> <span class='ocrx_word' id='word_1_162' title='bbox 877 1831 1318 1913; x_wconf 79' lang='lat' dir='ltr'><strong>quaesivimus,</strong></span> <span class='ocrx_word' id='word_1_163' title='bbox 1352 1829 1688 1894; x_wconf 90' lang='lat' dir='ltr'><strong>secundum</strong></span> <span class='ocrx_word' id='word_1_164' title='bbox 1729 1829 2088 1912; x_wconf 87' lang='lat' dir='ltr'><strong>accipiatur.</strong></span> 
     </span>
    </p>

    <p class='ocr_par' dir='ltr' id='par_1_3' title="bbox 689 1930 3150 2530">
     <span class='ocr_line' id='line_1_17' title="bbox 776 1930 3149 2017; baseline -0.001 -21"><span class='ocrx_word' id='word_1_165' title='bbox 776 1934 917 1997; x_wconf 92' lang='lat' dir='ltr'><strong>Non</strong></span> <span class='ocrx_word' id='word_1_166' title='bbox 941 1952 1087 2017; x_wconf 87' lang='lat' dir='ltr'><strong>ergo</strong></span> <span class='ocrx_word' id='word_1_167' title='bbox 1114 1932 1516 1997; x_wconf 89' lang='lat' dir='ltr'><strong>abhorremus</strong></span> <span class='ocrx_word' id='word_1_168' title='bbox 1549 1932 1627 1995; x_wconf 91' lang='lat' dir='ltr'><strong>ab</strong></span> <span class='ocrx_word' id='word_1_169' title='bbox 1660 1931 2189 1997; x_wconf 86' lang='lat' dir='ltr'><strong>animadversione</strong></span> <span class='ocrx_word' id='word_1_170' title='bbox 2208 1932 2573 1997; x_wconf 84' lang='lat' dir='ltr'><strong>Tamburini</strong></span> <span class='ocrx_word' id='word_1_171' title='bbox 2595 1933 2638 1997; x_wconf 92' lang='lat' dir='ltr'><strong>l.</strong></span> <span class='ocrx_word' id='word_1_172' title='bbox 2666 1951 2717 1995; x_wconf 91' lang='lat' dir='ltr'><strong>c.</strong></span> <span class='ocrx_word' id='word_1_173' title='bbox 2748 1932 2806 2015; x_wconf 64' lang='grc' dir='ltr'><strong>ἓ.</strong></span> <span class='ocrx_word' id='word_1_174' title='bbox 2833 1933 2896 1995; x_wconf 95' lang='grc'><strong>2.</strong></span> <span class='ocrx_word' id='word_1_175' title='bbox 2929 1955 2965 1990; x_wconf 81' lang='grc'>«</span> <span class='ocrx_word' id='word_1_176' title='bbox 2989 1930 3149 1994; x_wconf 89' lang='lat' dir='ltr'><strong>Mihi</strong></span> 
     </span>
     <span class='ocr_line' id='line_1_18' title="bbox 690 2033 3149 2116; baseline -0.002 -17"><span class='ocrx_word' id='word_1_177' title='bbox 690 2035 811 2099; x_wconf 91' lang='lat' dir='ltr'><strong>duo</strong></span> <span class='ocrx_word' id='word_1_178' title='bbox 860 2037 1010 2099; x_wconf 91' lang='lat' dir='ltr'><strong>sunt</strong></span> <span class='ocrx_word' id='word_1_179' title='bbox 1040 2036 1229 2099; x_wconf 88' lang='lat' dir='ltr'><strong>certa.</strong></span> <span class='ocrx_word' id='word_1_180' title='bbox 1284 2034 1494 2097; x_wconf 92' lang='lat' dir='ltr'><strong>Primo</strong></span> <span class='ocrx_word' id='word_1_181' title='bbox 1542 2034 1702 2099; x_wconf 90' lang='lat' dir='ltr'><strong>hanc</strong></span> <span class='ocrx_word' id='word_1_182' title='bbox 1738 2053 2128 2099; x_wconf 90' lang='lat' dir='ltr'><strong>communem</strong></span> <span class='ocrx_word' id='word_1_183' title='bbox 2161 2035 2322 2116; x_wconf 91' lang='lat' dir='ltr'><strong>(iure</strong></span> <span class='ocrx_word' id='word_1_184' title='bbox 2369 2037 2630 2098; x_wconf 90' lang='lat' dir='ltr'><strong>naturae</strong></span> <span class='ocrx_word' id='word_1_185' title='bbox 2676 2033 3149 2099; x_wconf 85' lang='lat' dir='ltr'><strong>fornicationem</strong></span> 
     </span>
     <span class='ocr_line' id='line_1_19' title="bbox 689 2136 3150 2221; baseline -0.001 -20"><span class='ocrx_word' id='word_1_186' title='bbox 689 2157 819 2201; x_wconf 89' lang='lat' dir='ltr'><strong>esse</strong></span> <span class='ocrx_word' id='word_1_187' title='bbox 865 2137 1275 2221; x_wconf 89' lang='lat' dir='ltr'><strong>prohibitam)</strong></span> <span class='ocrx_word' id='word_1_188' title='bbox 1322 2155 1452 2200; x_wconf 88' lang='lat' dir='ltr'><strong>esse</strong></span> <span class='ocrx_word' id='word_1_189' title='bbox 1498 2156 1709 2201; x_wconf 85' lang='lat' dir='ltr'><strong>veram</strong></span> <span class='ocrx_word' id='word_1_190' title='bbox 1757 2137 2149 2202; x_wconf 89' lang='lat' dir='ltr'><strong>sententiam.</strong></span> <span class='ocrx_word' id='word_1_191' title='bbox 2200 2137 2477 2203; x_wconf 89' lang='lat' dir='ltr'><strong>Secundo</strong></span> <span class='ocrx_word' id='word_1_192' title='bbox 2526 2137 2675 2200; x_wconf 88' lang='lat' dir='ltr'><strong>data</strong></span> <span class='ocrx_word' id='word_1_193' title='bbox 2720 2137 2838 2200; x_wconf 91' lang='lat' dir='ltr'><strong>hac</strong></span> <span class='ocrx_word' id='word_1_194' title='bbox 2883 2136 3150 2200; x_wconf 87' lang='lat' dir='ltr'><strong>veritate</strong></span> 
     </span>
     <span class='ocr_line' id='line_1_20' title="bbox 689 2238 3147 2322; baseline -0.001 -18"><span class='ocrx_word' id='word_1_195' title='bbox 689 2239 1013 2304; x_wconf 90' lang='lat' dir='ltr'><strong>dicendum</strong></span> <span class='ocrx_word' id='word_1_196' title='bbox 1059 2239 1238 2303; x_wconf 91' lang='lat' dir='ltr'><strong>nobis</strong></span> <span class='ocrx_word' id='word_1_197' title='bbox 1293 2258 1444 2312; x_wconf 89' lang='lat' dir='ltr'><strong>esse,</strong></span> <span class='ocrx_word' id='word_1_198' title='bbox 1478 2239 1611 2303; x_wconf 91' lang='lat' dir='ltr'><strong>dari</strong></span> <span class='ocrx_word' id='word_1_199' title='bbox 1658 2239 1964 2304; x_wconf 90' lang='lat' dir='ltr'><strong>rationem</strong></span> <span class='ocrx_word' id='word_1_200' title='bbox 2011 2240 2361 2303; x_wconf 89' lang='lat' dir='ltr'><strong>naturalem</strong></span> <span class='ocrx_word' id='word_1_201' title='bbox 2415 2239 2478 2302; x_wconf 93' lang='lat' dir='ltr'><strong>id</strong></span> <span class='ocrx_word' id='word_1_202' title='bbox 2532 2240 2699 2303; x_wconf 90' lang='lat' dir='ltr'><strong>certo</strong></span> <span class='ocrx_word' id='word_1_203' title='bbox 2746 2238 3147 2322; x_wconf 87' lang='lat' dir='ltr'><strong>probantem:</strong></span> 
     </span>
     <span class='ocr_line' id='line_1_21' title="bbox 692 2339 3149 2429; baseline -0.002 -20"><span class='ocrx_word' id='word_1_204' title='bbox 692 2344 797 2410; x_wconf 91' lang='lat' dir='ltr'><strong>sed</strong></span> <span class='ocrx_word' id='word_1_205' title='bbox 843 2345 1109 2429; x_wconf 85' lang='lat' dir='ltr'><strong>ingenue</strong></span> <span class='ocrx_word' id='word_1_206' title='bbox 1141 2344 1323 2408; x_wconf 84' lang='lat' dir='ltr'><strong>fateri</strong></span> <span class='ocrx_word' id='word_1_207' title='bbox 1354 2362 1467 2408; x_wconf 90' lang='lat' dir='ltr'><strong>nos</strong></span> <span class='ocrx_word' id='word_1_208' title='bbox 1499 2342 1733 2419; x_wconf 91' lang='lat' dir='ltr'><strong>debere,</strong></span> <span class='ocrx_word' id='word_1_209' title='bbox 1776 2361 1914 2405; x_wconf 90' lang='lat' dir='ltr'><strong>eam</strong></span> <span class='ocrx_word' id='word_1_210' title='bbox 1959 2363 2001 2405; x_wconf 85' lang='lat' dir='ltr'><strong>a</strong></span> <span class='ocrx_word' id='word_1_211' title='bbox 2028 2342 2241 2422; x_wconf 79' lang='lat' dir='ltr'><strong>prio-ri</strong></span> <span class='ocrx_word' id='word_1_212' title='bbox 2283 2339 2557 2406; x_wconf 89' lang='lat' dir='ltr'><strong>nondum</strong></span> <span class='ocrx_word' id='word_1_213' title='bbox 2589 2341 2752 2406; x_wconf 86' lang='lat' dir='ltr'><strong>clare</strong></span> <span class='ocrx_word' id='word_1_214' title='bbox 2792 2340 2971 2404; x_wconf 91' lang='lat' dir='ltr'><strong>nobis</strong></span> <span class='ocrx_word' id='word_1_215' title='bbox 3019 2357 3149 2404; x_wconf 89' lang='lat' dir='ltr'><strong>esse</strong></span> 
     </span>
     <span class='ocr_line' id='line_1_22' title="bbox 691 2451 1181 2530; baseline 0.002 -19"><span class='ocrx_word' id='word_1_216' title='bbox 691 2451 1072 2530; x_wconf 88' lang='lat' dir='ltr'><strong>compertam</strong></span> <span class='ocrx_word' id='word_1_217' title='bbox 1118 2471 1181 2512; x_wconf 71' lang='grc' dir='ltr'><strong>ι».</strong></span> 
     </span>
    </p>

    <p class='ocr_par' dir='ltr' id='par_1_4' title="bbox 690 2544 3157 3659">
     <span class='ocr_line' id='line_1_23' title="bbox 785 2544 3153 2631; baseline -0.005 -11"><span class='ocrx_word' id='word_1_218' title='bbox 785 2544 994 2621; x_wconf 78' lang='grc'>1009.</span> <span class='ocrx_word' id='word_1_219' title='bbox 1028 2549 1286 2614; x_wconf 90' lang='lat' dir='ltr'><strong>Monent</strong></span> <span class='ocrx_word' id='word_1_220' title='bbox 1323 2549 1459 2613; x_wconf 91' lang='lat' dir='ltr'><strong>DD.</strong></span> <span class='ocrx_word' id='word_1_221' title='bbox 1487 2567 1629 2613; x_wconf 91' lang='lat' dir='ltr'><strong>cum</strong></span> <span class='ocrx_word' id='word_1_222' title='bbox 1655 2568 1702 2614; x_wconf 91' lang='lat' dir='ltr'><strong>s.</strong></span> <span class='ocrx_word' id='word_1_223' title='bbox 1741 2547 1984 2613; x_wconf 82' lang='lat' dir='ltr'><strong>Thema</strong></span> <span class='ocrx_word' id='word_1_224' title='bbox 2031 2567 2086 2613; x_wconf 87' lang='lat' dir='ltr'><strong>a.</strong></span> <span class='ocrx_word' id='word_1_225' title='bbox 2121 2547 2225 2612; x_wconf 91' lang='lat' dir='ltr'><strong>cit.</strong></span> <span class='ocrx_word' id='word_1_226' title='bbox 2254 2547 2331 2613; x_wconf 88' lang='lat' dir='ltr'><strong>ad</strong></span> <span class='ocrx_word' id='word_1_227' title='bbox 2364 2547 2469 2626; x_wconf 80' lang='lat'><strong>6¹¹¹,</strong></span> <span class='ocrx_word' id='word_1_228' title='bbox 2502 2547 2665 2613; x_wconf 85' lang='lat' dir='ltr'><strong>inter</strong></span> <span class='ocrx_word' id='word_1_229' title='bbox 2694 2547 2948 2631; x_wconf 85' lang='lat' dir='ltr'><strong>peccata</strong></span> <span class='ocrx_word' id='word_1_230' title='bbox 2977 2546 3153 2610; x_wconf 86' lang='lat' dir='ltr'><strong>luxu-</strong></span> 
     </span>
     <span class='ocr_line' id='line_1_24' title="bbox 690 2649 3151 2735; baseline -0.002 -18"><span class='ocrx_word' id='word_1_231' title='bbox 690 2653 819 2717; x_wconf 88' lang='lat' dir='ltr'><strong>riae</strong></span> <span class='ocrx_word' id='word_1_232' title='bbox 856 2655 1288 2718; x_wconf 90' lang='lat' dir='ltr'><strong>consummata</strong></span> <span class='ocrx_word' id='word_1_233' title='bbox 1332 2651 1539 2715; x_wconf 90' lang='lat' dir='ltr'><strong>minus</strong></span> <span class='ocrx_word' id='word_1_234' title='bbox 1586 2670 1716 2716; x_wconf 90' lang='lat' dir='ltr'><strong>esse</strong></span> <span class='ocrx_word' id='word_1_235' title='bbox 1764 2654 2085 2735; x_wconf 88' lang='lat' dir='ltr'><strong>peccatum</strong></span> <span class='ocrx_word' id='word_1_236' title='bbox 2130 2650 2578 2730; x_wconf 74' lang='lat' dir='ltr'><strong>fornicationiS,</strong></span> <span class='ocrx_word' id='word_1_237' title='bbox 2626 2669 2770 2715; x_wconf 92' lang='lat' dir='ltr'><strong>cum</strong></span> <span class='ocrx_word' id='word_1_238' title='bbox 2824 2668 2896 2714; x_wconf 88' lang='lat' dir='ltr'><strong>ea</strong></span> <span class='ocrx_word' id='word_1_239' title='bbox 2948 2649 3151 2713; x_wconf 90' lang='lat' dir='ltr'><strong>minor</strong></span> 
     </span>
     <span class='ocr_line' id='line_1_25' title="bbox 692 2751 3152 2837; baseline -0.002 -17"><span class='ocrx_word' id='word_1_240' title='bbox 692 2757 776 2821; x_wconf 91' lang='lat' dir='ltr'><strong>sit</strong></span> <span class='ocrx_word' id='word_1_241' title='bbox 804 2755 1181 2820; x_wconf 88' lang='lat' dir='ltr'><strong>inordinatio</strong></span> <span class='ocrx_word' id='word_1_242' title='bbox 1230 2757 1446 2820; x_wconf 89' lang='lat' dir='ltr'><strong>contra</strong></span> <span class='ocrx_word' id='word_1_243' title='bbox 1476 2757 1711 2819; x_wconf 89' lang='lat' dir='ltr'><strong>rectam</strong></span> <span class='ocrx_word' id='word_1_244' title='bbox 1735 2755 2061 2831; x_wconf 90' lang='lat' dir='ltr'><strong>rationem,</strong></span> <span class='ocrx_word' id='word_1_245' title='bbox 2096 2755 2170 2819; x_wconf 88' lang='lat' dir='ltr'><strong>ut</strong></span> <span class='ocrx_word' id='word_1_246' title='bbox 2200 2753 2538 2819; x_wconf 91' lang='lat' dir='ltr'><strong>conferenti</strong></span> <span class='ocrx_word' id='word_1_247' title='bbox 2567 2755 2761 2837; x_wconf 90' lang='lat' dir='ltr'><strong>patet.</strong></span> <span class='ocrx_word' id='word_1_248' title='bbox 2801 2751 3031 2817; x_wconf 86' lang='lat' dir='ltr'><strong>Merito</strong></span> <span class='ocrx_word' id='word_1_249' title='bbox 3063 2755 3152 2816; x_wconf 85' lang='lat' dir='ltr'><strong>ta-</strong></span> 
     </span>
     <span class='ocr_line' id='line_1_26' title="bbox 691 2855 3151 2940; baseline -0.002 -18"><span class='ocrx_word' id='word_1_250' title='bbox 691 2878 832 2922; x_wconf 88' lang='lat' dir='ltr'><strong>men</strong></span> <span class='ocrx_word' id='word_1_251' title='bbox 872 2857 1142 2922; x_wconf 84' lang='lat' dir='ltr'><strong>advertit</strong></span> <span class='ocrx_word' id='word_1_252' title='bbox 1185 2857 1539 2923; x_wconf 82' lang='lat' dir='ltr'><strong>Lehmkuh]</strong></span> <span class='ocrx_word' id='word_1_253' title='bbox 1572 2877 1669 2940; x_wconf 93' lang='lat' dir='ltr'><strong>op.</strong></span> <span class='ocrx_word' id='word_1_254' title='bbox 1710 2858 1815 2922; x_wconf 91' lang='lat' dir='ltr'><strong>cit.</strong></span> <span class='ocrx_word' id='word_1_255' title='bbox 1855 2878 1914 2939; x_wconf 93' lang='lat' dir='ltr'><strong>p.</strong></span> <span class='ocrx_word' id='word_1_256' title='bbox 1957 2858 2105 2921; x_wconf 81' lang='lat'><strong>518.</strong></span> <span class='ocrx_word' id='word_1_257' title='bbox 2141 2856 2203 2920; x_wconf 93' lang='lat' dir='ltr'><strong>id</strong></span> <span class='ocrx_word' id='word_1_258' title='bbox 2236 2875 2453 2921; x_wconf 86' lang='lat' dir='ltr'><strong>verum</strong></span> <span class='ocrx_word' id='word_1_259' title='bbox 2500 2875 2630 2921; x_wconf 90' lang='lat' dir='ltr'><strong>esse</strong></span> <span class='ocrx_word' id='word_1_260' title='bbox 2662 2856 2878 2921; x_wconf 87' lang='lat' dir='ltr'><strong>habita</strong></span> <span class='ocrx_word' id='word_1_261' title='bbox 2910 2855 3151 2919; x_wconf 87' lang='lat' dir='ltr'><strong>ratione</strong></span> 
     </span>
     <span class='ocr_line' id='line_1_27' title="bbox 691 2958 3154 3042; baseline -0.001 -19"><span class='ocrx_word' id='word_1_262' title='bbox 691 2959 1007 3042; x_wconf 88' lang='lat' dir='ltr'><strong>specificae</strong></span> <span class='ocrx_word' id='word_1_263' title='bbox 1055 2960 1333 3024; x_wconf 87' lang='lat' dir='ltr'><strong>malitiae</strong></span> <span class='ocrx_word' id='word_1_264' title='bbox 1379 2960 1678 3024; x_wconf 78' lang='lat' dir='ltr'><strong>luxuriae.</strong></span> <span class='ocrx_word' id='word_1_265' title='bbox 1727 2984 1763 3017; x_wconf 89' lang='lat'>«</span> <span class='ocrx_word' id='word_1_266' title='bbox 1818 2960 1990 3035; x_wconf 89' lang='lat' dir='ltr'><strong>Dico,</strong></span> <span class='ocrx_word' id='word_1_267' title='bbox 2041 2958 2245 3040; x_wconf 88' lang='lat' dir='ltr'><strong>quoad</strong></span> <span class='ocrx_word' id='word_1_268' title='bbox 2291 2958 2602 3023; x_wconf 76' lang='lat' dir='ltr'><strong>nwlitiam</strong></span> <span class='ocrx_word' id='word_1_269' title='bbox 2633 2958 2960 3023; x_wconf 75' lang='lat' dir='ltr'><strong>luxuriae:</strong></span> <span class='ocrx_word' id='word_1_270' title='bbox 3008 2958 3154 3040; x_wconf 84' lang='lat' dir='ltr'><strong>quia</strong></span> 
     </span>
     <span class='ocr_line' id='line_1_28' title="bbox 693 3060 3154 3145; baseline -0.002 -18"><span class='ocrx_word' id='word_1_271' title='bbox 693 3061 857 3144; x_wconf 82' lang='lat' dir='ltr'><strong>quod</strong></span> <span class='ocrx_word' id='word_1_272' title='bbox 895 3062 958 3125; x_wconf 91' lang='lat' dir='ltr'><strong>in</strong></span> <span class='ocrx_word' id='word_1_273' title='bbox 1007 3064 1256 3145; x_wconf 88' lang='lat' dir='ltr'><strong>peccato</strong></span> <span class='ocrx_word' id='word_1_274' title='bbox 1304 3062 1588 3127; x_wconf 89' lang='lat' dir='ltr'><strong>solitario</strong></span> <span class='ocrx_word' id='word_1_275' title='bbox 1621 3061 1811 3139; x_wconf 88' lang='lat' dir='ltr'><strong>deest,</strong></span> <span class='ocrx_word' id='word_1_276' title='bbox 1844 3061 1979 3125; x_wconf 90' lang='lat' dir='ltr'><strong>heic</strong></span> <span class='ocrx_word' id='word_1_277' title='bbox 2013 3060 2267 3135; x_wconf 90' lang='lat' dir='ltr'><strong>accedit,</strong></span> <span class='ocrx_word' id='word_1_278' title='bbox 2301 3080 2517 3144; x_wconf 92' lang='lat' dir='ltr'><strong>nempe</strong></span> <span class='ocrx_word' id='word_1_279' title='bbox 2552 3061 2761 3126; x_wconf 88' lang='lat' dir='ltr'><strong>mutui</strong></span> <span class='ocrx_word' id='word_1_280' title='bbox 2795 3060 2960 3125; x_wconf 87' lang='lat' dir='ltr'><strong>ratio</strong></span> <span class='ocrx_word' id='word_1_281' title='bbox 2987 3078 3154 3124; x_wconf 88' lang='lat' dir='ltr'><strong>scan-</strong></span> 
     </span>
     <span class='ocr_line' id='line_1_29' title="bbox 693 3162 3155 3246; baseline -0.002 -18"><span class='ocrx_word' id='word_1_282' title='bbox 693 3164 847 3228; x_wconf 88' lang='lat' dir='ltr'><strong>dali:</strong></span> <span class='ocrx_word' id='word_1_283' title='bbox 883 3163 1021 3228; x_wconf 90' lang='lat' dir='ltr'><strong>dein</strong></span> <span class='ocrx_word' id='word_1_284' title='bbox 1060 3163 1215 3241; x_wconf 90' lang='lat' dir='ltr'><strong>dico,</strong></span> <span class='ocrx_word' id='word_1_285' title='bbox 1251 3163 1455 3245; x_wconf 90' lang='lat' dir='ltr'><strong>quoad</strong></span> <span class='ocrx_word' id='word_1_286' title='bbox 1502 3162 1853 3242; x_wconf 55' lang='lat' dir='ltr'><strong>specificam</strong></span> <span class='ocrx_word' id='word_1_287' title='bbox 1896 3163 2180 3227; x_wconf 81' lang='lat' dir='ltr'><strong>luxuriae</strong></span> <span class='ocrx_word' id='word_1_288' title='bbox 2225 3163 2577 3227; x_wconf 87' lang='lat' dir='ltr'><strong>malitiam:</strong></span> <span class='ocrx_word' id='word_1_289' title='bbox 2617 3163 2765 3246; x_wconf 89' lang='lat' dir='ltr'><strong>quia</strong></span> <span class='ocrx_word' id='word_1_290' title='bbox 2811 3162 3155 3227; x_wconf 84' lang='lat' dir='ltr'><strong>subiectiva</strong></span> 
     </span>
     <span class='ocr_line' id='line_1_30' title="bbox 694 3263 3151 3348; baseline -0.001 -19"><span class='ocrx_word' id='word_1_291' title='bbox 694 3266 939 3330; x_wconf 90' lang='lat' dir='ltr'><strong>malitia</strong></span> <span class='ocrx_word' id='word_1_292' title='bbox 970 3266 1034 3330; x_wconf 90' lang='lat' dir='ltr'><strong>in</strong></span> <span class='ocrx_word' id='word_1_293' title='bbox 1072 3268 1354 3331; x_wconf 90' lang='lat' dir='ltr'><strong>concreto</strong></span> <span class='ocrx_word' id='word_1_294' title='bbox 1380 3265 1737 3347; x_wconf 85' lang='lat' dir='ltr'><strong>saepissime</strong></span> <span class='ocrx_word' id='word_1_295' title='bbox 1760 3265 1962 3329; x_wconf 89' lang='lat' dir='ltr'><strong>maior</strong></span> <span class='ocrx_word' id='word_1_296' title='bbox 1986 3265 2249 3343; x_wconf 84' lang='lat' dir='ltr'><strong>videtur,</strong></span> <span class='ocrx_word' id='word_1_297' title='bbox 2276 3284 2466 3348; x_wconf 89' lang='lat' dir='ltr'><strong>quam</strong></span> <span class='ocrx_word' id='word_1_298' title='bbox 2481 3264 2847 3348; x_wconf 80' lang='lat' dir='ltr'><strong>pollutionis</strong></span> <span class='ocrx_word' id='word_1_299' title='bbox 2878 3263 3151 3338; x_wconf 81' lang='lat' dir='ltr'><strong>malitia;</strong></span> 
     </span>
     <span class='ocr_line' id='line_1_31' title="bbox 695 3364 3156 3452; baseline -0.001 -18"><span class='ocrx_word' id='word_1_300' title='bbox 695 3368 843 3452; x_wconf 89' lang='lat' dir='ltr'><strong>quia</strong></span> <span class='ocrx_word' id='word_1_301' title='bbox 896 3371 958 3433; x_wconf 90' lang='lat' dir='ltr'><strong>et</strong></span> <span class='ocrx_word' id='word_1_302' title='bbox 995 3368 1194 3452; x_wconf 91' lang='lat' dir='ltr'><strong>pudor</strong></span> <span class='ocrx_word' id='word_1_303' title='bbox 1238 3367 1441 3432; x_wconf 91' lang='lat' dir='ltr'><strong>multo</strong></span> <span class='ocrx_word' id='word_1_304' title='bbox 1478 3368 1681 3452; x_wconf 87' lang='lat' dir='ltr'><strong>magis</strong></span> <span class='ocrx_word' id='word_1_305' title='bbox 1743 3368 1992 3432; x_wconf 85' lang='lat' dir='ltr'><strong>exuitur</strong></span> <span class='ocrx_word' id='word_1_306' title='bbox 2046 3371 2109 3432; x_wconf 93' lang='lat' dir='ltr'><strong>et</strong></span> <span class='ocrx_word' id='word_1_307' title='bbox 2148 3370 2324 3432; x_wconf 90' lang='lat' dir='ltr'><strong>actus</strong></span> <span class='ocrx_word' id='word_1_308' title='bbox 2377 3369 2581 3433; x_wconf 91' lang='lat' dir='ltr'><strong>multo</strong></span> <span class='ocrx_word' id='word_1_309' title='bbox 2628 3368 2769 3451; x_wconf 91' lang='lat' dir='ltr'><strong>plus</strong></span> <span class='ocrx_word' id='word_1_310' title='bbox 2815 3364 3156 3432; x_wconf 83' lang='lat' dir='ltr'><strong>voluntarii</strong></span> 
     </span>
     <span class='ocr_line' id='line_1_32' title="bbox 695 3468 3157 3553; baseline -0 -19"><span class='ocrx_word' id='word_1_311' title='bbox 695 3472 900 3536; x_wconf 89' lang='lat' dir='ltr'><strong>habet.</strong></span> <span class='ocrx_word' id='word_1_312' title='bbox 937 3470 1141 3551; x_wconf 80' lang='lat' dir='ltr'><strong>Quare</strong></span> <span class='ocrx_word' id='word_1_313' title='bbox 1172 3470 1234 3534; x_wconf 91' lang='lat' dir='ltr'><strong>in</strong></span> <span class='ocrx_word' id='word_1_314' title='bbox 1268 3469 1604 3534; x_wconf 91' lang='lat' dir='ltr'><strong>canonibus</strong></span> <span class='ocrx_word' id='word_1_315' title='bbox 1636 3470 2182 3553; x_wconf 87' lang='lat' dir='ltr'><strong>poenitentialibus</strong></span> <span class='ocrx_word' id='word_1_316' title='bbox 2214 3471 2407 3535; x_wconf 89' lang='lat' dir='ltr'><strong>etiam</strong></span> <span class='ocrx_word' id='word_1_317' title='bbox 2443 3471 2799 3535; x_wconf 87' lang='lat' dir='ltr'><strong>constanter</strong></span> <span class='ocrx_word' id='word_1_318' title='bbox 2829 3488 2942 3552; x_wconf 92' lang='lat' dir='ltr'><strong>pro</strong></span> <span class='ocrx_word' id='word_1_319' title='bbox 2972 3468 3157 3533; x_wconf 89' lang='lat' dir='ltr'><strong>forni-</strong></span> 
     </span>
     <span class='ocr_line' id='line_1_33' title="bbox 697 3572 3110 3659; baseline -0.002 -21"><span class='ocrx_word' id='word_1_320' title='bbox 697 3576 938 3639; x_wconf 89' lang='lat' dir='ltr'><strong>catione</strong></span> <span class='ocrx_word' id='word_1_321' title='bbox 971 3574 1170 3638; x_wconf 92' lang='lat' dir='ltr'><strong>maior</strong></span> <span class='ocrx_word' id='word_1_322' title='bbox 1206 3573 1589 3657; x_wconf 89' lang='lat' dir='ltr'><strong>poenitentia</strong></span> <span class='ocrx_word' id='word_1_323' title='bbox 1619 3573 1865 3659; x_wconf 87' lang='lat' dir='ltr'><strong>iniungi</strong></span> <span class='ocrx_word' id='word_1_324' title='bbox 1913 3573 2254 3651; x_wconf 90' lang='lat' dir='ltr'><strong>consuevit,</strong></span> <span class='ocrx_word' id='word_1_325' title='bbox 2290 3591 2480 3654; x_wconf 87' lang='lat' dir='ltr'><strong>quam</strong></span> <span class='ocrx_word' id='word_1_326' title='bbox 2511 3592 2622 3656; x_wconf 93' lang='lat' dir='ltr'><strong>pro</strong></span> <span class='ocrx_word' id='word_1_327' title='bbox 2655 3572 3002 3656; x_wconf 88' lang='lat' dir='ltr'><strong>pollutione</strong></span> <span class='ocrx_word' id='word_1_328' title='bbox 3048 3595 3110 3633; x_wconf 83' lang='lat'><strong>».</strong></span> 
     </span>
    </p>

    <p class='ocr_par' dir='ltr' id='par_1_5' title="bbox 805 3710 3155 3782">
     <span class='ocr_line' id='line_1_34' title="bbox 805 3710 3155 3782; baseline -0.003 -11"><span class='ocrx_word' id='word_1_329' title='bbox 805 3719 964 3771; x_wconf 81' lang='lat' dir='ltr'><strong>xvn.</strong></span> <span class='ocrx_word' id='word_1_330' title='bbox 992 3720 1040 3770; x_wconf 81' lang='lat'><strong>2.</strong></span> <span class='ocrx_word' id='word_1_331' title='bbox 1080 3720 1313 3782; x_wconf 77' lang='lat' dir='ltr'><strong>stuprum</strong></span> <span class='ocrx_word' id='word_1_332' title='bbox 1354 3720 1447 3769; x_wconf 84' lang='grc'>1106</span> <span class='ocrx_word' id='word_1_333' title='bbox 1485 3723 1561 3769; x_wconf 86' lang='lat' dir='ltr'><strong>est</strong></span> <span class='ocrx_word' id='word_1_334' title='bbox 1597 3714 1855 3769; x_wconf 84' lang='lat' dir='ltr'><strong>defloratio</strong></span> <span class='ocrx_word' id='word_1_335' title='bbox 1893 3714 2109 3779; x_wconf 78' lang='lat' dir='ltr'><strong>virginis,</strong></span> <span class='ocrx_word' id='word_1_336' title='bbox 2135 3715 2241 3780; x_wconf 79' lang='lat' dir='ltr'><strong>ipsa</strong></span> <span class='ocrx_word' id='word_1_337' title='bbox 2279 3713 2460 3781; x_wconf 79' lang='lat' dir='ltr'><strong>invita;</strong></span> <span class='ocrx_word' id='word_1_338' title='bbox 2487 3712 2617 3779; x_wconf 78' lang='lat' dir='ltr'><strong>quia,</strong></span> <span class='ocrx_word' id='word_1_339' title='bbox 2650 3712 2693 3767; x_wconf 88' lang='lat' dir='ltr'><strong>si</strong></span> <span class='ocrx_word' id='word_1_340' title='bbox 2729 3712 3021 3776; x_wconf 78' lang='lat' dir='ltr'><strong>consentiat,</strong></span> <span class='ocrx_word' id='word_1_341' title='bbox 3062 3710 3155 3766; x_wconf 84' lang='grc'>6111</span> 
     </span>
    </p>
   </div>
   <div class='ocr_carea' id='block_1_3' title="bbox 699 3797 3152 3953">
    <p class='ocr_par' dir='ltr' id='par_1_6' title="bbox 699 3797 3152 3953">
     <span class='ocr_line' id='line_1_35' title="bbox 699 3797 3152 3867; baseline -0.001 -13"><span class='ocrx_word' id='word_1_342' title='bbox 699 3809 883 3854; x_wconf 85' lang='grc'>1611111111</span> <span class='ocrx_word' id='word_1_343' title='bbox 924 3801 1178 3854; x_wconf 68' lang='lat' dir='ltr'><strong>fornicatio</strong></span> <span class='ocrx_word' id='word_1_344' title='bbox 1217 3801 1425 3867; x_wconf 84' lang='lat' dir='ltr'><strong>simplex</strong></span> <span class='ocrx_word' id='word_1_345' title='bbox 1464 3815 1553 3854; x_wconf 85' lang='lat' dir='ltr'><strong>nec</strong></span> <span class='ocrx_word' id='word_1_346' title='bbox 1589 3800 1948 3854; x_wconf 79' lang='lat' dir='ltr'><strong>circumstantia</strong></span> <span class='ocrx_word' id='word_1_347' title='bbox 1973 3799 2022 3852; x_wconf 89' lang='lat' dir='ltr'><strong>in</strong></span> <span class='ocrx_word' id='word_1_348' title='bbox 2061 3797 2366 3853; x_wconf 75' lang='lat' dir='ltr'><strong>consessione</strong></span> <span class='ocrx_word' id='word_1_349' title='bbox 2404 3797 2687 3865; x_wconf 79' lang='lat' dir='ltr'><strong>aperienda,</strong></span> <span class='ocrx_word' id='word_1_350' title='bbox 2722 3805 2775 3851; x_wconf 91' lang='lat' dir='ltr'><strong>ut</strong></span> <span class='ocrx_word' id='word_1_351' title='bbox 2816 3800 2993 3865; x_wconf 84' lang='lat' dir='ltr'><strong>probat</strong></span> <span class='ocrx_word' id='word_1_352' title='bbox 3017 3799 3152 3851; x_wconf 65' lang='lat' dir='ltr'><strong>Lens.</strong></span> 
     </span>
     <span class='ocr_line' id='line_1_36' title="bbox 699 3885 2106 3953; baseline -0.001 -15"><span class='ocrx_word' id='word_1_353' title='bbox 699 3894 745 3938; x_wconf 83' lang='grc'><strong>61</strong></span> <span class='ocrx_word' id='word_1_354' title='bbox 784 3888 958 3938; x_wconf 85' lang='lat' dir='ltr'><strong>Sanch.</strong></span> <span class='ocrx_word' id='word_1_355' title='bbox 990 3890 1019 3938; x_wconf 93' lang='grc' dir='ltr'><strong>Ι.</strong></span> <span class='ocrx_word' id='word_1_356' title='bbox 1046 3887 1095 3938; x_wconf 92' lang='grc'><strong>7.</strong></span> <span class='ocrx_word' id='word_1_357' title='bbox 1121 3886 1247 3953; x_wconf 88' lang='lat' dir='ltr'><strong>disp.</strong></span> <span class='ocrx_word' id='word_1_358' title='bbox 1278 3887 1361 3940; x_wconf 77' lang='grc'><strong>42.</strong></span> <span class='ocrx_word' id='word_1_359' title='bbox 1389 3894 1559 3940; x_wconf 81' lang='lat' dir='ltr'><strong>contra</strong></span> <span class='ocrx_word' id='word_1_360' title='bbox 1586 3887 1705 3938; x_wconf 68' lang='lat' dir='ltr'><strong>NaV.</strong></span> <span class='ocrx_word' id='word_1_361' title='bbox 1732 3887 1865 3939; x_wconf 79' lang='lat' dir='ltr'><strong>Azor</strong></span> <span class='ocrx_word' id='word_1_362' title='bbox 1891 3892 1939 3939; x_wconf 88' lang='lat' dir='ltr'><strong>et</strong></span> <span class='ocrx_word' id='word_1_363' title='bbox 1966 3885 2106 3937; x_wconf 76' lang='lat' dir='ltr'><strong>alios·</strong></span> 
     </span>
    </p>
   </div>
   <div class='ocr_carea' id='block_1_4' title="bbox 696 4001 3166 4602">
    <p class='ocr_par' dir='ltr' id='par_1_7' title="bbox 696 4001 3166 4602">
     <span class='ocr_line' id='line_1_37' title="bbox 790 4001 3156 4091; baseline -0.003 -14"><span class='ocrx_word' id='word_1_364' title='bbox 790 4001 978 4077; x_wconf 91' lang='grc'>1010.</span> <span class='ocrx_word' id='word_1_365' title='bbox 1023 4004 1322 4090; x_wconf 86' lang='lat' dir='ltr'><strong>Stuprum</strong></span> <span class='ocrx_word' id='word_1_366' title='bbox 1372 4007 1614 4091; x_wconf 91' lang='lat' dir='ltr'><strong>proprie</strong></span> <span class='ocrx_word' id='word_1_367' title='bbox 1650 4009 1971 4089; x_wconf 85' lang='lat' dir='ltr'><strong>acceptum</strong></span> <span class='ocrx_word' id='word_1_368' title='bbox 2005 4005 2218 4070; x_wconf 90' lang='lat' dir='ltr'><strong>definit</strong></span> <span class='ocrx_word' id='word_1_369' title='bbox 2244 4005 2585 4071; x_wconf 84' lang='lat' dir='ltr'><strong>Gratianus</strong></span> <span class='ocrx_word' id='word_1_370' title='bbox 2626 4004 2838 4070; x_wconf 75' lang='lat' dir='ltr'><strong>Causa</strong></span> <span class='ocrx_word' id='word_1_371' title='bbox 2870 4007 2975 4070; x_wconf 86' lang='lat'><strong>36.</strong></span> <span class='ocrx_word' id='word_1_372' title='bbox 3010 4025 3069 4089; x_wconf 89' lang='lat' dir='ltr'><strong>q.</strong></span> <span class='ocrx_word' id='word_1_373' title='bbox 3100 4006 3156 4068; x_wconf 92' lang='lat'><strong>1.</strong></span> 
     </span>
     <span class='ocr_line' id='line_1_38' title="bbox 696 4107 3158 4190; baseline -0.002 -14"><span class='ocrx_word' id='word_1_374' title='bbox 696 4112 810 4176; x_wconf 89' lang='lat' dir='ltr'><strong>sub</strong></span> <span class='ocrx_word' id='word_1_375' title='bbox 842 4131 932 4189; x_wconf 74' lang='lat' dir='ltr'><strong>cp.</strong></span> <span class='ocrx_word' id='word_1_376' title='bbox 967 4109 1140 4173; x_wconf 70' lang='lat' dir='ltr'><strong>Lex:</strong></span> <span class='ocrx_word' id='word_1_377' title='bbox 1177 4110 1447 4190; x_wconf 71' lang='lat' dir='ltr'><strong>virqinis</strong></span> <span class='ocrx_word' id='word_1_378' title='bbox 1476 4109 1706 4172; x_wconf 68' lang='lat' dir='ltr'><strong>illicita</strong></span> <span class='ocrx_word' id='word_1_379' title='bbox 1738 4108 2086 4187; x_wconf 55' lang='lat' dir='ltr'><strong>defloratae.</strong></span> <span class='ocrx_word' id='word_1_380' title='bbox 2115 4107 2316 4188; x_wconf 81' lang='lat' dir='ltr'><strong>Quam</strong></span> <span class='ocrx_word' id='word_1_381' title='bbox 2363 4108 2786 4173; x_wconf 87' lang='lat' dir='ltr'><strong>definitionem</strong></span> <span class='ocrx_word' id='word_1_382' title='bbox 2810 4128 2860 4173; x_wconf 83' lang='lat' dir='ltr'><strong>S.</strong></span> <span class='ocrx_word' id='word_1_383' title='bbox 2887 4108 3158 4173; x_wconf 84' lang='lat' dir='ltr'><strong>Thomas</strong></span> 
     </span>
     <span class='ocr_line' id='line_1_39' title="bbox 697 4209 3163 4297; baseline -0.002 -18"><span class='ocrx_word' id='word_1_384' title='bbox 697 4212 927 4297; x_wconf 90' lang='lat' dir='ltr'><strong>recepit</strong></span> <span class='ocrx_word' id='word_1_385' title='bbox 973 4214 1032 4275; x_wconf 84' lang='lat'><strong>2.</strong></span> <span class='ocrx_word' id='word_1_386' title='bbox 1068 4213 1129 4275; x_wconf 89' lang='grc'><strong>2.</strong></span> <span class='ocrx_word' id='word_1_387' title='bbox 1163 4232 1221 4293; x_wconf 92' lang='lat' dir='ltr'><strong>q.</strong></span> <span class='ocrx_word' id='word_1_388' title='bbox 1261 4211 1407 4273; x_wconf 83' lang='lat'><strong>154.</strong></span> <span class='ocrx_word' id='word_1_389' title='bbox 1444 4230 1498 4274; x_wconf 94' lang='lat' dir='ltr'><strong>a.</strong></span> <span class='ocrx_word' id='word_1_390' title='bbox 1541 4211 1598 4274; x_wconf 92' lang='lat'><strong>1.</strong></span> <span class='ocrx_word' id='word_1_391' title='bbox 1640 4209 1746 4272; x_wconf 91' lang='lat' dir='ltr'><strong>ubi</strong></span> <span class='ocrx_word' id='word_1_392' title='bbox 1783 4209 1860 4272; x_wconf 92' lang='lat' dir='ltr'><strong>ad</strong></span> <span class='ocrx_word' id='word_1_393' title='bbox 1893 4210 2199 4275; x_wconf 87' lang='lat' dir='ltr'><strong>rationem</strong></span> <span class='ocrx_word' id='word_1_394' title='bbox 2248 4209 2452 4295; x_wconf 90' lang='lat' dir='ltr'><strong>stupri</strong></span> <span class='ocrx_word' id='word_1_395' title='bbox 2483 4230 2605 4276; x_wconf 91' lang='lat' dir='ltr'><strong>non</strong></span> <span class='ocrx_word' id='word_1_396' title='bbox 2643 4211 2906 4293; x_wconf 89' lang='lat' dir='ltr'><strong>requirit</strong></span> <span class='ocrx_word' id='word_1_397' title='bbox 2937 4211 3163 4275; x_wconf 84' lang='lat' dir='ltr'><strong>violen-</strong></span> 
     </span>
     <span class='ocr_line' id='line_1_40' title="bbox 696 4311 3159 4398; baseline -0.002 -17"><span class='ocrx_word' id='word_1_398' title='bbox 696 4318 853 4381; x_wconf 90' lang='lat' dir='ltr'><strong>tiam</strong></span> <span class='ocrx_word' id='word_1_399' title='bbox 886 4316 1117 4378; x_wconf 88' lang='lat' dir='ltr'><strong>factam</strong></span> <span class='ocrx_word' id='word_1_400' title='bbox 1150 4313 1396 4397; x_wconf 84' lang='lat' dir='ltr'><strong>virgini.</strong></span> <span class='ocrx_word' id='word_1_401' title='bbox 1431 4312 1518 4376; x_wconf 87' lang='lat' dir='ltr'><strong>At</strong></span> <span class='ocrx_word' id='word_1_402' title='bbox 1542 4311 1953 4376; x_wconf 88' lang='lat' dir='ltr'><strong>communiter</strong></span> <span class='ocrx_word' id='word_1_403' title='bbox 1978 4314 2112 4377; x_wconf 91' lang='lat' dir='ltr'><strong>DD.</strong></span> <span class='ocrx_word' id='word_1_404' title='bbox 2141 4314 2228 4395; x_wconf 79' lang='lat' dir='ltr'><strong>(v.</strong></span> <span class='ocrx_word' id='word_1_405' title='bbox 2258 4313 2581 4398; x_wconf 87' lang='lat' dir='ltr'><strong>Laymann</strong></span> <span class='ocrx_word' id='word_1_406' title='bbox 2607 4313 2681 4377; x_wconf 77' lang='lat' dir='ltr'><strong>de</strong></span> <span class='ocrx_word' id='word_1_407' title='bbox 2705 4312 3070 4394; x_wconf 62' lang='lat' dir='ltr'><strong>Rastitiajtr.</strong></span> <span class='ocrx_word' id='word_1_408' title='bbox 3098 4313 3159 4376; x_wconf 90' lang='lat'><strong>3.</strong></span> 
     </span>
     <span class='ocr_line' id='line_1_41' title="bbox 699 4412 3166 4500; baseline -0 -21"><span class='ocrx_word' id='word_1_409' title='bbox 699 4439 756 4500; x_wconf 92' lang='lat' dir='ltr'><strong>p.</strong></span> <span class='ocrx_word' id='word_1_410' title='bbox 809 4417 869 4478; x_wconf 85' lang='lat'><strong>3.</strong></span> <span class='ocrx_word' id='word_1_411' title='bbox 909 4436 959 4478; x_wconf 91' lang='lat' dir='ltr'><strong>c.</strong></span> <span class='ocrx_word' id='word_1_412' title='bbox 1001 4417 1133 4498; x_wconf 84' lang='lat'><strong>13.)</strong></span> <span class='ocrx_word' id='word_1_413' title='bbox 1180 4414 1403 4496; x_wconf 85' lang='lat' dir='ltr'><strong>duplex</strong></span> <span class='ocrx_word' id='word_1_414' title='bbox 1450 4412 1850 4497; x_wconf 84' lang='lat' dir='ltr'><strong>distinguunt</strong></span> <span class='ocrx_word' id='word_1_415' title='bbox 1895 4416 2204 4497; x_wconf 91' lang='lat' dir='ltr'><strong>stuprum,</strong></span> <span class='ocrx_word' id='word_1_416' title='bbox 2237 4415 2394 4479; x_wconf 90' lang='lat' dir='ltr'><strong>illud</strong></span> <span class='ocrx_word' id='word_1_417' title='bbox 2443 4435 2659 4500; x_wconf 91' lang='lat' dir='ltr'><strong>nempe</strong></span> <span class='ocrx_word' id='word_1_418' title='bbox 2692 4417 2859 4498; x_wconf 92' lang='lat' dir='ltr'><strong>quod</strong></span> <span class='ocrx_word' id='word_1_419' title='bbox 2897 4417 2993 4481; x_wconf 88' lang='lat' dir='ltr'><strong>est</strong></span> <span class='ocrx_word' id='word_1_420' title='bbox 3024 4416 3166 4479; x_wconf 90' lang='lat' dir='ltr'><strong>sim-</strong></span> 
     </span>
     <span class='ocr_line' id='line_1_42' title="bbox 701 4514 3166 4602; baseline 0 -20"><span class='ocrx_word' id='word_1_421' title='bbox 701 4518 943 4601; x_wconf 90' lang='lat' dir='ltr'><strong>pliciter</strong></span> <span class='ocrx_word' id='word_1_422' title='bbox 996 4517 1309 4594; x_wconf 83' lang='lat' dir='ltr'><strong>illicitum,</strong></span> <span class='ocrx_word' id='word_1_423' title='bbox 1367 4514 1531 4596; x_wconf 87' lang='lat' dir='ltr'><strong>quod</strong></span> <span class='ocrx_word' id='word_1_424' title='bbox 1568 4515 1834 4581; x_wconf 88' lang='lat' dir='ltr'><strong>infertur</strong></span> <span class='ocrx_word' id='word_1_425' title='bbox 1866 4517 2091 4602; x_wconf 84' lang='lat' dir='ltr'><strong>virgini</strong></span> <span class='ocrx_word' id='word_1_426' title='bbox 2140 4518 2375 4583; x_wconf 75' lang='lat' dir='ltr'><strong>volenti</strong></span> <span class='ocrx_word' id='word_1_427' title='bbox 2423 4520 2486 4582; x_wconf 86' lang='lat' dir='ltr'><strong>et</strong></span> <span class='ocrx_word' id='word_1_428' title='bbox 2522 4518 2931 4583; x_wconf 87' lang='lat' dir='ltr'><strong>consentienti</strong></span> <span class='ocrx_word' id='word_1_429' title='bbox 2980 4520 3166 4601; x_wconf 85' lang='lat' dir='ltr'><strong>atque</strong></span> 
     </span>
    </p>
   </div>
  </div>
 </body>
</html>
