3497 5147
354 351 506 427 [431]
1477 363 1729 404 smomA
2716 346 2824 402 319

360 462 544 544 atqui
581 460 849 526 simonia
882 479 1097 525 revera
1134 461 1229 524 est
1266 460 1569 542 quaedam
1599 459 1952 542 profanatio
1985 462 2049 524 et
2078 460 2377 525 iniuriosa
2407 460 2702 525 tractatio
2734 461 2823 526 rei

361 584 596 638 sacrae,
638 565 787 629 dum
833 583 941 647 per
986 574 1118 629 eam
1160 564 1313 628 haec
1348 564 1546 647 pretio
1592 564 1925 647 temporali
1971 564 2413 646 aequiparatur
2444 565 2508 627 et
2551 564 2639 628 sie
2669 564 2826 627 iniu-

362 668 528 732 riose
551 667 843 732 abiicitur
872 665 1033 730 infra
1069 665 1442 751 dignitatem
1473 685 1672 743 suam,
1695 685 1820 747 qua
1846 685 2024 730 omne
2056 667 2324 749 pretium
2356 668 2629 749 superat.
2655 665 2827 731 Seor-

361 770 483 834 sim
514 788 662 834 vero
694 768 769 833 de
807 787 881 833 ea
927 769 1158 853 agitur,
1199 768 1290 832 ait
1321 767 1546 833 Suarez
1586 768 1660 832 de
1693 767 2059 850 Sacrileqi0‚
2093 767 2196 848 (de
2228 767 2438 849 Reliy.
2472 771 2552 833 tr.
2588 770 2650 832 3.
2682 768 2727 832 l.
2761 769 2823 833 3.

359 891 417 936 c.
456 873 514 935 1.
547 892 609 936 n.
644 872 739 956 4.)
770 873 1024 954 propter
1058 871 1387 954 specialem
1432 872 1738 936 rationem
1786 871 2086 935 simoniae
2118 874 2182 935 et
2213 871 2662 954 amplissimam
2695 871 2826 936 eius

360 975 714 1039 materiam.

452 1077 765 1141 Definitm·
807 1100 844 1135 ι
873 1074 1157 1140 studiosa
1184 1075 1472 1140 voluntas
1502 1099 1572 1139 »z
1607 1095 1733 1158 qua
1764 1076 1837 1140 de
1866 1094 1932 1140 re
1963 1076 2052 1140 sic
2081 1076 2404 1161 Laymann
2437 1075 2511 1139 de
2544 1074 2829 1140 Simonia

361 1178 469 1242 lib.
497 1178 560 1242 4.
587 1180 771 1242 tract.
803 1179 905 1243 10.
931 1198 1065 1262 cap.
1090 1179 1208 1243 ult.
1235 1198 1294 1242 n.
1327 1180 1452 1242 12.:
1486 1203 1522 1238 ⁴<
1545 1179 1791 1243 Dicitur
1827 1178 2111 1242 studiosa
2141 1177 2471 1255 voluntas;
2504 1180 2643 1243 tum
2679 1181 2828 1263 quia

364 1281 652 1358 simonia,
678 1281 842 1345 sieut
877 1282 941 1345 et
972 1281 1178 1346 omnia
1211 1281 1335 1344 alia
1368 1282 1639 1363 peccata,
1667 1281 2015 1346 voluntatis
2053 1280 2561 1345 deliberationem
2590 1283 2827 1363 eoeiyit:

361 1385 502 1447 tum
533 1384 682 1465 quia
721 1383 799 1447 ad
845 1383 1231 1448 essentialem
1280 1383 1591 1448 malitiam
1637 1384 1824 1448 huius
1872 1385 2109 1467 peccati
2153 1384 2321 1449 haud
2365 1385 2721 1466 requiritur,
2755 1387 2830 1449 ut

364 1487 621 1570 paetum
652 1487 753 1550 vel
783 1487 1003 1551 mutuo
1035 1505 1335 1551 consensu
1381 1486 1479 1550 vel
1525 1486 1729 1569 reipsa
1760 1486 2136 1569 perficiatur,
2170 1486 2276 1550 sed
2307 1487 2539 1551 sufficit
2586 1487 2826 1552 affectio

365 1589 551 1653 unius
582 1588 924 1653 simoniaca
954 1608 1096 1652 eum
1144 1605 1324 1672 opere
1356 1589 1753 1653 subsecuto...
1787 1611 1850 1651 ›.
1889 1588 2055 1653 Nam
2102 1589 2282 1653 debet
2310 1589 2681 1653 intercedere
2714 1590 2830 1653 ali-

360 1692 507 1774 quis
538 1709 860 1774 expressus
892 1694 1005 1755 aut
1033 1691 1267 1755 tacitus
1297 1692 1655 1756 contractus
1687 1710 2002 1767 onerosae,
2038 1691 2478 1775 obligationem
2515 1691 2825 1755 inducens.

454 1793 575 1873 Qui
619 1812 766 1879 ergo
815 1795 1026 1878 sperat
1070 1795 1170 1858 vel
1213 1792 1483 1857 intendit
1525 1793 1590 1857 id
1634 1794 1906 1869 tantum,
1956 1793 2119 1875 quod
2167 1794 2473 1858 naturalis
2526 1794 2828 1878 obligatio

368 1897 771 1982 gratitudinis
831 1897 1180 1980 pollicetur,
1226 1916 1351 1961 non
1411 1896 1640 1960 dieitur
1701 1914 1833 1961 esse
1898 1896 2315 1973 simoniacus3
2366 1897 2513 1979 quia
2574 1898 2676 1961 hie
2720 1916 2830 1962 nec

366 2000 706 2084 paciscitur
731 2019 841 2064 nec
875 1999 1119 2084 obligat
1148 1999 1365 2075 alium,
1389 2018 1587 2080 neque
1618 1997 1681 2062 id
1713 1998 2000 2063 intendit.
2029 1999 2193 2064 Hine
2215 1997 2441 2063 Suarez
2474 1999 2517 2063 1.
2535 2020 2587 2063 c..
2613 1999 2831 2064 definit

364 2100 739 2167 Simoniam:
771 2102 886 2167 Est
914 2100 1335 2182 sacrilegium,
1368 2100 1537 2182 quod
1561 2101 1969 2164 com-mittitur
1998 2102 2301 2180 emptione
2331 2107 2447 2165 aut
2479 2101 2830 2166 venditione

360 2206 461 2272 vel
511 2207 730 2289 quom's
773 2206 902 2270 alio
937 2209 1278 2282 contractu,
1309 2225 1429 2287 quo
1474 2203 1807 2285 spirituale
1837 2211 1911 2267 ut
1956 2205 2078 2268 tale
2124 2210 2236 2282 est,
2269 2208 2683 2270 commutatur
2705 2224 2829 2284 pro

358 2308 707 2390 temporali.

447 2407 612 2482 431.
662 2412 755 2475 De
802 2410 919 2474 hae
970 2429 1036 2474 re
1081 2409 1386 2492 imprimis
1434 2410 1705 2474 cavenda
1764 2413 1860 2474 est
1903 2410 2118 2475 illusio
2176 2411 2520 2493 proscripta
2567 2412 2646 2475 ab
2691 2409 2830 2476 Ale-

361 2514 598 2580 xandro
632 2513 796 2592 VIL,
829 2513 896 2577 in
927 2532 1100 2597 prop.
1135 2513 1264 2576 223
1309 2536 1345 2570 «
1382 2511 1522 2577 Non
1559 2513 1654 2577 est
1694 2513 1911 2577 contra
1957 2513 2269 2577 iustitiam
2318 2513 2609 2578 beneficia
2641 2514 2831 2578 eccle-

364 2618 624 2682 siastiea
655 2636 779 2682 non
809 2616 1081 2681 conferre
1112 2616 1337 2699 gratis3
1365 2616 1513 2697 quia
1538 2615 1818 2680 Collator
1848 2617 2161 2681 conferens
2192 2616 2305 2680 illa
2335 2616 2625 2681 beneficia
2644 2617 2827 2681 00010-

360 2721 645 2798 siastica,
671 2720 931 2802 pecunia
959 2718 1422 2795 interveniente,
1448 2736 1571 2781 non
1596 2718 1790 2801 exigit
1818 2719 1994 2781 illam
2018 2738 2128 2801 pro
2162 2719 2493 2783 collatione
2517 2718 2827 2795 Beneficii,

358 2822 474 2887 sed
498 2822 697 2886 veluti
721 2840 832 2904 pro
850 2821 1268 2885 emolumento
1285 2820 1634 2902 temporali,
1656 2819 1820 2900 quod
1845 2820 1962 2883 tibi
1985 2820 2257 2884 conferre
2280 2841 2403 2886 non
2428 2822 2828 2886 tenebatur».

454 2924 575 2989 Sed
596 2923 802 3008 magis
836 2922 913 2987 ad
936 2942 1066 2986 rem
1089 2921 1329 2986 faciunt
1358 2921 1517 2985 duae
1550 2922 2001 3004 propositiones
2026 2923 2354 2988 damnatae
2380 2924 2457 2986 ab
2482 2925 2689 2989 Innoc.
2714 2924 2828 2989 XI.

362 3027 502 3092 scil.
528 3027 636 3090 45.
663 3027 727 3090 et
758 3025 864 3088 46.

458 3129 642 3193 Prior
688 3127 776 3192 310
822 3126 1037 3191 habet:
1078 3150 1114 3184 «
1147 3127 1310 3190 Dare
1354 3127 1698 3209 temporale
1743 3145 1854 3210 pro
1888 3127 2202 3210 spirituali
2246 3146 2371 3192 non
2403 3129 2499 3192 est
2543 3128 2828 3206 simonia,

356 3232 618 3315 quando
649 3230 992 3312 temporale
1023 3248 1146 3294 non
1177 3229 1366 3293 datur
1388 3230 1689 3310 tanquam
1710 3231 2004 3312 pretium,
2032 3232 2137 3295 sed
2169 3231 2499 3296 dumtaxat
2530 3233 2832 3314 tanquam

351 3335 675 3400 motivum
707 3331 1054 3398 conferendi
1098 3332 1198 3396 vel
1235 3331 1535 3395 efficiendi
1567 3333 1910 3415 spirituale,
1940 3334 2037 3397 vel
2076 3334 2267 3397 etiam
2314 3335 2560 3415 quando
2599 3336 2834 3417 tempo-

354 3438 497 3503 rale
544 3437 631 3501 sit
677 3436 882 3501 solum
927 3435 1209 3520 gratuita
1256 3435 1675 3517 compensatio
1724 3453 1834 3517 pro
1884 3435 2197 3517 spirituali
2245 3436 2358 3499 aut
2403 3454 2436 3498 e
2481 3438 2696 3499 eontra
2722 3461 2784 3500 ».

454 3540 678 3605 Altera
708 3540 831 3603 sie:
872 3563 907 3596 «
939 3537 1023 3601 Et
1048 3537 1113 3601 id
1145 3554 1390 3619 quoque
1421 3537 1629 3600 locum
1666 3537 1873 3611 habet,
1910 3537 2155 3601 etiamsi
2187 3537 2527 3618 temporale
2559 3538 2643 3600 sit
2674 3539 2835 3619 prin-

356 3644 569 3727 cipale
600 3641 911 3707 motivum
957 3640 1145 3703 dandi
1175 3639 1533 3722 spirituale3
1572 3639 1699 3703 imo
1739 3639 1931 3702 etiam
1979 3639 2028 3701 31
2079 3640 2162 3703 sit
2196 3639 2336 3702 finis
2370 3639 2563 3721 ipsius
2595 3640 2685 3703 rei
2715 3640 2836 3723 spi-

357 3746 640 3822 ritualis,
690 3744 779 3809 sic
822 3744 900 3807 ut
940 3742 1099 3806 illud
1146 3741 1342 3825 pluris
1390 3741 1775 3817 aestimetur,
1810 3759 2000 3822 quam
2045 3760 2141 3805 res
2189 3742 2534 3824 spiritualis
2559 3767 2619 3805 ».

456 3850 551 3913 De
588 3848 707 3911 hae
736 3863 804 3910 re
835 3865 885 3910 s.
919 3844 1104 3927 Alph.
1138 3844 1246 3907 lib.
1282 3844 1346 3907 3.
1378 3864 1438 3907 n.
1475 3844 1579 3907 54.
1621 3868 1657 3902 «
1687 3843 1916 3909 Merito
1964 3844 2080 3908 hoe
2126 3844 2493 3909 damnatum
2526 3847 2655 3922 est;
2688 3865 2835 3910 nam

358 3949 662 4037 quamvis
690 3948 780 4013 ibi
816 3947 1062 4013 dicatur
1090 3946 1164 4011 ob
1209 3948 1524 4020 motivum,
1557 3966 1679 4012 non
1712 3947 1785 4011 ob
1821 3948 2102 4027 pretium
2146 3950 2211 4013 et
2256 3949 2495 4013 certum
2532 3948 2616 4013 sit
2652 3949 2838 4015 simo·

358 4057 545 4122 niam
574 4070 699 4118 non
731 4051 1063 4127 committi,
1102 4050 1225 4115 nisi
1265 4050 1641 4114 interveniat
1686 4050 1960 4115 venditio
2008 4052 2096 4116 rei
2143 4051 2520 4135 spiritualis:
2557 4053 2835 4117 attamen

360 4158 460 4224 ibi
491 4156 790 4221 motivum
824 4153 987 4218 idem
1018 4170 1233 4217 revera
1263 4155 1359 4217 est
1390 4172 1463 4217 ae
1493 4155 1765 4236 pretium
1798 4178 1860 4217 ».
1888 4154 2065 4231 Sane,
2100 4156 2176 4219 ut
2207 4155 2298 4218 ait
2329 4153 2675 4237 Schmalzg.
2701 4153 2744 4219 1.
2771 4156 2833 4219 5.

356 4262 470 4327 tit.
499 4258 575 4322 de
610 4255 896 4322 Simonia
926 4276 986 4319 n.
1019 4255 1145 4332 73„
1180 4279 1216 4313 «
1241 4254 1318 4319 ad
1350 4255 1679 4321 simoniam
1711 4276 1832 4321 non
1873 4257 2212 4338 requiritur
2241 4256 2516 4320 venditio
2555 4274 2838 4340 expressa

360 4365 435 4430 et
464 4360 770 4436 formalis,
798 4358 903 4423 sed
934 4358 1169 4422 sufficit
1198 4358 1488 4422 virtualis
1524 4362 1588 4423 et
1619 4360 1913 4424 voluntas
1946 4360 2140 4424 etiam
2171 4359 2415 4423 interna
2447 4359 2687 4423 emendi
2726 4361 2839 4423 aut

361 4463 673 4531 vendendi
728 4459 1056 4544 spirituale
1101 4478 1213 4544 pro
1271 4462 1622 4544 temporali.
1671 4462 1889 4526 Talem
1934 4462 2124 4526 habet
2170 4462 2278 4543 qui
2338 4461 2680 4543 temporale
2725 4479 2837 4544 pro

362 4566 689 4653 spirituali
728 4565 839 4629 dat
869 4567 944 4628 ut
987 4565 1300 4629 motivum
1345 4566 1409 4628 et
1454 4584 1578 4630 non
1617 4565 1832 4641 aliter3
1873 4583 1994 4629 non
2029 4566 2191 4629 enim
2240 4564 2348 4628 dat
2393 4564 2551 4628 illud
2589 4564 2839 4628 omnino
