3497 5147
716 336 826 392 768
860 351 1074 392 masor.
1096 353 1176 393 vr.
1199 351 1363 392 sator.
1387 352 1468 392 w.
1488 351 1574 391 nn
1600 349 1793 391 anno
1818 350 1895 388 m·
1919 348 2081 390 nono
2107 346 2326 388 punc.
2352 343 2681 386 pacamur.
2707 344 2851 386 nun.
2878 344 2959 386 ιν.
2999 330 3190 399 [1088]

717 446 887 511 bebit
909 447 1149 512 locum:
1184 447 1238 511 si
1274 447 1630 530 impeditur,
1664 466 1739 510 ne
1764 445 2081 527 conceptio
2108 443 2241 521 fiat,
2268 442 2578 508 sententia.
2609 439 2880 507 Sanchez
2917 440 3190 505 innocua

718 550 830 624 est,
866 550 929 611 et
960 549 1081 612 iuri
1113 548 1376 613 feminae
1407 551 1838 614 consentanea.
1872 545 2294 612 Consulantur
2325 563 2473 629 ergo
2504 543 2746 609 medici.

806 650 975 730 Quae
999 652 1076 715 A.
1110 653 1172 716 in
1213 651 1445 717 Resoll.
1477 651 1676 728 docet,
1711 652 1837 714 iam
1885 650 2010 714 fere
2044 649 2251 714 omnia
2297 647 2619 731 disputata
2665 649 2815 711 sunt
2861 646 2926 710 in
2956 647 3059 709 Tr.
3106 645 3186 709 de

714 752 1025 832 peccatis,
1069 754 1146 819 ad
1192 773 1377 837 quem
1421 755 1497 820 A.
1547 772 1793 836 quoque
1819 753 2019 818 reiicit
2053 752 2367 816 lectorem.
2398 749 2808 814 Brevissimos
2841 768 2988 834 ergo
3020 767 3185 814 nunc

718 876 848 923 esse
880 858 1110 922 licebit.

1706 1018 1884 1085 Unde
1931 1016 2213 1081 resolves

825 1162 1016 1214 XXlX.
1053 1163 1092 1212 t.
1122 1160 1402 1222 Distillatio,
1440 1175 1563 1226 quae
1601 1168 1676 1214 est
1713 1164 1878 1214 fluxus
1913 1159 2135 1213 humoris
2171 1158 2310 1225 quasi
2349 1157 2496 1213 medii
2537 1157 2666 1211 inter
2705 1157 2888 1212 urinam
2929 1166 2978 1213 et
3014 1173 3181 1213 semen

719 1251 846 1307 (cum
874 1260 971 1310 quo
1003 1245 1187 1298 coloris
1225 1252 1272 1298 et
1312 1245 1609 1298 viscositatis
1647 1243 2014 1297 similitudinem
2054 1243 2200 1310 gerit)
2230 1242 2333 1296 sine
2371 1242 2553 1308 ingenti
2591 1242 2675 1295 illa
2715 1242 3058 1304 delectatione,
3085 1258 3179 1296 non

717 1337 792 1383 est
820 1344 935 1382 vera
960 1328 1168 1394 pollutio
1193 1338 1257 1393 et,
1288 1329 1329 1382 si
1370 1329 1619 1394 proveniat
1659 1329 1764 1381 sine
1804 1328 1936 1381 omni
1974 1327 2301 1382 commotione
2339 1342 2512 1380 sensus
2554 1326 2767 1391 venerei,
2797 1333 2849 1380 ut
2888 1329 3179 1393 quandoque

715 1416 785 1477 tlt,
811 1416 873 1468 de
910 1428 967 1467 ea
1006 1428 1104 1467 non
1142 1413 1295 1478 magis
1332 1416 1663 1479 laborandum,
1690 1428 1833 1478 quam
1874 1416 1934 1466 de
1973 1414 2169 1476 sudore,
2197 1411 2314 1465 dicit
2336 1410 2493 1465 Caiet.
2520 1410 2573 1464 Si
2615 1425 2735 1464 vero
2772 1413 2858 1466 ssat
2893 1426 3005 1465 cum
3031 1427 3178 1466 seusu

715 1498 872 1553 carnis
909 1506 959 1552 et
996 1497 1322 1553 commotione
1359 1497 1619 1565 spirituum
1656 1496 1959 1563 generationi
1985 1495 2316 1561 servientium,
2353 1501 2457 1549 tum
2494 1495 2542 1549 ei
2578 1495 2839 1562 cooperari
2870 1499 2949 1551 vel
2986 1510 3182 1551 causam

716 1588 973 1651 praebere,
1001 1599 1096 1638 nou
1123 1593 1198 1639 est
1222 1587 1302 1638 vel
1339 1592 1415 1638 est
1454 1591 1705 1650 peceatum
1743 1583 1891 1649 idque
1933 1582 2121 1636 veniale
2159 1585 2237 1637 vel
2263 1582 2487 1645 mortale,
2516 1583 2577 1636 ad
2604 1584 2813 1635 eundem
2838 1584 3055 1648 modum,
3083 1597 3179 1648 quo

716 1671 777 1723 de
816 1669 1089 1736 pollutione
1128 1669 1334 1758 dicetur.
1364 1672 1541 1724 Sancti.
1575 1672 1605 1723 l.
1636 1672 1686 1722 9.
1715 1670 1764 1722 d.
1793 1669 1879 1722 45.
1905 1682 1954 1721 n.
1982 1669 2068 1720 32.
2096 1669 2265 1732 Laym.
2294 1669 2326 1718 l.
2352 1669 2403 1719 3.
2431 1680 2529 1719 sec.
2560 1667 2609 1719 4.
2636 1681 2685 1720 n.
2714 1668 2796 1720 48.

807 1796 898 1861 De
935 1797 1052 1860 hac
1082 1815 1147 1860 re
1184 1814 1385 1861 sermo
1419 1797 1554 1859 heic
1588 1794 1842 1859 habitus
1876 1795 1971 1857 est
2003 1813 2061 1857 n.
2101 1794 2248 1857 128.
2282 1793 2346 1857 in
2377 1793 2516 1856 fine.

828 1939 994 1992 XXX.
1022 1942 1072 1991 2.
1098 1938 1148 1991 Si
1185 1953 1348 1993 semen
1387 1937 1570 1991 iudicio
1608 1936 1910 1990 medicorum
1951 1935 2176 1989 transivit
2214 1935 2262 1988 in
2304 1934 2551 1988 materiam
2592 1949 2906 2001 venenosam,
2932 1937 3049 1991 licet
3074 1952 3176 1990 eam

720 2022 1088 2077 medicamentis
1122 2026 1387 2089 expellere,
1415 2021 1508 2076 etsi
1535 2030 1730 2089 praeter
1767 2021 2084 2074 intentionem
2125 2028 2357 2086 sequatur
2396 2020 2554 2086 aliqua
2594 2019 2703 2075 veri
2739 2020 2939 2075 seminis
2966 2021 3181 2075 emissio.

715 2109 936 2161 Sauehez
961 2109 994 2161 l.
1022 2110 1072 2160 9.
1101 2106 1167 2162 de
1190 2107 1359 2163 Matr.
1390 2109 1439 2161 d.
1471 2108 1553 2160 47.
1583 2122 1628 2160 ιι.
1660 2109 1744 2160 46.
1775 2106 1882 2160 Fill.
1910 2113 1944 2159 t.
1974 2107 2059 2158 30.
2084 2120 2127 2158 c.
2157 2108 2206 2158 8.
2234 2121 2281 2158 n.
2313 2106 2431 2158 450.
2459 2107 2612 2159 Trull.
2645 2108 2678 2158 Ι.
2701 2108 2750 2159 6.
2768 2120 2813 2159 c.
2840 2109 2889 2158 4.
2920 2108 3036 2159 (1.8.
3061 2107 3111 2174 S.
3134 2109 3181 2160 4.

812 2228 1020 2303 1038.
1054 2233 1389 2298 Advertere
1436 2233 1601 2311 licet,
1637 2232 1803 2315 quod
1834 2232 2216 2316 hypothesis,
2245 2232 2346 2296 cui
2390 2232 2690 2298 resolutio
2736 2233 3050 2311 innititur,
3100 2254 3186 2299 se·

714 2355 855 2400 men
888 2335 1123 2400 scilicet
1168 2335 1504 2400 identidem
1552 2335 1884 2417 corrumpi,
1918 2334 2103 2398 modo
2152 2332 2433 2418 neganda
2479 2335 2594 2413 est,
2635 2334 2686 2399 si
2718 2336 2886 2400 sanis
2929 2335 3185 2401 Medicis

714 2440 1043 2504 credimus.

808 2541 907 2607 Sic
954 2543 1115 2606 enim
1155 2542 1371 2606 scribit
1417 2541 1812 2605 doctissimus
1862 2539 2137 2605 Medicus
2172 2540 2685 2627 Hermenegildus
2716 2540 2805 2606 M.
2843 2542 3088 2607 Pistelli
3114 2543 3178 2607 in

714 2644 1147 2708 dissertatione
1194 2643 1407 2707 italica
1456 2639 1573 2706 Sul
1617 2640 1879 2705 celibato
1917 2643 2196 2724 (Firenze
2235 2644 2372 2728 Tip.
2399 2644 2682 2710 Mazzoni
2717 2645 2941 2729 1844.)
2979 2647 3040 2710 in
3074 2664 3181 2729 po·

716 2747 949 2809 strema
994 2746 1180 2808 nota:
1227 2768 1261 2803 «
1294 2741 1421 2808 Che
1459 2744 1506 2809 il
1554 2764 1717 2809 seme
1752 2744 1805 2808 si
1837 2763 2019 2827 possa
2053 2765 2458 2830 corrompere‚
2499 2747 2695 2813 finche
2733 2749 2834 2812 sta
2863 2748 3175 2813 rinchiuso

715 2847 866 2910 nelli
915 2846 1134 2930 organi
1163 2847 1445 2931 genitali,
1480 2850 1511 2911 e
1560 2867 1643 2911 un
1699 2847 1864 2912 fatto
1911 2848 2208 2913 smentito
2255 2849 2713 2914 solennemente
2759 2848 2928 2915 dalla
2975 2851 3176 2916 buona

715 2948 1029 3033 fisiologia
1061 2974 1122 3014 ».

807 3052 878 3115 Id
926 3053 989 3117 et
1020 3053 1250 3117 citatus
1282 3053 1599 3139 Debreyne
1634 3074 1730 3138 op.
1767 3055 1873 3119 cit.
1905 3076 1962 3138 p.
2008 3057 2064 3118 1.
2095 3075 2144 3119 c.
2190 3057 2247 3119 1.
2290 3074 2346 3120 a.
2390 3056 2447 3119 1.
2477 3057 2623 3121 sect.
2660 3056 2722 3120 3.
2749 3055 3182 3123 dissertissime

717 3155 993 3220 affirmat
1039 3156 1225 3238 atque
1257 3156 1489 3221 citatus
1528 3154 1932 3240 Capellmann
1968 3177 2062 3240 op.
2106 3159 2208 3221 cit.
2245 3179 2304 3241 p.
2342 3159 2447 3223 89.
2482 3178 2666 3241 quem
2698 3158 2774 3223 ef.
2809 3159 2915 3225 sis.

823 3298 1013 3351 XXXI.
1040 3299 1087 3349 3.
1117 3299 1220 3350 Non
1246 3303 1440 3352 tenetur
1465 3297 1575 3364 quis
1612 3299 1780 3363 (modo
1822 3305 1982 3351 tamen
2023 3298 2150 3352 absit
2189 3298 2455 3366 periculum
2500 3315 2767 3355 consensus
2790 3300 2841 3355 in
2874 3304 3177 3370 voluptatem

712 3399 804 3438 nec
831 3381 1105 3436 voluntarie
1133 3388 1441 3450 promoveat)
1466 3381 1706 3449 impedire
1735 3381 2055 3448 pollutionem
2076 3391 2249 3450 sponte
2279 3398 2366 3437 sua
2394 3383 2698 3438 evenientem
2723 3392 2810 3439 aut
2827 3383 2924 3439 iam
2952 3394 3173 3455 coeptam

712 3483 763 3522 v.
798 3483 872 3533 gr.
916 3467 964 3521 iu
1003 3482 1173 3521 somno
1211 3466 1494 3533 reprimere,
1526 3467 1613 3520 sed
1653 3473 1815 3532 potest
1854 3466 2076 3520 sanitatis
2113 3481 2259 3521 causa
2292 3467 2567 3535 sineres-‚nt
2604 3474 2780 3521 natura
2817 3483 2871 3523 se
2909 3479 3171 3538 exoneret3

710 3553 823 3620 quia
859 3553 911 3607 id
951 3567 1046 3606 uon
1084 3559 1159 3606 est
1184 3565 1467 3619 procurare,
1495 3553 1583 3605 sed
1610 3551 1725 3618 pati,
1755 3559 1808 3605 ut
1831 3556 2011 3615 effluat,
2038 3554 2166 3618 quod
2196 3551 2317 3605 alias
2338 3560 2628 3619 corruptum
2654 3553 2911 3608 sanitatem
2938 3557 3172 3610 laederet.

715 3640 853 3694 Unde
891 3638 1022 3691 idem
1063 3636 1271 3691 admittit
1309 3640 1505 3703 Sancli„
1529 3635 1723 3691 etiamsi
1760 3643 1868 3691 orta
1906 3645 2038 3691 esset
2072 3636 2210 3704 prius
2247 3652 2310 3691 ex
2347 3638 2518 3705 culpa;
2545 3639 2692 3692 modo
2730 3637 2793 3693 de
2828 3652 2887 3693 ea
2926 3641 3092 3695 doleat
3125 3647 3174 3693 et

712 3739 1006 3778 consensum
1037 3722 1311 3776 ulteriorem
1335 3724 1606 3788 abstrahat,
1633 3723 1867 3788 additque
1905 3723 2194 3787 plerumque
2233 3722 2485 3790 expedire,
2517 3722 2707 3777 munire
2730 3738 2786 3778 se
2810 3738 2958 3778 cruce
2997 3732 3047 3778 et
3072 3724 3178 3779 sine

712 3808 810 3862 alio
832 3815 1031 3869 attactu,
1048 3806 1227 3873 quietis
1248 3806 1484 3871 manibuS,
1502 3822 1677 3872 rogare
1707 3810 1879 3871 Deum,
1902 3822 1960 3860 ne
1982 3807 2227 3872 permittat
2252 3810 2440 3875 lapsum
2464 3807 2514 3861 in
2542 3808 2934 3864 delectationem.
2955 3811 3171 3865 Sancliez

713 3892 762 3943 d.
798 3892 874 3943 l7.
904 3907 951 3943 n.
983 3892 1064 3943 t7.
1090 3892 1243 3945 Trull.
1269 3893 1303 3945 l.
1332 3894 1379 3943 6.
1404 3906 1445 3944 c.
1482 3893 1524 3943 l.
1552 3893 1599 3944 d.
1631 3895 1714 3946 40.

805 4011 1011 4087 1039.
1061 4015 1199 4079 Etsi
1228 4016 1571 4098 respuenda
1619 4018 1712 4082 sit
1760 4018 2121 4104 hypothesis
2170 4019 2421 4084 seminis
2470 4019 2681 4085 vitiati
2726 4021 3047 4088 etidcirco
3094 4042 3180 4088 se—

713 4122 972 4185 cuturae
1019 4118 1303 4201 deinceps
1351 4118 1758 4197 infirmitatiS‚
1797 4121 2140 4204 recipienda
2189 4123 2285 4187 est
2332 4123 2540 4187 tamen
2588 4123 2869 4189 doctrina
2918 4125 3179 4191 Theolo-

714 4242 940 4307 gorum
987 4221 1121 4284 heic
1146 4221 1223 4284 ab
1260 4221 1531 4286 Auctore
1564 4222 1820 4300 tradita,
1861 4224 2138 4305 permitti
2165 4244 2380 4308 nempe
2411 4243 2590 4307 posse
2628 4226 3037 4308 pollutionem
3070 4247 3174 4293 seu

715 4324 1211 4388 exonerationem
1260 4324 1539 4400 naturae,
1590 4344 1732 4388 cum
1779 4324 1930 4390 haec
1975 4328 2193 4410 sponte
2240 4328 2454 4392 exorta
2500 4329 2615 4406 est,
2664 4329 2819 4410 puta
2849 4328 2914 4393 in
2962 4348 3178 4396 somno

712 4426 775 4487 et
824 4446 859 4488 a
906 4426 1207 4509 vigilante
1242 4426 1608 4503 advertitur,
1644 4426 1980 4492 dummodo
2017 4429 2360 4512 periculum
2392 4448 2724 4495 consensus
2758 4429 2922 4496 absit
2961 4434 3024 4497 et
3047 4451 3182 4516 pro-

714 4530 855 4593 inde
896 4530 1241 4595 voluntatis
1281 4532 1515 4597 actuali
1562 4531 1967 4616 displacentia
2017 4534 2199 4599 homo
2249 4554 2313 4598 se
2354 4535 2617 4614 muniat,
2659 4535 2832 4601 iuxta
2879 4555 2971 4613 ea,
3022 4557 3182 4621 quae
