3497 5147
633 346 741 400 852
1228 357 1439 400 macr.
1475 358 1580 399 vn.
1606 356 1769 398 snc‘r.
1797 357 1837 397 1.
1862 357 1949 396 ma
1974 355 2230 397 neronio,
2255 356 2398 399 nun.
2431 355 2496 396 11.
2913 339 3092 413 [1187]

724 454 824 520 De
856 453 1162 517 debilibus
1193 458 1253 516 et
1282 453 1574 533 infirmis.
1626 453 1984 518 Generatim
2031 451 2336 534 loquendo
2385 451 2616 516 infirmi
2659 469 2785 515 non
2832 453 3093 534 possunt

635 558 883 622 tantum
908 557 1029 621 cibi
1062 557 1243 620 unica
1280 558 1654 620 comestione
1692 575 1935 619 sumere
1972 557 2087 618 aut
2121 554 2298 631 ferre,
2333 573 2456 635 quo
2489 555 2604 618 aut
2640 573 2705 618 se
2742 555 3099 618 sustentent

635 664 746 725 aut
778 662 939 724 vires
967 659 1285 741 recipiant.
1322 660 1485 739 Ergo
1520 660 1632 723 aut
1669 657 2069 722 abstinebunt
2113 659 2176 721 et
2214 658 2301 721 sic
2345 658 2765 741 languescent,
2816 660 2927 720 aut
2975 675 3097 720 non

634 765 831 829 ferent
862 764 1283 844 quantitatem
1317 763 1381 826 et
1417 762 1505 825 sic
1550 761 1727 843 peius
1759 760 2094 824 habebunt.

728 867 893 930 Bene
927 867 1137 929 autem
1184 866 1396 929 monet
1426 864 1771 947 Roncaglia
1793 863 1867 925 de
1900 862 2167 939 Ieiunio,
2202 882 2254 926 c.
2290 864 2386 925 2.:
2422 886 2457 920 «
2495 860 2560 926 Si
2589 861 2848 927 dubium
2883 862 2988 937 sit,
3016 881 3095 925 an

638 970 784 1033 talis
847 969 930 1032 sit
975 968 1327 1041 infirmitaS,
1377 969 1448 1030 ut
1493 967 1703 1030 valeat
1747 965 2009 1029 eximere
2057 964 2134 1028 ab
2183 965 2565 1048 obligatione
2616 964 2832 1028 ieiunii
2879 982 3094 1050 ‚neque

637 1072 836 1155 possit
882 1070 1122 1135 consuli
1179 1068 1474 1143 medicus,
1538 1087 1777 1149 semper
1836 1066 2168 1131 favendum
2215 1070 2310 1131 est
2355 1066 2635 1143 infirmis,
2707 1066 3098 1131 valetudina-

637 1175 747 1238 riis
786 1176 939 1245 etc.;
982 1192 1124 1236 cum
1171 1190 1410 1253 semper
1455 1170 1798 1253 periculum
1843 1189 1974 1233 esse
2021 1170 2236 1252 possit,
2277 1188 2352 1233 ne
2397 1170 2637 1233 malum
2682 1169 2782 1232 vel
2811 1169 3101 1252 ingrave-

638 1278 792 1351 scat,
828 1276 926 1338 vel
961 1274 1190 1338 redeat.
1240 1272 1369 1337 Sub
1416 1273 1660 1337 nomine
1706 1272 2096 1336 infirmorum
2141 1272 2398 1336 veniunt
2442 1272 2652 1348 etiam,
2703 1272 2810 1353 qui
2858 1271 3101 1334 ratione

637 1377 849 1442 ieiunii
889 1377 1217 1459 patiuntur
1264 1375 1631 1458 vertiginem
1676 1374 1920 1456 capitis,
1955 1375 2052 1438 vel
2085 1392 2301 1439 somno
2335 1374 2680 1457 privantur,
2716 1373 2964 1437 etiamsi
2987 1372 3101 1436 dif-

639 1481 839 1544 ferant
887 1477 1202 1543 comedere
1250 1477 1326 1540 ad
1375 1496 1723 1559 vesperam,
1778 1496 1920 1540 cum
1983 1495 2105 1540 non
2162 1476 2446 1540 intendat
2507 1476 2778 1542 Ecclesia
2825 1475 2969 1539 illos
3017 1475 3096 1539 ad

639 1582 940 1646 ieiunium
985 1600 1127 1643 cum
1174 1581 1352 1644 tanto
1402 1579 1790 1643 incommodo
1839 1579 2114 1661 obligare
2164 1605 2223 1641 ».
2257 1579 2430 1643 Haec
2476 1580 2695 1643 auctor
2731 1578 2794 1641 in
2833 1577 2955 1641 fine
2993 1596 3102 1658 pa-

640 1684 952 1767 ragraphi.

729 1786 829 1849 De
850 1786 1352 1866 praeqnantibus
1397 1806 1471 1849 ac
1519 1785 1909 1849 lactentibus
1957 1783 2275 1848 Eiusmodi
2323 1803 2405 1848 sc.
2456 1784 2828 1866 impotentes
2875 1784 3105 1848 intelli-

641 1889 874 1973 gendae
922 1891 1087 1964 sunt,
1122 1888 1406 1971 quamvis
1455 1888 1701 1970 aliquae
1724 1889 2017 1952 robustae
2043 1906 2172 1951 esse
2209 1886 2554 1950 videantur.
2591 1886 2780 1950 Ratio
2815 1888 2928 1953 est.
2955 1886 3100 1968 quia

640 2011 961 2072 nunquam
1010 1994 1211 2054 certae
1259 2010 1388 2054 esse
1426 1992 1703 2072 possunt,
1747 2011 1818 2054 ex
1844 1990 2071 2054 ieiunio
2104 2008 2226 2053 non
2258 1989 2578 2053 imminere
2609 1988 2735 2052 illis
2775 1988 2872 2054 vel
2904 1989 3103 2054 foetui

644 2095 758 2157 aut
802 2093 1062 2175 parvulo
1110 2092 1369 2157 lactenti
1414 2112 1603 2175 grave
1635 2093 1888 2173 aliquod
1920 2093 2159 2157 malum
2206 2093 2268 2155 et
2314 2111 2456 2155 cum
2479 2090 2800 2175 indigeant
2831 2092 3101 2173 plurimo

644 2195 940 2259 alimento
988 2213 1059 2257 ac
1106 2194 1430 2275 frequenti,
1466 2195 1653 2258 simul
1686 2198 1898 2259 autem
1935 2195 2218 2257 laborare
2264 2213 2370 2257 eas
2400 2193 2721 2257 stomacho
2754 2195 3100 2277 contingat,

641 2297 970 2361 ieiunando
1019 2315 1125 2360 eae
1172 2296 1350 2359 facile
1398 2296 1743 2360 desinerent
1790 2316 1920 2360 esse
1965 2296 2258 2360 robustae
2305 2315 2414 2359 nec
2461 2296 2746 2360 abessent
2791 2297 3104 2380 praedicta

646 2400 937 2482 pericula.
989 2399 1123 2462 Imo
1172 2397 1435 2461 suadent
1482 2399 1804 2481 Theologi,
1855 2397 2032 2462 facile
2079 2417 2220 2460 cum
2266 2398 2419 2481 ipsis
2457 2398 2933 2481 dispensandum
2970 2418 3100 2462 esse

644 2504 835 2567 etiam
883 2501 1088 2583 quoad
1136 2503 1576 2566 comestionem
1634 2503 1934 2579 carnium,
2000 2502 2363 2585 praesertim
2410 2501 2463 2567 si
2511 2502 2692 2567 hasce
2731 2503 2878 2567 dum
2921 2521 3095 2587 prae-

643 2606 906 2689 gnantes
938 2608 1105 2680 sunt,
1141 2605 1531 2668 vehementer
1564 2607 1893 2687 appetant:
1928 2623 2050 2668 non
2089 2604 2329 2687 expleto
2377 2605 2541 2668 enim
2588 2605 2893 2670 eiusmodi
2922 2623 3099 2687 appe—

643 2708 788 2782 titu,
824 2706 1169 2788 periculum
1200 2706 1510 2769 interdum
1558 2707 1771 2771 subest
1802 2709 2022 2788 partus
2057 2707 2500 2788 intempestivi.
2536 2706 2708 2770 Idem
2754 2707 3100 2781 dicendum,

644 2811 697 2874 si
745 2810 1017 2872 nutrices
1065 2811 1190 2872 sint
1238 2809 1485 2885 debiles,
1541 2813 1652 2873 aut
1700 2810 1998 2893 parvulus
2044 2810 2346 2886 infirmus,
2404 2830 2478 2874 ne
2524 2829 2713 2895 grave
2760 2810 3104 2893 periculum

642 2913 774 2994 ipse
821 2912 1168 2976 infantulus
1217 2914 1456 2978 subeat.
1490 2913 1721 2977 Eadem
1768 2914 1931 2977 ratio
1965 2913 2175 2990 efficit,
2209 2915 2282 2976 ut
2314 2913 2568 2994 quidam
2600 2913 2734 2977 DD.
2773 2912 3110 2977 advertunt

645 3015 718 3077 ut
762 3018 981 3079 caveat
1026 3016 1270 3093 mulier,
1332 3037 1405 3080 ne
1444 3016 1628 3080 nimis
1675 3016 2052 3092 debilitetur,
2101 3015 2347 3098 quando
2404 3015 2523 3080 etsi
2567 3034 2914 3099 praegnans
2964 3018 3109 3081 actu

642 3137 766 3183 non
790 3117 892 3196 sit,
921 3118 1239 3200 praevidet
1273 3121 1484 3182 tamen
1503 3137 1567 3181 se
1592 3119 1763 3181 brevi
1787 3119 2231 3202 praegnantem
2255 3117 2404 3182 fore.
2437 3117 2651 3200 Neque
2683 3118 2849 3182 enim
2866 3119 3113 3201 expedit

645 3221 720 3283 ut
752 3220 883 3283 tam
916 3220 1132 3286 debilis
1164 3223 1229 3285 in
1262 3222 1435 3285 statu
1468 3220 1933 3304 praegnationis
1955 3221 2209 3284 incidat.

732 3322 924 3387 Addit
955 3343 1003 3388 s.
1040 3324 1417 3407 Alphonsus,
1452 3344 1511 3386 n.
1552 3324 1775 3387 1033.:
1824 3347 1858 3381 ‹
1883 3324 2017 3387 Imo
2045 3324 2454 3407 praegnantes
2501 3326 2841 3407 peccarent,
2877 3323 2929 3388 si
2978 3325 3114 3408 plu-

642 3424 761 3488 ries
810 3425 1191 3502 ieiunarent3
1228 3426 1375 3490 licet
1412 3425 1572 3490 forte
1606 3445 1801 3489 unum
1834 3428 1947 3489 aut
1979 3425 2268 3502 alterurn,
2317 3425 2370 3489 si
2409 3424 2588 3489 valde
2634 3426 2761 3489 sint
2792 3427 3110 3504 robustae,

645 3527 956 3609 prohiberi
987 3528 1138 3610 ipsis
1170 3547 1293 3592 non
1324 3529 1549 3592 debeat
1581 3552 1643 3591 ».

737 3625 920 3698 1137.
958 3629 1018 3693 S.
1052 3630 1350 3712 Alphons.
1386 3651 1444 3694 n.
1479 3631 1668 3694 1034.
1689 3650 1761 3694 ex
1780 3631 2150 3713 impotentia
2184 3631 2408 3694 morali
2439 3633 2692 3696 excusat
2721 3651 2846 3709 e08,
2886 3634 2955 3695 1⁰
2978 3634 3117 3715 qui-

644 3732 758 3796 bus
791 3731 1093 3796 ieiunium
1128 3733 1306 3796 affert
1336 3752 1589 3816 gravem
1629 3733 1906 3797 dolorem
1937 3733 2180 3815 capitiS‚
2218 3735 2286 3796 2ο
2319 3735 2427 3815 qui
2458 3735 2649 3798 noctu
2689 3753 2811 3799 non
2849 3740 3116 3818 possunt

644 3832 910 3897 calefieri
942 3835 1041 3897 vel
1095 3853 1203 3916 per
1256 3834 1530 3898 notabile
1586 3837 1831 3918 tempus
1863 3854 2151 3899 somnum
2199 3836 2521 3900 amittunt.
2577 3835 2964 3901 Sententiam
3010 3840 3114 3915 A„

645 3932 810 4015 quod
859 3953 981 3998 non
1029 3937 1356 4000 teneantur
1408 3937 1712 4001 invertere
1761 3938 2056 4014 ordinem,
2097 3959 2144 4002 s.
2181 3939 2537 4021 Alphonsus
2570 3939 2721 4004 dicit
2754 3941 2935 4005 valde
2967 3962 3120 4023 pro-

648 4035 953 4114 babile-m,-
977 4038 1124 4120 quia
1163 4058 1284 4103 non
1317 4039 1521 4103 solum
1569 4042 1664 4103 est
1694 4042 2033 4105 remedium
2081 4041 2657 4120 extraordinarium,
2685 4043 2789 4107 sed
2823 4063 2945 4108 non
2978 4046 3114 4111 leve

648 4138 828 4202 affert
863 4139 1324 4204 incommodum
1370 4142 1433 4204 et
1480 4160 1659 4223 saepe
1691 4142 1755 4205 id
1786 4162 1908 4206 non
1942 4143 2120 4206 affert
2149 4143 2518 4221 remedium3
2559 4145 2706 4226 quia
2739 4146 2842 4210 vix
2883 4148 3116 4230 poterit

647 4256 842 4320 usque
881 4240 959 4304 ad
991 4242 1209 4305 horam
1248 4260 1471 4306 coenae
1509 4245 1837 4325 prandium
1869 4245 2168 4326 protrahi.

738 4341 829 4404 Ex
876 4344 1189 4408 communi
1238 4345 1371 4407 DD.
1423 4346 1718 4429 suffragio
1777 4365 1824 4408 s.
1875 4347 2228 4428 Alphonsus
2283 4369 2343 4413 n.
2397 4351 2588 4413 1034.
2641 4351 2698 4432 g.
2750 4353 2810 4414 4.
2860 4357 3120 4417 excusat

650 4464 925 4526 uxorem,
977 4446 1029 4510 si
1075 4447 1403 4511 ieiunando
1450 4467 1743 4532 magnam
1793 4469 1829 4512 a
1877 4451 2010 4514 viro
2055 4449 2547 4534 indignationem
2595 4453 2944 4535 pateretur,
2997 4456 3118 4519 nisi

650 4549 861 4612 tamen
887 4569 923 4612 a
948 4550 1081 4613 viro
1114 4550 1542 4632 prohiberetur
1564 4551 1626 4613 in
1650 4552 1970 4635 religionis
1994 4555 2420 4637 contemptum
2442 4557 2507 4620 et
2527 4555 2905 4637 (addendum
2929 4560 3118 4642 puto)

651 4649 904 4714 omissio
938 4651 1116 4714 cedat
1145 4652 1209 4714 in
1243 4651 1501 4716 eundem
1540 4654 1986 4737 contemptum.
