3497 5147
718 339 828 393 392
1011 349 1224 391 mac-r.
1253 349 1331 390 VI.
1366 346 1529 388 ποτ.
1557 347 1618 387 11.
1646 346 1730 385 mn
1758 345 1952 387 eacus
1963 345 2043 386 no
2068 343 2285 385 manc.
2313 342 2646 384 omanem.
2671 343 2804 384 CAP.
2834 342 2872 382 1.
3036 328 3196 397 [509]

1737 559 2031 623 SEOTIO
2074 560 2162 622 11.

1227 695 1332 748 DE
1372 690 1728 749 SECUNDO
1765 687 2227 745 PRAECEPTO
2267 687 2680 744 DEOALOGI.

829 841 863 893 1.
894 837 1126 892 Prohibet
1164 840 1256 889 hoc
1297 840 1613 902 praeceptum
1653 846 1846 886 omnem
1884 830 2208 884 inordinatam
2237 830 2603 898 usurpationem
2643 830 2853 885 nominis
2892 831 2999 895 Dei,
3027 832 3185 899 qualis

722 922 1028 989 potissimum
1068 925 1122 975 m
1158 921 1562 986 blasphemando,
1591 924 1769 972 temere
1796 917 2019 980 iurandO,
2051 917 2276 969 vovendo
2316 921 2365 968 et
2391 929 2487 968 non
2514 917 2772 980 servando,
2800 917 2860 968 de
2890 916 3072 981 quibus
3112 917 3196 971 hic

723 1009 981 1073 agendum.

817 1135 1084 1199 Materia
1109 1134 1187 1198 ab
1211 1133 1286 1197 A.
1321 1131 1634 1195 indicatur
1671 1129 1735 1193 in
1763 1129 2058 1211 proemio,
2088 1127 2219 1191 scil.
2247 1126 2552 1212 agendum
2587 1128 2652 1191 1ο
2678 1127 2752 1192 de
2786 1129 3188 1212 blasphemia,

730 1240 801 1300 2ο
839 1237 912 1300 de
943 1236 1315 1307 iuramento,
1350 1234 1419 1296 3⁰
1450 1231 1524 1296 de
1561 1234 1731 1296 voto,

1783 1415 2054 1480 CAPUT
2103 1416 2151 1478 Ι.

1403 1579 1550 1636 QUID
1584 1578 1659 1624 ΕΤ
1692 1575 2062 1634 QUOTUPLEX
2110 1575 2521 1623 BLASPHEMIA.

836 1739 889 1788 ΙΙ.
918 1738 1067 1804 Resp.
1095 1735 1418 1804 Blasphemia,
1446 1735 1630 1788 directe
1668 1733 1892 1800 opposita
1922 1732 2053 1785 laudi
2082 1731 2190 1797 Dei,
2218 1740 2291 1786 est
2317 1735 2521 1786 verbum
2561 1732 2918 1786 maledictionis
2972 1737 3050 1788 vel
3088 1750 3196 1788 con·

724 1819 840 1873 vicii
865 1835 952 1873 seu
990 1820 1312 1874 contumeliae
1336 1820 1385 1873 in
1416 1823 1590 1881 Deum,
1628 1817 1733 1871 sive
1761 1817 1809 1870 id
1843 1820 1924 1870 flat
1951 1815 2261 1870 attribuendo
2290 1816 2336 1870 ei
2364 1818 2500 1879 salsa,
2527 1816 2634 1870 sive
2661 1820 2882 1881 negando
2925 1833 3056 1881 vera,
3086 1819 3190 1871 sive

722 1904 983 1957 tribuendo
1010 1903 1267 1969 creatur-13,
1296 1918 1420 1969 quae
1451 1903 1544 1970 ipsi
1571 1905 1828 1964 debentur,
1850 1901 1956 1955 sive
1983 1901 2127 1955 etiam
2155 1902 2362 1956 dicendo
2391 1917 2525 1968 vera,
2547 1906 2633 1956 sed
2659 1917 2785 1969 quae
2819 1906 2881 1957 ad
2920 1903 3028 1957 eius
3051 1905 3194 1958 deho-

723 1989 1024 2043 norationem
1053 2005 1139 2042 seu
1170 1978 1540 2056 vilipensionem
1568 1992 1796 2042 tendant:
1823 1994 1876 2040 ut
1905 1991 1957 2040 nt
1985 2002 2072 2053 per
2091 1988 2288 2040 modum
2315 1987 2360 2041 ei
2384 1987 2696 2052 indignantis,
2717 1989 3073 2043 contemnentis
3095 1999 3191 2043 ete.

682 2099 695 2114 .
725 2076 793 2126 lta
832 2087 1074 2127 commun.
1102 2076 1209 2127 DD.
1244 2089 1282 2125 s·
1311 2076 1405 2126 Τί).
1436 2076 1483 2125 2.
1510 2077 1558 2126 2.
1580 2088 1627 2138 q.
1654 2074 1734 2124 ί13.
1759 2074 1878 2124 Bon.
1907 2071 2032 2137 disp.
2056 2073 2104 2124 3.
2127 2088 2175 2138 q.
2198 2075 2246 2124 8.
2269 2074 2446 2125 Sanch.
2469 2075 2518 2125 2.
2545 2073 2689 2128 Mor.
2712 2087 2754 2125 c.
2785 2074 2873 2126 32.
2895 2075 3057 2138 Lnym.
3080 2075 3110 2127 1.
3135 2074 3186 2126 4.

729 2165 765 2210 1.
797 2160 880 2213 ⁴0.
908 2174 950 2211 c.
980 2161 1030 2212 6.
1056 2167 1149 2213 etc.

816 2276 992 2350 5⁰9.
1028 2281 1098 2344 In
1147 2280 1501 2345 definitione
1532 2279 1770 2343 Auctor
1802 2277 1982 2356 dicit:
2032 2279 2147 2342 aut
2182 2278 2580 2343 attribuendo
2625 2280 2686 2342 ei
2728 2278 2902 2359 falsa
2939 2282 3050 2345 aut
3096 2300 3194 2343 ne·

723 2382 934 2465 qando
965 2403 1175 2447 vera...
1220 2384 1331 2447 aut
1380 2381 1638 2445 dicendo
1684 2401 1832 2444 vera
1877 2380 1946 2443 in
1991 2380 2536 2446 dehonorationem
2565 2384 2682 2446 etc.

816 2483 875 2549 S.
904 2485 1176 2549 Thomas
1214 2483 1463 2566 quidem
1503 2485 1562 2546 2.
1601 2486 1660 2545 2.
1701 2503 1760 2563 q.
1801 2484 1901 2545 13.
1945 2485 2061 2547 art.
2107 2484 2164 2547 1.
2192 2483 2362 2560 dicit,
2397 2502 2528 2549 esse
2552 2483 2781 2549 vitium
2812 2485 3194 2550 contrarium

720 2589 1094 2654 confessioni
1140 2587 1281 2650 fidei
1328 2587 1392 2650 et
1438 2587 1557 2650 art.
1610 2587 1670 2648 3.
1709 2585 1787 2649 ad
1821 2587 1882 2648 2.
1909 2587 2270 2669 blasphemo
2308 2587 2552 2666 tribuit,
2592 2588 2757 2670 quod
2804 2588 3040 2653 sentiat
3085 2592 3194 2653 aut

726 2692 896 2756 dicat
943 2689 1178 2772 aliquid
1203 2689 1435 2752 falsum
1482 2688 1554 2751 de
1594 2689 1744 2752 Deo.
1786 2690 2068 2771 Itemque
2107 2692 2225 2754 art.
2268 2693 2328 2753 2.
2364 2691 2442 2755 ad
2477 2692 2536 2754 2.
2591 2692 2908 2775 supponit,
2959 2691 3193 2774 aliquid

722 2794 872 2857 falsi
904 2792 1097 2856 asseri
1127 2791 1201 2855 de
1244 2792 1391 2855 Deo.

814 2892 1086 2958 Escobar
1121 2893 1229 2957 lib.
1268 2893 1373 2956 28.
1402 2912 1535 2975 cap.
1570 2893 1675 2955 32.
1704 2913 1764 2956 n.
1805 2894 1952 2958 716.
1987 2913 2057 2957 ex
2104 2895 2392 2959 universa
2441 2895 2630 2960 theol.
2665 2914 2822 2959 mor.
2857 2896 3040 2961 affert
3070 2916 3188 2971 eoS,

725 2999 832 3081 qui
880 3018 928 3064 s.
973 2998 1280 3063 Thomam
1313 2997 1662 3079 sequuntur
1689 2998 1755 3061 et
1784 3017 1844 3060 n.
1886 2998 2032 3061 717.
2066 2999 2432 3076 contrarios,
2468 2999 2576 3081 qui
2622 3000 2936 3077 statuunt,
2974 3000 3054 3064 ad
3099 3020 3191 3064 ra-

726 3105 959 3169 tionem
989 3103 1413 3186 blasphemiae
1451 3102 1606 3165 satis
1646 3120 1796 3178 esse,
1849 3102 1923 3165 ut
1968 3102 2227 3166 verbum
2273 3101 2359 3166 sit
2402 3102 2946 3181 contumeliosum,
2988 3124 3048 3167 v.
3097 3124 3184 3188 gr.

723 3207 942 3288 siquis
970 3207 1097 3270 Deo
1125 3206 1293 3269 mala
1320 3200 1822 3287 hnprecetur.{Et
1844 3203 2067 3268 merito
2094 3225 2152 3267 n.
2193 3205 2340 3268 718.
2360 3205 2693 3283 concludit,
2721 3225 2850 3271 esse
2883 3208 3185 3288 quaestio-

724 3325 867 3370 nem
900 3307 972 3370 de
996 3308 1269 3383 nomine3
1306 3308 1454 3388 quia
1500 3306 1685 3389 primi
1715 3306 1785 3370 in
1823 3324 1893 3370 eo
1925 3307 2243 3389 reperiunt
2274 3306 2618 3372 falsitatem
2649 3308 2815 3390 quod
2848 3309 2961 3390 qui
2994 3311 3184 3374 Deum

724 3409 928 3474 verbis
975 3409 1335 3485 contemnit,
1361 3409 1496 3492 ipso
1545 3410 1690 3473 actu
1738 3408 1937 3472 veluti
1967 3408 2203 3473 fatetur
2234 3411 2437 3474 Deum
2469 3429 2601 3475 esse
2631 3412 3180 3493 contemptibilem

722 3513 786 3577 in
837 3532 959 3595 quo
1015 3531 1159 3577 sane
1207 3512 1303 3576 est
1332 3511 1595 3589 falsitas,
1646 3513 1720 3574 ut
1765 3511 1816 3574 si
1865 3510 2066 3574 dicas:
2106 3511 2168 3576 lo
2208 3512 2417 3595 voglio
2466 3532 2502 3576 a
2548 3513 2818 3595 dispetto
2852 3513 2917 3577 di
2951 3515 3066 3578 Dio
3102 3549 3178 3559 —

724 3637 846 3681 non
872 3617 1230 3700 m'importa
1262 3615 1327 3679 di
1357 3615 1498 3679 Dio.
1536 3613 1933 3696 Quamquam
1964 3614 2196 3678 Palaus
2230 3614 2344 3696 (ibi
2377 3615 2717 3700 allegatus)
2763 3617 2916 3681 bene
2949 3618 3184 3682 statuat

722 3722 934 3783 minas
952 3722 1211 3800 proprie
1240 3720 1585 3784 falsitatem
1618 3720 1748 3783 Deo
1790 3739 1896 3801 per
1921 3719 2226 3784 eiusmodi
2258 3719 2472 3783 tribui.

812 3820 871 3883 N
875 3841 939 3884 ec
972 3822 1208 3886 alienus
1241 3823 1320 3886 ab
1358 3823 1473 3886 hac
1505 3822 1813 3887 sententia
1865 3824 1960 3887 est
2006 3822 2137 3905 ipse
2169 3842 2218 3886 s.
2255 3823 2554 3901 Thoma83
2588 3843 2735 3888 nam
2784 3828 2904 3890 art.
2951 3829 3009 3890 1.
3059 3827 3177 3890 ait:

728 3948 764 3983 «
795 3924 1157 4000 Dicendum,
1221 3925 1387 4005 quod
1433 3916 1653 3989 nomen
1706 3925 2127 4007 blasphemiae
2174 3925 2512 4008 importare
2573 3927 2818 3992 videtur
2878 3929 3180 4011 quandam

719 4026 1187 4110 derogationem
1234 4025 1497 4091 alicuius
1522 4027 1872 4091 excellentis
1919 4028 2220 4092 bonitatis
2267 4031 2330 4092 et
2375 4029 2699 4112 praecipue
2745 4030 2991 4095 divinae
3017 4058 3074 4094 ».
3105 4029 3182 4093 Et

718 4130 796 4195 ad
848 4132 905 4193 1.
954 4156 990 4190 ‹
1028 4131 1159 4207 Ille,
1201 4130 1309 4212 qui
1332 4132 1547 4194 contra
1596 4131 1801 4195 Deum
1845 4130 2144 4212 loquitur,
2194 4131 2532 4195 convitium
2577 4132 2812 4213 inferre
2861 4132 3180 4198 intenderas

718 4232 979 4316 derogat
1024 4232 1267 4297 divinae
1314 4232 1583 4297 bonitati
1631 4252 1752 4297 non
1801 4233 2006 4297 solum
2053 4233 2388 4298 secundum
2438 4234 2765 4299 veritatem
2811 4236 3176 4307 intellectus,

715 4333 822 4397 sed
860 4335 1050 4399 etiam
1098 4335 1434 4400 secundum
1483 4336 1869 4419 pravitatem
1919 4336 2263 4401 voluntatis
2297 4336 2664 4402 detestantis
2704 4339 2767 4403 et
2799 4336 3178 4423 impedientis

718 4454 829 4517 pro
868 4454 1047 4518 posse
1095 4436 1375 4502 divinum
1422 4438 1746 4514 honorem3
1801 4438 1967 4520 quod
2023 4440 2117 4503 est
2163 4438 2545 4521 blasphemia
2593 4439 2860 4523 perfecta
2910 4467 2970 4504 ».
3018 4440 3176 4523 Ergo

712 4537 965 4619 aliquid
1005 4537 1160 4618 falsi
1194 4559 1317 4605 non
1365 4539 1710 4626 significare
1761 4541 2009 4606 videtur
2039 4540 2364 4620 haeresim,
2416 4542 2523 4607 sed
2555 4546 2922 4626 conceptum
2959 4540 3177 4608 mentis
