3497 5147
325 328 461 397 [528]
990 343 1142 391 omn
1178 345 1261 384 m
1295 344 1658 393 Quorupnnx
1694 345 2090 388 maxsumum
2669 338 2776 392 401

319 439 457 522 quid
503 440 590 503 sit
637 440 798 504 alius
834 439 1089 525 negabit
1133 440 1269 506 hoc.
1333 441 1700 523 Exemplum
1751 461 1899 507 sane
1947 444 2095 507 affer
2125 445 2316 521 illius,
2365 446 2474 527 qui
2522 447 2778 512 audiens

320 543 391 606 ab
434 541 560 605 alio
582 562 704 622 per
740 540 893 617 Dio,
947 543 1254 624 reposuit:
1289 542 1430 608 Non
1477 543 1914 610 bestemmiare
1961 546 2007 609 il
2052 565 2236 611 nome
2290 549 2472 613 santo
2524 550 2588 614 di
2633 551 2776 629 Dio,

310 665 419 725 per
462 643 632 707 Dio!
677 644 760 707 Et
805 645 960 708 satis
1007 663 1139 710 esse
1184 648 1374 727 queat
1422 646 1724 730 allegasse
1774 666 1822 711 s.
1858 648 2183 728 Thomam,
2234 649 2343 733 qui
2376 652 2435 714 2.
2471 654 2531 716 2.
2566 672 2625 734 q.
2670 654 2772 717 13.

319 749 426 812 art.
463 749 522 811 2.
559 746 637 811 ad
670 748 731 810 3.
768 748 1050 813 absolute
1084 749 1324 813 scribit:
1366 775 1400 807 «
1424 749 1824 832 Blasphemia
1847 752 2055 834 potest
2079 752 2310 834 absque
2333 753 2777 820 deliberatione

317 870 382 915 ex
410 850 807 932 subreptione
853 851 1175 933 procedere
1205 851 1553 935 dupliciter.
1589 852 1729 918 Uno
1776 853 1982 932 modo,
2019 855 2185 936 quod
2236 856 2463 937 aliquis
2500 876 2623 922 11011
2671 858 2775 922 ad-

317 953 514 1018 vertat
543 952 680 1030 hoc,
713 952 879 1034 quod
915 953 1084 1030 dicit,
1118 973 1250 1018 esse
1282 954 1759 1037 blasphemiam:
1794 955 1960 1037 quod
1992 957 2201 1039 potest
2238 957 2595 1042 contingere
2628 978 2771 1024 cum

316 1056 534 1138 aliquis
567 1055 775 1119 subito
809 1074 881 1119 ex
913 1054 1124 1138 aliqua
1156 1057 1440 1139 passione
1486 1057 1551 1120 in
1585 1057 1772 1121 verba
1818 1058 2167 1143 imaginata
2199 1061 2568 1144 prorumpit,
2619 1081 2770 1145 quo-

314 1177 444 1222 rum
491 1157 1008 1244 significationem
1055 1177 1175 1223 non
1224 1158 1599 1236 considerat:
1634 1161 1784 1224 tunc
1816 1162 1912 1224 est
1958 1163 2280 1245 peccatum
2312 1163 2551 1228 veniale
2578 1164 2673 1248 (a)
2706 1167 2771 1230 et

314 1280 423 1325 non
474 1260 663 1325 habet
709 1260 953 1345 proprie
983 1261 1290 1326 rationem
1321 1261 1762 1344 blasphemiae.
1801 1262 1943 1327 Alio
1976 1263 2183 1343 mod0,
2218 1265 2464 1346 quando
2499 1264 2772 1331 advertit

312 1363 421 1427 hoc
470 1382 602 1428 esse
647 1362 1116 1446 blasphemiam,
1150 1362 1543 1428 considerans
1576 1364 1930 1448 significata
1962 1366 2292 1430 verborum
2341 1370 2403 1432 et
2450 1369 2600 1432 tunc
2646 1388 2769 1434 non

313 1467 637 1530 excusatur
669 1485 705 1530 a
736 1466 986 1548 peccato
1025 1464 1300 1543 mortali,
1359 1466 1521 1530 sicut
1567 1486 1677 1530 nec
1722 1466 1848 1545 ille,
1884 1468 1994 1549 (1111
2041 1487 2112 1532 ex
2157 1469 2365 1534 subito
2420 1474 2602 1534 motu
2642 1471 2770 1536 irae

312 1569 576 1651 aliquem
610 1567 834 1633 occidit
868 1568 1045 1632 iuxta
1082 1587 1147 1632 se
1180 1568 1493 1632 sedentem
1525 1595 1586 1631 ».

394 1671 558 1757 Ergo
607 1670 1028 1755 indagandum
1065 1671 1283 1753 utique
1331 1671 1468 1748 erit,
1519 1670 1784 1736 defuerit
1830 1692 2015 1737 necne
2072 1672 2478 1748 advertentia,
2528 1675 2600 1739 de
2648 1696 2773 1758 qua

312 1794 358 1837 s.
382 1773 686 1851 Thomas:
729 1774 797 1837 at
827 1772 993 1856 quod
1026 1772 1232 1837 deesse
1256 1773 1472 1855 possit,
1501 1792 1623 1837 non
1649 1776 1744 1838 est
1776 1775 2148 1859 negandum.
2184 1776 2430 1861 Regula
2462 1797 2610 1863 ergo
2650 1781 2774 1842 tra-

313 1875 443 1939 dita
476 1896 512 1940 a
545 1896 593 1940 S.
627 1875 868 1941 Thoma
918 1877 1047 1940 est:
1105 1895 1247 1940 cum
1294 1876 1433 1957 quis
1481 1876 1690 1940 subito
1740 1877 1926 1941 verba
1972 1878 2391 1961 blasphemiae
2440 1900 2510 1945 ex
2559 1880 2771 1964 aliqua

308 1977 591 2061 passione
642 1978 893 2062 profert,
950 1977 1301 2054 videndum,
1353 1979 1566 2042 utrum
1619 1979 1961 2044 consideret
2015 2000 2200 2044 1100110
2252 1981 2771 2066 significationem

305 2081 652 2146 verborum.
689 2079 754 2145 Si
802 2080 1170 2158 considerat,
1205 2082 1418 2163 peccat
1448 2082 1832 2146 mortaliter:
1873 2101 2067 2159 300113,
2102 2083 2444 2148 venialiter.

389 2180 569 2254 523.
604 2183 854 2267 Duplici
902 2184 1115 2248 autem
1145 2183 1328 2247 modo
1378 2185 1585 2267 potest
1616 2183 1883 2269 intelligi
1917 2204 2098 2249 casus
2144 2185 2246 2249 hic
2291 2187 2647 2269 propositus
2695 2187 2768 2251 de

301 2305 388 2366 00,
424 2287 534 2369 (1111
576 2305 696 2352 11011
743 2288 924 2351 curat
970 2285 1495 2350 emendationem:
1550 2286 1617 2349 1ο
1664 2285 1831 2367 (111οᾶ
1881 2287 2020 2368 (11113
2059 2288 2308 2352 0111111110
2346 2289 2505 2352 110111
2551 2308 2769 2354 curare

297 2388 793 2453 emendationem
838 2386 1342 2452 consuetudinis:
1395 2384 1464 2450 2⁰
1510 2388 1674 2471 quod
1722 2407 1845 2452 non
1892 2391 2133 2453 recuset
2163 2389 2431 2472 quidem,
2481 2391 2584 2455 sed
2615 2391 2771 2456 inte-

296 2491 412 2555 rim
450 2493 753 2557 conatum
786 2489 1073 2554 adhibere
1119 2488 1422 2573 negligat.

384 2592 448 2658 Si
486 2593 686 2678 priori
709 2593 893 2658 modo
926 2593 1338 2676 intelligatur,
1373 2612 1496 2658 non
1520 2612 1685 2657 mere
1707 2592 2061 2672 differenda,
2089 2594 2194 2659 sed
2214 2594 2498 2680 neganda
2515 2615 2768 2679 prorsus

292 2698 387 2762 est
432 2696 775 2762 absolutio.
830 2695 993 2760 Nam
1039 2695 1146 2759 1110
1193 2697 1288 2759 031
1333 2696 1397 2759 111
1446 2697 1618 2761 statu
1668 2697 1904 2779 peccati
1951 2698 2029 2763 ob
2076 2698 2324 2781 culpam
2372 2718 2481 2763 seu
2527 2719 2773 2783 praece-

289 2799 541 2864 dentem
580 2818 691 2863 seu
722 2798 913 2862 etiam
936 2798 1430 2880 perseverantem
1461 2797 1712 2882 iugiter,
1740 2817 1863 2863 non
1901 2818 2074 2864 secus
2109 2819 2180 2864 ac
2212 2801 2266 2865 si
2296 2801 2437 2882 quis
2468 2803 2630 2865 nolit
2661 2804 2774 2866 aut

286 2902 627 2967 restituere
660 2903 773 2965 aut
802 2899 1076 2964 deserere
1110 2899 1492 2964 occasionem
1528 2902 1639 2964 aut
1670 2901 2017 2985 generatim
2049 2906 2371 2985 peccatum
2404 2904 2767 2987 relinquere.

374 3006 495 3072 Sed
544 3005 792 3070 Auctor
836 3004 1047 3088 potius
1092 3003 1378 3084 loquitur
1423 3002 1496 3067 de
1545 3003 1810 3068 secundo
1858 3004 2063 3069 modo.
2098 3005 2183 3069 Et
2227 3004 2327 3069 hic
2364 3008 2458 3071 est
2495 3025 2674 3070 casus
2704 3006 2770 3070 in

283 3129 405 3193 quo
456 3110 608 3175 DD.
650 3106 1062 3174 communiter
1099 3106 1442 3171 docuerunt
1491 3105 1799 3185 eapedire,
1840 3108 1915 3170 ut
1952 3107 2274 3172 differatur
2303 3109 2563 3173 discrete
2596 3108 2770 3174 abso-

281 3212 466 3289 lutio,
509 3230 646 3295 quo
694 3210 824 3276 scil.
859 3209 1179 3293 poenitens
1216 3210 1653 3291 permoveatur
1686 3209 1764 3273 ad
1796 3211 2091 3275 conatum
2124 3211 2186 3274 et
2216 3230 2431 3274 curam
2453 3209 2766 3274 efficacius

279 3312 730 3380 adhibendam.

369 3418 646 3482 Monent
693 3418 922 3490 tamen,
957 3413 1020 3477 id
1053 3412 1315 3477 discrete
1353 3411 1723 3477 faciendum.
1771 3412 1937 3477 Nam
1988 3413 2041 3476 si
2088 3412 2399 3477 absolutio
2448 3414 2766 3479 commode

276 3521 516 3587 differri
567 3538 696 3584 non
742 3516 941 3602 possit
972 3518 1036 3581 et
1067 3515 1343 3597 alioquin
1380 3514 1711 3579 manifesta
1758 3516 1938 3599 signa
1963 3515 2302 3597 appareant
2333 3512 2766 3579 detestationis

277 3642 429 3710 erga
478 3641 751 3708 pravam
798 3621 976 3685 illam
1020 3617 1551 3694 consuetudinem,
1618 3616 1861 3681 absolvi
1909 3616 2134 3700 potest,
2199 3614 2365 3679 sicut
2411 3616 2475 3679 et
2519 3616 2766 3699 quando

275 3727 506 3791 dilatio
588 3725 666 3789 ad
741 3722 1142 3789 auferendum
1211 3740 1475 3805 pravum
1544 3719 1834 3784 habitum
1907 3738 2032 3782 non
2104 3716 2351 3783 videtur
2418 3719 2765 3802 profutura.

274 3829 562 3896 Escobar
612 3828 720 3891 lib.
773 3827 970 3891 28.11.
1008 3825 1179 3904 201.,
1236 3824 1345 3907 (1111
1392 3824 1455 3886 01
1500 3823 1715 3886 11101101
1768 3820 2205 3903 imponendam
2248 3839 2378 3886 esse
2424 3821 2765 3888 salutarem

272 3931 765 4016 poenitentiam,
807 3932 1107 4014 agnatam
1151 3927 1425 3992 criminis
1457 3926 1780 4012 gravitati.
1821 3922 1938 3989 Sed
1984 3923 2057 3989 de
2090 3925 2187 3989 his
2234 3925 2503 4005 uberius,
2538 3927 2646 3991 ubi
2692 3926 2766 3990 de

276 4034 571 4101 Sacram.
614 4031 1062 4097 Poenitentiae.

320 4310 387 4358 (a)
420 4306 716 4349 Peccatum
745 4300 962 4353 veniale,
991 4298 1125 4354 quod
1152 4302 1205 4343 et
1232 4297 1549 4341 levissimum
1579 4307 1685 4338 esse
1712 4296 1898 4349 potest,
1929 4294 2103 4345 situm,
2133 4297 2194 4334 ut
2223 4290 2445 4343 videtur,
2477 4288 2533 4330 in
2561 4300 2664 4330 non
2691 4300 2768 4332 re-

268 4372 567 4426 primendo,
603 4368 739 4412 sicut
767 4369 984 4422 oportet,
1013 4367 1207 4420 impetu
1236 4364 1495 4418 passionis,
1527 4363 1661 4405 unde
1692 4360 1908 4415 prolatio
1941 4360 2228 4411 verborum,
2251 4369 2384 4411 quae
2402 4355 2765 4400 contumeliam

268 4439 366 4485 Deo
395 4438 707 4488 continent,
727 4436 835 4479 sine
862 4434 1226 4478 deliberatione
1253 4430 1517 4485 processit:
1549 4429 1672 4482 quia
1691 4426 1856 4470 defuit
1884 4424 2103 4481 cognitio
2123 4435 2360 4478 praesens
2376 4422 2763 4479 significationis

269 4508 572 4551 verborum.
605 4501 665 4546 Si
692 4502 815 4545 haec
842 4502 1168 4545 advertentis.
1195 4498 1343 4551 adsit,
1375 4496 1471 4539 etsi
1500 4508 1560 4537 ex
1601 4495 1798 4547 impetu
1837 4490 2083 4546 passionis
2114 4490 2268 4532 verba
2288 4488 2630 4543 proferantur,
2659 4502 2760 4533 non

270 4573 581 4619 excluditur
612 4568 714 4611 hoc
743 4569 851 4622 ipso
879 4566 1193 4618 deliberatio,
1222 4576 1325 4619 que
1353 4562 1631 4606 exsistente
1658 4561 1925 4613 peceatum
1954 4560 2031 4600 est
2058 4554 2292 4599 mortale.
2323 4553 2381 4601 E.

424 4669 741 4711 Eudamum.
772 4683 824 4692 —
854 4657 1024 4702 Mor-al.
1054 4657 1189 4700 Tom.
1220 4657 1291 4700 n.
2542 4647 2597 4689 m
