3497 5147
640 383 716 437 92
1218 398 1436 439 macr.
1478 399 1531 439 v.
1574 397 1736 440 ποτ.
1779 397 1842 437 11.
1880 397 1966 436 Du
2003 395 2359 438 PRAEGEPTO
2396 398 2531 439 snm
2956 379 3101 456 [123]

642 498 851 579 posset
898 516 1034 580 spes
1065 497 1288 560 habere
1324 496 1532 559 locum
1576 494 1639 558 in
1675 495 1798 558 alia
1846 495 2239 559 conversione
2285 495 2490 559 minus
2528 493 2820 578 perfecta.
2860 489 3101 556 Rursus

639 598 750 679 qui
783 600 1014 682 negant
1047 598 1492 683 obligationem
1524 597 1828 681 perfectae
1861 596 2294 674 conversionis,
2331 615 2449 660 non
2482 595 2720 659 infinite
2752 593 2814 658 id
2847 594 3098 679 negant,

637 700 745 764 sed
793 719 957 765 mere
1003 700 1402 776 contendunt,
1452 719 1573 764 non
1620 700 1712 764 ita
1775 718 1993 784 urgere
2040 697 2195 763 illud
2242 698 2656 763 conversionis
2702 698 3099 782 praeceptum

637 802 856 865 statim
904 804 1046 885 post
1095 803 1468 884 acquisitum
1531 821 1714 866 usum
1762 803 2042 877 rationis,
2093 805 2166 866 ut
2211 800 2459 865 interim
2506 819 2627 864 non
2685 800 2882 882 possit
2928 800 3100 882 prins

636 903 841 968 offerri
878 904 1116 968 occasio
1150 904 1382 988 peccati
1419 904 1676 969 venialis
1722 904 2170 968 committendi.
2208 902 2384 984 Quod
2431 904 2669 967 Auctor
2698 902 2922 979 innuit,
2951 902 3099 966 dum

637 1006 748 1082 ait,
799 1006 888 1069 ita
955 1025 1216 1089 puerum
1279 1007 1490 1084 teneri,
1540 1010 1614 1072 ut
1661 1027 1787 1069 non
1834 1005 2092 1085 differat
2142 1005 2411 1070 notabili
2468 1010 2749 1085 tempore.
2801 1001 3098 1083 Quocirca

637 1110 848 1191 posset
893 1109 1031 1186 dici,
1083 1129 1293 1173 omnes
1340 1110 1520 1174 fateri
1569 1113 1631 1175 et
1677 1109 2010 1175 tenendum
2059 1129 2206 1184 esse,
2242 1129 2349 1192 per
2394 1129 2531 1173 eam
2578 1110 2848 1172 aetatem
2888 1125 3098 1171 revera

639 1211 802 1274 intra
851 1210 1161 1292 quoddam
1208 1212 1504 1295 temporis
1551 1213 1826 1295 spatium
1857 1211 1992 1294 (alii
2043 1213 2181 1295 plus
2230 1212 2337 1275 alii
2383 1212 2588 1275 minus
2620 1211 2968 1293 coarctant)
3006 1228 3100 1273 oc-

636 1313 950 1376 casionem
996 1315 1058 1377 et
1104 1315 1533 1379 necessitatem
1581 1335 1894 1380 occurrere
1942 1315 2152 1379 actum
2200 1315 2328 1398 spei
2375 1315 2671 1378 eliciendi.

728 1414 1150 1480 Veruntamen
1198 1435 1308 1500 pro
1354 1436 1418 1481 re
1464 1418 1676 1482 nostra
1722 1418 1878 1481 nihil
1925 1417 2167 1502 proprie
2216 1416 2466 1480 extundi
2513 1418 2747 1498 potest3
2798 1417 2944 1497 quia
2976 1436 3098 1481 non

626 1536 749 1595 per
794 1537 858 1579 se
906 1520 1156 1602 urgeret
1202 1523 1615 1603 praeceptum,
1656 1522 1729 1583 ut
1778 1520 2062 1596 diximus,
2112 1520 2217 1583 sed
2265 1518 2386 1583 alia
2435 1518 2596 1581 esset
2654 1519 2817 1582 ratio
2867 1516 3100 1602 obliga·

641 1620 848 1685 tionis.
878 1618 1187 1700 Ceterum,
1216 1622 1462 1687 etiamsi
1496 1623 1737 1687 adesset
1768 1623 1889 1686 ista
1917 1622 2218 1706 obligatio
2252 1619 2557 1704 praecepti
2591 1641 2699 1703 per
2730 1639 2812 1697 se,
2842 1621 3096 1686 scientia

637 1723 822 1787 huius
869 1725 1180 1808 praecepti
1217 1725 1278 1788 in
1328 1744 1516 1808 puero
1565 1724 1828 1808 supponi
1876 1743 1994 1789 non
2043 1726 2250 1807 potest
2298 1726 2360 1787 et
2397 1742 2429 1787 e
2461 1722 2770 1788 contrario
2818 1723 2925 1786 ubi
2964 1741 3099 1806 pro-

633 1826 889 1907 ponitur
921 1827 1296 1891 sufflcienter
1327 1829 1516 1891 etiam
1552 1829 1756 1909 pueris
1797 1827 2105 1892 obiectum
2152 1827 2338 1890 huius
2386 1825 2534 1908 spei,
2574 1826 2774 1889 instar
2809 1825 3096 1890 miraculi

633 1928 983 1992 habendum
1019 1930 1196 2007 foret,
1232 1932 1281 1994 si
1333 1951 1452 1995 non
1500 1932 1821 1996 tenderent
1852 1932 1912 1994 in
1961 1930 2117 1994 illud
2165 1933 2306 1993 actu
2357 1929 2649 2012 quopiam
2687 1928 2815 2012 spei
2855 1929 3091 1995 idoneo,

635 2029 898 2094 Proinde
956 2030 1160 2111 quoad
1217 2033 1455 2115 praxim
1503 2033 1785 2097 concludi
1848 2033 2072 2114 potest,
2125 2033 2281 2095 hanc
2328 2033 2751 2114 quaestionem
2802 2033 2901 2096 vix
2965 2053 3093 2096 esse

632 2135 1061 2200 necessariam.
2634 2153 2635 2156 ’

721 2233 1227 2304 Concludendum
1252 2261 1397 2327 ergo
1423 2262 1564 2306 cum
1598 2239 1823 2305 Suarez
1858 2240 1931 2304 de
1964 2238 2083 2320 Spe
2116 2242 2270 2324 disp.
2300 2243 2360 2304 2.
2388 2243 2533 2304 sect.
2566 2239 2622 2303 1.
2652 2260 2710 2304 n.
2741 2241 2840 2305 3.:
2875 2266 2910 2299 «
2940 2239 3091 2306 Dico

629 2359 800 2424 ergo,
836 2343 908 2403 ut
939 2342 1011 2405 de
1045 2343 1305 2408 caritate
1337 2345 1400 2408 et
1430 2343 1809 2427 poenitentia
1846 2343 2073 2407 resolvi
2120 2343 2297 2421 solet,
2333 2342 2447 2406 hoc
2485 2342 2729 2424 tempus
2762 2363 2882 2407 non
2917 2363 3093 2428 posse

629 2439 942 2527 designari
965 2445 1228 2528 positive
1253 2448 1316 2511 et
1341 2447 1589 2511 omnino
1622 2446 2048 2518 determinate,
2076 2445 2179 2508 sed
2204 2445 2380 2527 quasi
2414 2445 2701 2527 negative
2727 2445 2788 2509 et
2811 2445 3089 2524 confuse3

631 2544 881 2610 tenetur
928 2548 1090 2613 enim
1137 2549 1322 2613 homo
1358 2549 1689 2631 aliquando
1737 2549 1800 2612 in
1836 2548 1964 2613 vita
1998 2565 2167 2631 spem
2216 2564 2521 2621 exercere;
2556 2545 2716 2628 quod
2760 2566 2904 2612 vero
2938 2547 3093 2613 illud

628 2649 714 2713 sit
759 2670 920 2713 nunc
959 2652 1056 2714 vel
1102 2652 1338 2734 postea,
1379 2652 1750 2733 relinquitur
1795 2652 2063 2716 hominis
2113 2651 2389 2715 arbitrio.
2430 2651 2589 2714 Item
2638 2652 2925 2736 negative
2958 2670 3094 2736 pos-

629 2770 847 2815 sumus
887 2753 1102 2830 dicere,
1139 2754 1334 2818 teneri
1381 2755 1692 2818 hominem
1724 2775 1847 2820 non
1894 2755 2000 2819 diu
2033 2754 2272 2818 differre
2318 2752 2673 2817 huiusmodi
2724 2754 2900 2818 actus
2948 2758 3091 2838 post

631 2852 963 2935 perfectam
986 2855 1468 2939 propositionem
1495 2858 1900 2922 beatitudinis
1927 2858 2022 2921 vel
2053 2859 2185 2922 eius
2220 2856 2782 2939 apprehensionem.
2813 2854 3090 2942 Denique

631 2956 718 3019 ita
752 2958 1000 3020 tenetur
1045 2978 1318 3023 exercere
1355 2961 1467 3024 hos
1515 2963 1712 3039 actus,
1747 2962 1823 3025 ut
1867 2961 2107 3025 ratione
2145 2959 2396 3024 illorum
2445 2958 2529 3022 sit
2564 2958 2714 3022 bene
2751 2957 3088 3041 dispositus

629 3058 703 3122 ad
756 3060 1134 3143 operandum
1191 3063 1252 3125 et
1308 3063 1632 3127 vitandum
1695 3065 1986 3147 peccata3
2038 3061 2199 3143 quod
2249 3060 2571 3124 moraliter
2618 3063 2917 3143 praestari
2967 3082 3087 3127 non

623 3164 852 3244 potest,
902 3164 1023 3226 nisi
1071 3164 1148 3227 ab
1194 3164 1443 3231 homine
1480 3166 1629 3230 bene
1677 3167 1962 3250 sperante
1996 3192 2055 3227 ».
2098 3162 2213 3226 Sed
2261 3163 2375 3226 hoc
2415 3164 2508 3225 est
2545 3164 2787 3225 ratione
2824 3161 3091 3241 alterins·

629 3283 737 3328 nec
783 3265 1115 3330 haberetur
1146 3268 1388 3333 malitia
1438 3267 1730 3333 distincta
1766 3288 1799 3333 a
1842 3267 2109 3352 peccato,
2143 3266 2205 3329 in
2256 3265 2416 3347 quod
2467 3266 2605 3346 quis
2636 3265 2950 3357 laberetur
2981 3267 3084 3347 (cf.

628 3366 702 3430 de
734 3366 803 3429 F
801 3365 896 3429 ide
943 3389 1002 3433 n.
1032 3370 1188 3453 40.).
1215 3371 1385 3437 Haec
1433 3375 1642 3437 autem
1682 3372 1844 3436 ratio
1880 3390 1915 3435 a
1948 3368 2221 3434 Coninck
2270 3367 2343 3430 dc
2378 3366 2497 3447 Spe
2535 3356 2701 3449 disp.
2723 3368 2822 3431 19.
2850 3368 2993 3433 dub.
3023 3373 3082 3435 9.

625 3492 683 3534 n.
735 3473 840 3535 44.
891 3473 977 3535 sic
1026 3474 1317 3539 effertur:
1375 3502 1408 3534 ‹<
1458 3476 1576 3540 Vix
1624 3476 1756 3540 fieri
1804 3475 2027 3559 potest,
2080 3476 2151 3538 ut
2197 3473 2335 3556 quis
2384 3471 2690 3554 concipiat
2738 3471 2968 3537 serium
3015 3493 3085 3537 ac

620 3578 912 3640 constans
945 3579 1334 3662 propositum
1364 3581 1515 3644 bene
1565 3579 1827 3655 vivendi,
1862 3578 1979 3642 nisi
2029 3576 2329 3642 eiusmodi
2366 3593 2537 3657 spem
2584 3575 2976 3659 concipiat».
3005 3578 3084 3642 Et

620 3676 965 3745 Turrianus
1015 3681 1074 3746 in
1125 3684 1183 3746 2.
1222 3684 1282 3747 2.
1317 3683 1470 3766 disp.
1514 3683 1650 3748 654
1693 3710 1727 3743 «
1761 3681 1909 3767 Spes
1957 3682 2118 3745 enim
2166 3679 2431 3743 maxime
2477 3677 2819 3743 necessaria
2866 3679 2961 3743 est
3007 3681 3083 3745 ad

621 3782 860 3845 rectam
909 3784 1072 3848 vitae
1121 3786 1580 3850 institutionem
1621 3814 1680 3849 ».

715 3880 869 3953 123.
907 3885 1022 3951 Sed
1070 3908 1203 3952 ecce
1250 3892 1496 3972 praesto
1546 3892 1692 3953 sunt
1741 3888 1848 3951 alii
1895 3907 2093 3963 casus,
2133 3886 2195 3949 in
2243 3884 2467 3966 quibus
2517 3884 2818 3968 obligatio
2867 3906 2974 3969 per
3019 3908 3082 3951 se

619 3985 804 4052 huius
852 3991 1159 4074 praecepti
1208 4010 1243 4054 a
1291 3992 1426 4054 DD.
1469 3992 1845 4076 agnoscitur.

706 4088 865 4156 Sane
915 4093 1156 4177 obligat
1201 4113 1307 4175 per
1353 4112 1435 4167 se,
1486 4091 1730 4174 quando
1766 4093 1902 4174 quis
1950 4114 2057 4176 per
2094 4094 2581 4179 desperationem
2629 4101 2939 4165 amisisset
2972 4101 3081 4164 ha-

624 4193 825 4257 bitum
860 4195 988 4277 spei
1027 4195 1327 4269 infusum,
1371 4216 1510 4258 nam
1545 4194 1608 4258 in
1647 4214 1717 4259 eo
1752 4215 1899 4259 casu
1946 4200 2191 4261 tenetur
2238 4199 2422 4264 homo
2472 4222 2534 4265 se
2573 4206 2927 4269 convertere
2975 4225 3082 4287 per

619 4314 791 4376 spem
840 4296 911 4358 ad
964 4317 1146 4360 suum
1180 4297 1472 4360 ultimum
1521 4296 1725 4371 finem,
1762 4298 1963 4380 inquit
2012 4298 2272 4386 Struggl
2320 4303 2500 4368 tract.
2542 4306 2602 4367 4.
2638 4326 2695 4387 q.
2733 4308 2792 4369 3.
2828 4327 2887 4370 n.
2924 4308 2983 4370 9.
3019 4310 3081 4371 et

619 4396 841 4461 melius
888 4397 1046 4461 forte
1093 4398 1254 4463 dicet
1302 4399 1481 4475 alius,
1519 4402 1765 4464 tenetur
1799 4422 1832 4465 a
1866 4401 2288 4487 desperatione
2334 4408 2628 4485 recedere,
2664 4409 2827 4490 quod
2875 4411 3079 4475 solum

613 4518 787 4582 spem
833 4500 1229 4582 concipiendo
1262 4500 1394 4566 fieri
1443 4506 1648 4585 potest
1695 4506 1779 4581 et,
1813 4505 2019 4587 inquit
2049 4505 2317 4574 Sanchez
2358 4509 2464 4574 lib.
2500 4513 2560 4574 2.
2595 4530 2728 4593 cap.
2763 4512 2869 4576 33.
2905 4533 2963 4576 n.
2990 4515 3076 4590 3.,

612 4600 827 4666 eodem
875 4605 1199 4687 praecepto
1251 4607 1492 4668 tenetur
1538 4605 1713 4671 homo
1761 4627 2004 4693 sperare
2051 4613 2112 4674 et
2158 4630 2280 4675 non
2328 4612 2664 4694 desperare.
