3497 5147
655 350 765 406 758
823 362 1035 403 ‘raso-n
1054 362 1135 403 vl.
1156 361 1317 402 snc‘r.
1334 360 1417 403 νι.
1442 359 1529 399 ma
1552 357 1743 401 suno
1762 358 1842 399 arr
1858 357 2022 401 nouo
2045 357 2263 400 runc.
2285 356 2614 400 nmanoen
2634 356 2778 399 nun.
2804 356 2896 397 111.
2934 343 3118 412 [1025]

1738 580 1903 644 DUB.
1945 578 2063 643 ΙΙΙ.

891 718 1059 799 Quae
1089 719 1222 784 sint
1252 720 1481 799 species
1513 717 1806 782 luxuriae
1835 721 2292 782 consummatae
2325 722 2546 783 contra
2578 722 2904 783 naturam.

766 914 925 967 xxu.
951 915 1097 979 Resp.
1124 911 1247 965 Cum
1278 918 1447 965 contra
1475 918 1697 965 naturam
1737 924 1846 964 esse
1884 909 2108 963 dicantur
2147 924 2249 973 eae,
2274 909 2324 962 in
2356 909 2536 975 quibus
2576 912 2632 964 nt
2669 909 2924 964 seminatio
2963 910 3125 963 modis

658 998 1040 1066 repugnantibus
1073 995 1370 1051 institutioni
1408 1005 1626 1060 naturae,
1658 995 1723 1049 ita
1758 1004 1810 1049 ut
1844 994 1980 1048 iuxta
2010 997 2132 1048 tales
2159 996 2331 1047 modos
2363 994 2553 1061 species
2591 994 2871 1060 varientur3
2897 993 3006 1048 bine
3045 1009 3122 1048 re·

657 1083 887 1147 solvitur,
916 1084 1040 1135 tales
1077 1081 1269 1148 species
1307 1095 1415 1135 esse
1451 1087 1726 1147 sequentes.

751 1206 874 1269 Res
906 1204 1074 1268 clara
1111 1207 1224 1268 est.

772 1343 950 1395 XXIII.
984 1345 1026 1393 l.
1046 1344 1132 1393 Est
1156 1354 1449 1404 congressus
1470 1337 1795 1405 inordinatu5‚
1826 1342 1919 1392 boc
1947 1345 2022 1392 est
2045 1337 2335 1391 innaturalis
2361 1337 2467 1392 sive
2490 1336 2738 1391 indebitus
2763 1339 3120 1392 concumbendi

664 1430 855 1494 moduS‚
880 1441 990 1480 cum
1027 1426 1132 1479 scil.
1171 1432 1398 1479 servatur
1427 1423 1622 1491 quidem
1661 1423 1893 1477 identitas
1931 1422 2128 1490 speciei,
2156 1423 2415 1477 diversitas
2445 1438 2594 1477 sexus
2631 1432 2680 1477 et
2718 1423 2881 1477 debita
2923 1431 3120 1479 naturae

661 1527 861 1580 organa,
900 1514 986 1566 sed
1020 1510 1299 1566 inordinato
1340 1518 1522 1564 tautum
1561 1512 1708 1564 modo
1745 1508 2018 1563 acceditur:
2046 1524 2094 1564 v.
2134 1524 2207 1574 gr.
2251 1524 2360 1563 cum
2401 1509 2480 1562 vir
2516 1509 2787 1563 succumbit
2827 1513 2907 1564 vel
2945 1525 3122 1564 averse

660 1597 850 1652 accedit
873 1611 1009 1651 more
1034 1611 1285 1664 pecorum,
1315 1600 1397 1650 vel
1421 1612 1446 1649 a
1475 1597 1641 1660 latere,
1672 1598 1751 1648 vel
1781 1596 1953 1648 stando
1979 1603 2065 1648 aut
2091 1597 2308 1649 sedendo
2335 1593 2495 1648 aliave
2521 1594 2713 1649 ratione
2738 1594 2952 1649 insolita.
2975 1597 3120 1663 Quod

661 1690 737 1736 est
772 1690 941 1736 contra
978 1689 1218 1745 naturam,
1264 1684 1484 1742 mortale,
1512 1681 1707 1746 quando
1743 1678 1859 1733 inde
1895 1678 2166 1745 periculum
2205 1687 2280 1734 est
2315 1677 2655 1746 impediendae
2679 1679 3014 1744 generationis
3035 1690 3122 1735 aut

660 1767 938 1823 effundendi
974 1766 1196 1834 seminis;
1228 1765 1362 1831 aliae,
1401 1765 1444 1820 si
1479 1769 1573 1820 hoc
1610 1764 1877 1832 periculum
1915 1773 2154 1818 caveatur
2194 1772 2278 1818 aut
2316 1778 2414 1817 non
2453 1763 2533 1827 sil,
2571 1778 2630 1819 eo
2668 1767 2801 1831 quod
2842 1765 3020 1820 matrix
3058 1769 3122 1819 Ie-

663 1851 822 1905 minae
846 1850 966 1905 satis
990 1854 1201 1904 attrabat
1225 1864 1393 1904 semen
1420 1857 1468 1902 et
1494 1849 1719 1915 retineat,
1739 1856 1793 1902 ut
1818 1851 1870 1902 fit
1896 1852 2200 1916 plerumque,
2227 1864 2320 1901 non
2347 1856 2539 1911 contra,
2565 1850 2652 1902 sed
2678 1858 2875 1917 praeter
2901 1858 3126 1904 naturam

662 1935 756 1990 erit
793 1944 841 1988 et
875 1935 1064 1989 veniale
1099 1949 1266 1998 grave,
1304 1934 1403 1987 imo
1442 1935 1641 1998 nullum,
1683 1933 1726 1986 si
1763 1932 1929 1998 gravis
1966 1947 2114 1986 causa
2151 1931 2294 1996 adsit,
2326 1947 2373 1986 v.
2407 1947 2481 1997 gr.
2507 1931 2620 1999 quia
2660 1933 2837 1987 mulier
2875 1942 2950 1987 est
2987 1949 3128 2001 prae-

660 2034 831 2085 gnans»,
859 2023 938 2072 vel
974 2019 1089 2086 quia
1126 2018 1350 2085 corporis
1382 2017 1642 2085 dispositio
1680 2017 1788 2071 sive
1819 2017 2076 2083 utriusque
2116 2015 2223 2069 sive
2262 2015 2549 2070 alterutrius
2587 2015 2811 2081 coniugis
2847 2017 2991 2071 aliter
3017 2019 3127 2071 fleri

667 2119 763 2158 non
801 2103 999 2171 patitur.
1025 2102 1131 2156 Fill.
1159 2111 1220 2158 tr.
1245 2105 1330 2157 30.
1356 2117 1399 2156 c.
1428 2105 1476 2157 8.
1508 2118 1558 2169 q.
1585 2104 1633 2154 8.
1663 2118 1710 2155 n.
1742 2102 1859 2155 137.

759 2221 969 2296 1025.
1003 2226 1078 2288 A.
1128 2243 1378 2290 exorsus
1418 2245 1454 2289 a
1499 2225 1705 2289 minus
1741 2223 2059 2308 gravibu3‚
2111 2241 2248 2286 eam
2284 2222 2548 2305 speciem
2586 2225 2926 2296 enumerat,
2962 2242 3126 2306 quae

669 2329 746 2393 ab
793 2328 932 2392 aliis
970 2327 1385 2411 praetermitti
1429 2327 1609 2392 solet.
1644 2325 1802 2390 Sane
1835 2325 1935 2388 hie
1966 2326 2142 2389 actus
2175 2325 2440 2407 spectari
2485 2325 2693 2408 potest
2726 2326 2864 2389 tum
2899 2326 2963 2389 in
2990 2345 3131 2391 con-

666 2430 936 2515 iugibuS‚
999 2432 1137 2494 tum
1182 2431 1247 2494 in
1293 2429 1537 2494 solutis.
1594 2428 1667 2492 In
1714 2428 2082 2511 coniugibus
2128 2427 2450 2510 peceatum
2504 2427 2770 2491 mortale
2827 2446 2949 2493 non
3006 2432 3123 2508 est,

665 2532 787 2598 nisi
832 2532 1175 2617 perieulum
1219 2531 1358 2596 inde
1392 2531 1473 2595 sit
1502 2528 1923 2611 impediendae
1955 2528 2371 2614 generationis
2403 2531 2466 2594 et
2503 2528 2816 2595 effusionis
2851 2531 3124 2609 seminiS,

666 2636 793 2700 imo
843 2636 896 2699 si
941 2636 1111 2698 iusta
1157 2651 1344 2697 causa
1392 2632 1554 2697 adsit
1600 2631 1690 2696 ita
1736 2632 2179 2697 concumbendi
2227 2634 2289 2697 et
2334 2632 2491 2697 inud
2523 2633 2864 2717 periculum
2914 2654 3127 2700 eavea-

663 2741 789 2816 tur,
824 2737 1067 2802 nullum
1115 2738 1208 2800 est
1254 2739 1594 2820 peccatum.
1626 2735 1769 2800 Non
1817 2755 1963 2820 ergo
2012 2736 2111 2801 hic
2160 2739 2335 2801 actus
2383 2738 2705 2820 peceatum
2753 2740 2848 2803 est
2886 2758 2994 2821 per
3038 2758 3125 2817 se,

667 2840 772 2904 sed
817 2840 1056 2904 ratione
1104 2838 1379 2903 alterius
1429 2839 1502 2902 In
1549 2839 1773 2903 solutis
1820 2857 1966 2922 ergo
2015 2839 2265 2922 pariter,
2315 2839 2368 2902 si
2417 2839 2580 2903 absit
2625 2839 2967 2923 periculum
2997 2841 3130 2906 iam

663 2941 918 3019 dictum,
953 2941 1070 3005 erit
1114 2941 1443 3005 fornicatio
1491 2959 1633 3005 eum
1680 2941 1797 3005 hae
1845 2940 2318 3005 circumstantia
2353 2941 2499 3005 talis
2533 2941 2916 3019 concubituS‚
2966 2962 3129 3024 quae

664 3062 773 3127 per
825 3060 888 3107 se
934 3042 1067 3107 leve
1129 3044 1449 3126 peceatum
1517 3046 1629 3107 est.
1693 3042 1759 3108 Si
1806 3061 1949 3106 vero
1998 3042 2342 3126 periculum
2402 3043 2560 3107 inud
2631 3043 2755 3119 sit;
2805 3046 3128 3127 peccatum

664 3145 782 3210 erit
814 3146 1007 3209 situm
1029 3146 1094 3209 in
1120 3145 1391 3209 tactibus
1414 3145 1741 3228 impudicis
1782 3147 1844 3209 et
1875 3143 2239 3227 pollutione.
2280 3145 2372 3209 De
2402 3145 2519 3209 hae
2555 3165 2640 3223 re,
2680 3146 2844 3227 quod
2884 3148 3127 3229 spectat

664 3248 741 3311 ad
778 3249 1089 3333 coniuges,
1123 3248 1349 3312 redibit
1395 3248 1459 3312 in
1498 3267 1697 3313 sermo
1734 3249 1814 3311 tr.
1855 3247 1931 3311 de
1962 3246 2168 3310 Matr.

770 3391 960 3444 XXIV.
988 3394 1036 3444 2.
1064 3390 1273 3445 Molities
1298 3390 1406 3444 sive
1431 3388 1637 3456 pollutio
1663 3395 1713 3442 et
1746 3396 1838 3453 est,
1862 3404 1974 3443 cum
2001 3391 2186 3456 absque
2217 3404 2485 3455 congressu
2513 3405 2600 3444 seu
2629 3393 2823 3458 copula,
2851 3394 3128 3448 voluntarie

665 3482 957 3542 procuratur
993 3477 1155 3529 fluxus
1191 3474 1405 3535 seminis
1434 3473 1540 3527 sive
1577 3473 1626 3526 id
1666 3477 1794 3526 foras
1831 3476 2122 3540 effundatur,
2150 3473 2222 3527 uti
2258 3472 2306 3526 in
2346 3473 2578 3537 maribus
2620 3474 2725 3529 sive
2761 3475 2896 3530 intus
2939 3477 3127 3532 diffluat

661 3559 711 3613 in
749 3559 1011 3622 matricem,
1040 3567 1092 3614 ut
1127 3559 1177 3613 in
1216 3558 1421 3614 leminis
1461 3562 1520 3611 Et
1559 3562 1653 3611 boc
1691 3565 1942 3626 peccatum
1983 3565 2181 3625 praeter
2220 3558 2465 3626 propriam
2502 3558 2751 3626 malitiam,
2793 3577 2940 3629 saepe
2979 3563 3125 3618 aliam

663 3647 808 3698 babet
846 3644 1140 3706 adiunctam,
1169 3652 1222 3698 ut
1252 3658 1300 3698 v.
1324 3659 1399 3707 gr.
1427 3642 1776 3709 fornicationiS,
1805 3643 2051 3708 adulterii,
2079 3643 2296 3698 incestus
2320 3652 2417 3698 etc.
2444 3656 2555 3698 cum
2582 3646 2692 3711 quis
2719 3646 2949 3701 nimirum
2977 3647 3124 3703 simul

657 3729 952 3793 imaginatur
1002 3744 1057 3782 ae
1109 3728 1357 3783 desiderat
1406 3742 1722 3793 congressum
1762 3728 1937 3782 alicnis
1976 3742 2216 3795 personae
2264 3728 2466 3794 liberae,
2507 3730 2796 3795 coniugatae
2844 3741 2955 3797 ete..
2993 3736 3125 3800 quod

661 3813 863 3880 proinde
899 3813 943 3866 si
980 3816 1079 3877 flat,
1105 3812 1154 3866 in
1192 3813 1498 3867 consessione
1529 3813 1844 3879 aperiendum
1881 3820 1972 3867 est.
2002 3816 2147 3867 Plura
2184 3815 2246 3867 de
2283 3813 2487 3868 mollitie
2527 3829 2576 3869 v.
2602 3816 2827 3881 sequenti
2866 3817 3039 3871 dubio.

757 3930 963 4005 1026.
997 3934 1089 3998 En
1136 3936 1321 4000 verba
1354 3936 1426 3999 B.
1468 3959 1504 3995 «
1540 3936 1810 4000 Interest
1857 3955 2004 4000 sane
2033 3954 2215 4001 nosse
2262 3938 2567 4015 accurate,
2601 3938 2666 4002 in
2704 3957 2828 4021 quo
2860 3940 3131 4006 resideat

659 4037 941 4120 specialis
978 4037 1224 4101 malitia
1270 4037 1457 4101 huius
1496 4038 1753 4120 peceati,
1793 4041 1868 4103 ut
1913 4039 2053 4103 inde
2086 4058 2372 4104 normam
2423 4038 2704 4121 aliquam
2749 4044 2964 4107 sumat
2993 4061 3134 4108 cou-

654 4140 969 4216 fessarius‚
1032 4158 1156 4222 qua
1201 4138 1362 4203 eirea
1409 4140 1882 4223 interrogandos
1929 4142 2315 4223 poenitentes
2383 4159 2420 4205 a
2477 4141 2760 4207 molestis
2820 4145 3129 4227 scrupulis

656 4244 853 4306 semet
897 4242 1141 4306 facilius
1210 4240 1460 4305 eximat.
1527 4242 1790 4323 Propria
1839 4242 2051 4325 itaque
2099 4244 2285 4308 huius
2357 4244 2598 4327 peceati
2643 4244 2816 4309 notio
2879 4248 3136 4329 petatur

660 4345 905 4425 oportet
951 4361 1022 4407 ex
1066 4342 1271 4406 indole
1320 4343 1555 4425 peccati
1602 4345 1824 4406 contra
1869 4347 2184 4409 naturam.
2221 4346 2312 4410 De
2344 4364 2467 4428 qua
2501 4345 2848 4430 generatim
2885 4348 2979 4412 ita
3011 4348 3136 4413 Fil-

654 4443 913 4506 liuecius
962 4444 1038 4506 tr.
1080 4444 1185 4506 30.
1222 4463 1280 4506 n.
1335 4443 1518 4517 137.;
1554 4441 1817 4507 Dicitur
1850 4445 1961 4510 hoc
1980 4452 2307 4527 peccatam
2354 4452 2576 4511 contra
2622 4450 2943 4523 naturam,
2976 4451 3133 4531 quia

659 4563 786 4608 non
832 4545 1007 4607 modo
1037 4549 1349 4626 repuynat
1378 4544 1592 4609 ordini
1620 4546 1924 4611 rationali
1945 4568 1967 4626 ;
2000 4548 2072 4611 id
2105 4551 2270 4613 enim
2306 4555 2400 4614 est
2431 4569 2745 4614 commune
2769 4551 3131 4633 cuicumque
