3497 5147
737 343 843 398 108
1032 354 1242 396 macr.
1282 356 1338 396 v.
1378 353 1539 396 suom.
1577 354 1668 395 111.
1710 353 1797 393 nn
1833 351 2151 394 caum-ris
2190 352 2579 395 eminemus
2619 352 2817 394 caem-
2853 353 2893 392 1.
3051 335 3197 412 [145]

1449 505 1559 567 IV.
1610 502 1710 567 De
1747 504 1932 585 yravi
1979 505 2314 567 tentatione
2367 509 2477 568 eto.

828 654 980 729 145.
1009 659 1098 722 Ea
1130 675 1376 739 quoque
1408 655 1569 720 foret
1601 655 1904 740 obligatio
1939 674 2102 719 mere
2132 674 2238 738 per
2270 656 2566 720 accidens,

1560 812 1637 875 V.
1680 811 1780 875 De
1825 811 2093 876 articulo
2129 814 2367 876 mortis,

829 963 982 1037 146.
1019 967 1232 1048 Aliqui
1265 965 1720 1029 securissimam
1754 965 1921 1028 viam
1952 964 2256 1043 dixerunt,
2294 968 2363 1029 ut
2397 965 2482 1029 sic
2507 965 2921 1048 prospiciatur
2950 965 3197 1029 certiori

734 1070 921 1134 modo
956 1071 1240 1133 aeternae
1285 1068 1497 1132 saluti.
1547 1068 1628 1130 Et
1661 1087 1709 1131 s.
1743 1067 1928 1150 Alph.
1978 1066 2126 1131 ibid.
2165 1086 2225 1130 n.
2260 1069 2387 1143 23„
2437 1070 2511 1131 ut
2547 1069 2722 1149 patet
2758 1083 2830 1130 ex
2876 1066 3196 1131 interiecta

737 1173 976 1249 notula,
1010 1171 1163 1236 dicit
1199 1189 1328 1235 esse
1361 1169 1932 1255 probabilissimum
1964 1190 2041 1233 ex
2089 1168 2321 1249 Sporer
2356 1170 2420 1233 et
2451 1168 2803 1232 Marelzant
2828 1171 2943 1234 etc.

827 1275 907 1338 Et
945 1274 1119 1359 Gury
1167 1274 1291 1338 vol.
1335 1275 1394 1336 2.
1439 1274 1497 1355 ᾗ.
1533 1274 1684 1335 445.
1724 1291 1881 1355 resp.
1934 1274 1994 1336 2.
2047 1272 2156 1348 ait,
2197 1270 2607 1353 quorumdam
2636 1290 2768 1336 esse
2802 1272 3193 1348 sententiam,

734 1378 903 1461 quod
934 1378 995 1441 in
1031 1377 1295 1441 articulo
1344 1376 1565 1440 mortis
1614 1375 1752 1456 quis
1785 1376 2072 1438 teneatur
2109 1374 2323 1438 elicere
2357 1375 2567 1437 actum
2598 1373 2899 1450 caritatiS,
2940 1374 3016 1436 ut
3039 1373 3197 1438 vide-

737 1481 942 1545 bimus
972 1482 1037 1544 in
1069 1481 1250 1544 tract.
1288 1479 1362 1542 de
1393 1478 1795 1561 poenitentia,
1830 1475 1937 1540 ubi
1966 1476 2042 1539 de
2072 1476 2462 1540 contritione.

826 1583 972 1647 Tria
997 1584 1303 1664 notemus.
1344 1581 1410 1642 1⁰
1440 1578 1615 1659 Quod
1651 1579 1947 1642 assistens
1977 1578 2361 1642 moribundis
2382 1579 2638 1662 egregie
2669 1578 2861 1643 faciat
2892 1579 3195 1644 hortando

733 1689 801 1751 et
833 1684 1152 1750 excitando
1193 1684 1270 1747 ad
1304 1683 1481 1748 actus
1519 1682 1823 1754 caritatis,
1870 1684 2109 1744 certum
2142 1681 2263 1754 est3
2316 1681 2384 1742 at
2414 1680 2585 1743 aliud
2617 1683 2711 1744 est
2742 1680 2806 1743 id
2843 1699 2975 1745 esse
3021 1682 3194 1758 utile,

737 1787 910 1852 aliud
957 1806 1086 1851 esse
1135 1785 1580 1869 obligationem
1627 1785 1691 1848 et
1736 1802 1879 1848 cum
1926 1783 2139 1867 agitur
2185 1782 2258 1846 de
2306 1782 2811 1866 obligationibus
2872 1802 3027 1864 quas
3074 1784 3195 1848 fere

739 1890 1033 1973 ignorant
1062 1886 1289 1964 fideles,
1329 1887 1551 1951 inutile
1583 1888 1679 1950 est
1707 1886 1783 1949 de
1807 1886 1883 1950 iis
1913 1885 2249 1968 disputare,
2280 1888 2358 1949 ut
2390 1886 2515 1949 iam
2550 1885 2949 1962 advertimus,
2984 1887 3106 1951 nisi
3136 1890 3198 1954 et

737 1989 859 2074 ipsi
894 1990 1065 2072 prius
1103 1987 1459 2053 doceantur.

920 2094 989 2154 2⁰
1021 2091 1244 2174 Sporer
1275 2091 1426 2154 dicit
1456 2090 1531 2153 de
1571 2087 1770 2153 (Da-rit.
1806 2111 1863 2153 n.
1907 2091 2012 2154 35.
2043 2090 2611 2172 probabilissimum
2660 2090 2723 2154 id
2755 2107 2886 2156 esse
2910 2094 2970 2155 et
2999 2091 3093 2155 ita
3125 2112 3200 2156 ex

735 2193 1077 2258 multorum
1113 2193 1397 2277 opinione
1430 2192 1685 2257 suadere
1718 2191 2073 2268 Marchant;
2118 2192 2277 2256 unde
2301 2192 2461 2257 forte
2494 2212 2540 2258 s,
2576 2193 3201 2277 Alphonsusdesum-

736 2299 863 2381 psit
893 2297 1048 2361 illud
1073 2318 1212 2361 oum
1242 2296 1567 2360 communi.
1596 2296 1792 2377 Atqui
1816 2294 2147 2358 Marchant
2173 2295 2435 2360 Tribun.
2470 2295 2722 2359 Poe-nit.
2760 2297 2911 2364 tom.
2940 2299 3000 2360 2.
3028 2298 3108 2361 tr.
3137 2299 3195 2360 2.

739 2400 840 2464 tit.
877 2401 937 2463 4.
958 2401 1103 2464 sect.
1144 2400 1202 2462 1.
1236 2417 1294 2481 q.
1330 2401 1392 2461 2.
1427 2417 1501 2461 ne
1533 2416 1726 2461 unum
1759 2396 2009 2478 quidem
2046 2415 2156 2480 pro
2189 2416 2302 2462 sua
2335 2398 2444 2461 illa
2484 2399 2767 2481 opinione
2801 2399 3055 2483 allegat.
3084 2397 3198 2463 Sed

729 2502 862 2568 ffuit
894 2503 1192 2576 Autome,
1227 2503 1334 2584 qui
1380 2519 1773 2565 communem
1805 2497 1980 2563 dixit.
2498 2505 2503 2510 '

917 2608 986 2669 3⁰
1019 2606 1146 2668 Nec
1178 2604 1400 2687 Sporer
1423 2623 1534 2667 nec
1565 2604 1895 2668 Marchant
1918 2606 2188 2689 tangunt
2212 2604 2519 2669 rationem
2552 2605 2727 2668 illam
2751 2606 3012 2670 maioris
3035 2624 3198 2670 secu-

734 2710 953 2771 ritatis
976 2710 1039 2771 et
1071 2708 1207 2770 viae
1233 2706 1603 2770 tutissimae.
1638 2707 1799 2770 Tota
1824 2707 2047 2771 horum
2078 2707 2239 2771 ratio
2267 2711 2393 2783 est3
2421 2708 2568 2788 quia
2600 2707 2704 2789 (ut
2727 2707 2817 2770 ait
2841 2707 3197 2792 Marchant)

737 2812 855 2875 hoc
890 2810 1245 2873 insinuatur
1281 2808 1344 2872 in
1391 2808 1702 2892 parabolis
1741 2809 2065 2893 Evangelii
2110 2810 2183 2873 de
2240 2806 2606 2891 Viryimhus
2634 2808 3067 2891 viyilantibvw‚
3102 2811 3197 2874 vel

740 2917 804 2978 in
836 2914 1276 2991 admonitione,
1311 2915 1385 2977 ut
1415 2916 1835 2997 exspectemus
1869 2914 2210 2978 Dominum
2230 2915 2552 2993 praecinit
2582 2914 2837 2978 lembo&
2889 2913 3060 2994 Quae
3108 2935 3199 2981 ar-

737 3020 1040 3103 gumenta
1079 3016 1142 3079 in
1172 3034 1303 3080 rem
1335 3017 1612 3080 nostram
1645 3035 1897 3099 prorsus
1930 3016 2265 3080 inefficacia
2306 3017 2468 3080 sunt.

830 3115 985 3189 147.
1023 3118 1313 3183 Ceterum
1339 3119 1500 3183 ratio
1533 3118 1705 3183 dubii
1730 3120 1845 3196 est,
1874 3119 2020 3200 quia
2046 3137 2167 3182 non
2199 3121 2293 3182 est
2325 3119 2398 3182 de
2429 3118 2566 3196 fide,
2600 3138 2721 3183 non
2755 3120 2982 3201 requiri
3009 3122 3200 3186 etiam

735 3240 882 3285 cum
900 3220 1300 3286 Sacramento
1316 3221 1732 3303 poenitentiae
1751 3219 2187 3285 contritionem
2203 3221 2555 3303 perfectam.
2576 3222 2676 3285 Ita
2694 3220 2871 3286 Suar.
2897 3222 2971 3286 de
2986 3222 3196 3289 Car-it.

735 3323 896 3407 disp.
933 3327 991 3387 5.
1028 3324 1175 3388 sect.
1210 3324 1272 3387 3.
1314 3344 1373 3387 11.
1411 3325 1509 3387 3.:
1543 3323 1608 3386 in
1642 3323 1906 3387 articulo
1941 3324 2150 3387 autem
2196 3324 2417 3388 mortis
2450 3323 2651 3388 tutius
2686 3327 2780 3389 est
2825 3324 3196 3411 eligendum.

740 3426 936 3508 Atqui
967 3426 1285 3490 tutissima
1332 3428 1427 3489 est
1458 3425 1759 3501 doctrina,
1794 3424 2182 3490 attritionem
2212 3426 2493 3490 sufficere
2530 3426 2592 3490 in
2632 3426 3032 3494 Sacramento
3065 3448 3202 3513 poe-

737 3528 1055 3593 nitentiae.
1106 3529 1189 3591 Et
1234 3547 1379 3592 sane
1425 3526 1803 3609 principium
1834 3526 1907 3590 de
1944 3527 2177 3592 tutiore
2209 3528 2488 3611 eligendo
2539 3528 2724 3604 valet,
2773 3549 2915 3593 cum
2959 3550 3058 3596 res
3105 3534 3200 3597 eet

733 3631 951 3696 dubia:
1005 3633 1072 3694 in
1118 3630 1304 3695 dubio
1347 3630 1541 3692 tutius
1586 3632 1682 3691 est
1725 3627 2116 3711 eliyendum:
2156 3631 2331 3712 atqui
2378 3632 2544 3694 certa
2592 3633 2686 3693 est
2732 3630 3013 3697 doctrina
3045 3635 3197 3700 satis

734 3752 867 3797 esse
914 3734 1304 3797 attritionem
1347 3733 1414 3795 in
1463 3750 1723 3795 sacram.
1776 3731 2015 3795 Poenit.
2066 3732 2341 3795 Debilior
2387 3749 2532 3795 vero
2578 3734 2675 3795 est
2720 3733 2884 3797 ratio
2920 3731 3195 3800 Coninck

733 3834 891 3916 disp.
921 3834 1024 3895 24.
1066 3855 1124 3896 n.
1160 3834 1265 3896 51.
1316 3852 1456 3896 cum
1492 3833 1818 3910 Valentia3
1869 3834 2017 3915 quia
2061 3833 2207 3897 licet
2252 3833 2493 3897 certum
2538 3834 2641 3912 sit,
2693 3834 2973 3901 sufficere
3022 3839 3197 3903 attri-

737 3939 987 4012 tionem,
1035 3938 1246 4000 tamen
1292 3955 1414 4000 non
1462 3955 1678 4000 sumus
1717 3938 1890 4010 certi,
1931 3956 2042 4000 nos
2074 3938 2298 4001 habere
2335 3938 2741 4003 sufficientem
2776 3941 3191 4006 attritionem:

733 4041 1091 4124 quasivero
1140 4053 1417 4102 memus
1461 4041 1526 4101 et
1573 4052 1832 4101 csnrms
1880 4038 2019 4101 elici
2054 4040 2203 4101 tnnc
2252 4039 2449 4120 possit
2481 4043 2656 4106 actus
2705 4041 3009 4124 perfectae
3047 4044 3195 4108 cari-

736 4144 916 4208 tatis!
953 4142 1048 4206 Sit
1080 4160 1225 4225 ergo
1263 4140 1615 4219 probabilis
1660 4141 1725 4203 et
1770 4139 2148 4203 consulenda
2179 4141 2328 4206 haec
2375 4145 2698 4221 sententia,
2735 4146 2810 4208 ut
2841 4144 2933 4210 ait
2963 4145 3194 4210 Palaus

733 4246 776 4308 1.
812 4265 862 4307 c.
899 4265 956 4307 n.
994 4246 1053 4306 9.
1092 4245 1147 4326 ξ.
1186 4244 1268 4322 5.,
1303 4261 1493 4323 quam
1526 4243 1733 4306 tamen
1761 4242 1930 4306 reiici
1963 4242 2040 4306 ab
2077 4243 2241 4308 Azor
2271 4246 2335 4309 et
2366 4242 2632 4310 Sanchez
2664 4246 2833 4310 dicit.

823 4346 1144 4429 Laymann
1179 4365 1321 4409 vero
1363 4345 1440 4409 ab
1478 4346 1552 4409 A.
1587 4346 1900 4430 allegatus
1947 4347 2163 4429 utique
2201 4349 2644 4432 praecedentia,
2679 4348 2785 4413 sed
2817 4369 2938 4414 non
2965 4354 3196 4435 postre-

732 4467 903 4512 mam
935 4447 1093 4510 hanc
1125 4448 1476 4531 opinionem
1509 4448 1715 4513 habet.

822 4551 968 4627 Alii,
1009 4570 1068 4614 v.
1101 4571 1193 4635 gr.
1229 4551 1546 4617 Benacina
1582 4553 1624 4615 l.
1667 4554 1728 4616 3.
1771 4573 1830 4636 q.
1880 4555 1941 4618 4.
1969 4575 2027 4638 p.
2064 4556 2124 4621 2.
2168 4555 2455 4620 Valentia
2502 4557 2616 4620 etc.
2651 4557 2935 4621 caritatis
2983 4561 3191 4623 actum
