3497 5147
647 309 757 364 566
959 323 1170 364 masor.
1201 323 1279 365 v1.
1301 322 1463 365 sacr.
1491 323 1584 365 111.
1605 323 1692 364 nn
1714 323 1938 364 ‘mm-10
1962 323 2179 365 ramo.
2206 322 2532 365 nncAme.
2557 323 2699 366 nun.
2729 324 2818 364 111.
2968 311 3110 381 [770]

653 418 765 472 talis
802 420 1043 481 damnare,
1073 418 1115 472 si
1152 417 1264 484 quis
1302 421 1437 482 duas
1467 427 1552 473 aut
1579 427 1679 473 tres
1704 423 1855 472 horas
1885 418 2147 487 impendat.
2183 420 2295 474 Vid.
2323 420 2428 474 Fill.
2455 427 2491 473 t.
2520 420 2605 474 27.
2631 435 2676 474 c.
2705 423 2746 474 l.
2774 437 2821 487 q.
2855 424 2899 474 1.
2923 436 2970 474 n.
2995 424 3112 476 105.

651 505 702 556 ln
737 501 1011 556 forensibus
1036 509 1198 556 autem
1224 509 1274 556 et
1297 503 1613 557 iudicialibus
1639 503 1872 557 materiae
1899 504 2215 570 quantitatem
2244 519 2339 559 uon
2365 519 2426 558 ex
2452 504 2721 573 quantitate
2747 506 3000 572 temporis,
3026 508 3112 561 sed

651 587 884 653 qualitate
923 587 1084 653 operis
1121 590 1487 654 desumendum,
1516 595 1681 643 monet
1706 591 1884 643 Escob.
1914 592 1966 642 Ε.
1991 591 2040 643 5.
2069 605 2112 643 c.
2141 592 2190 644 3.
2217 605 2262 642 n.
2295 590 2376 643 14.
2404 604 2465 643 ex
2501 592 2645 644 Palao
2683 594 2714 643 l.
2747 592 2793 642 1.
2821 598 2883 643 tr.
2912 593 2960 643 9.
2990 592 3038 643 d.
3065 595 3113 645 2.

654 688 703 739 ρ.
729 674 779 726 3.
807 687 853 725 n.
884 673 932 725 4.
959 672 1039 726 Sic
1063 686 1215 737 grave
1240 680 1492 739 peccatum
1531 688 1639 728 esse
1677 673 1849 728 asserit
1886 673 2216 728 venditionem
2242 674 2316 728 rei
2341 673 2499 739 magni
2533 674 2781 736 momenti,
2810 689 2919 728 cum
2948 690 3117 740 magna

654 757 997 824 sollemnitate,
1024 757 1139 812 licet
1159 758 1299 812 brevi
1328 765 1544 825 tempore
1565 761 1666 812 flat.
1689 761 1834 827 Quod
1861 758 2079 823 intellige
2099 758 2389 828 (secundum
2413 758 2678 827 praedicta)
2701 758 2793 813 nisi
2814 762 3116 814 consuetudo

659 846 740 898 vel
776 844 1045 899 necessitas
1081 852 1300 899 excuset.

748 961 925 1036 7¹10.
960 966 1149 1029 Multi
1179 967 1383 1031 multa
1421 967 1726 1044 dixerunt,
1768 967 1873 1031 alii
1920 968 2142 1044 laxiuS,
2185 969 2293 1032 alii
2338 967 2619 1053 rigidius
2662 965 2723 1032 S.
2764 967 3118 1050 Alphonsus

659 1090 719 1132 n.
748 1069 898 1132 305.
926 1067 1257 1145 concludit,
1282 1069 1756 1133 communiorem
1789 1071 1852 1133 et
1864 1068 2351 1149 probabiliorem
2383 1070 2754 1134 sententiam
2778 1088 2941 1132 nunc
2971 1086 3117 1145 esse,

659 1189 783 1235 non
815 1169 1053 1252 peccari
1096 1170 1468 1247 mortaliter,
1508 1171 1626 1235 nisi
1655 1172 1978 1236 laboretur
2005 1172 2279 1237 multum
2310 1172 2478 1236 ultra
2526 1171 2681 1236 duas
2712 1172 2917 1249 horaS,
2945 1190 3001 1235 v.
3027 1189 3119 1255 gr.

662 1274 819 1340 duas
849 1274 1036 1338 horas
1067 1294 1210 1340 cum
1244 1274 1521 1339 dimidio,

757 1376 823 1442 Si
860 1375 1068 1458 aliqua
1106 1378 1318 1441 autem
1349 1396 1537 1442 causa
1568 1396 1676 1442 seu
1708 1378 2042 1442 necessitas
2075 1377 2211 1461 (per
2243 1396 2305 1442 se
2343 1397 2465 1442 non
2503 1375 2811 1441 sufficiens
2847 1375 2920 1439 ad
2956 1392 3126 1439 excu-

664 1478 957 1562 sandum)
982 1479 1311 1558 accederet,
1339 1480 1469 1544 sine
1494 1480 1672 1563 gravi
1697 1480 1879 1563 culpa
1906 1480 2083 1543 aiunt
2114 1499 2243 1545 esse
2276 1480 2470 1544 trium
2500 1480 2796 1544 horarum
2826 1476 3123 1542 laborem.

756 1584 942 1648 quta
963 1584 1247 1667 regulam
1271 1582 1368 1661 A„
1394 1584 1446 1646 si
1469 1583 1648 1648 labor
1671 1602 1792 1647 non
1821 1582 1903 1646 sit
1934 1583 2116 1647 nimis
2143 1583 2381 1647 servilis
2406 1585 2470 1647 et
2492 1581 2860 1666 defatiganS‚
2890 1578 3123 1661 aliquid

665 1686 869 1750 laxius
915 1684 1169 1768 quidam
1200 1686 1544 1769 generatim
1591 1685 1950 1750 concedunt.
1985 1685 2182 1749 Valde
2217 1685 2436 1749 servile
2467 1687 2530 1749 et
2568 1683 2916 1767 defatigans
2951 1681 3126 1746 aiunt

670 1808 802 1854 esse
832 1788 1079 1853 caedere
1110 1787 1367 1871 lapides,
1403 1806 1577 1852 arare
1613 1790 1848 1852 terram
1881 1790 1995 1852 etc.
2031 1787 2246 1868 Quoad
2278 1789 2657 1873 gravitatem
2689 1787 2752 1850 in
2785 1805 2848 1849 re
2881 1784 3127 1862 forensi,

671 1891 829 1955 nihil
865 1891 940 1955 A.
975 1890 1342 1954 addendum.

761 1991 984 2055 Censet
1030 1992 1412 2073 probabilius
1463 1994 1525 2056 et
1571 1993 1720 2057 dicit
1769 1993 2157 2058 communius
2206 2013 2254 2058 s.
2289 1992 2473 2076 Alph.
2508 2013 2567 2056 n.
2605 1992 2777 2067 306.,
2811 1989 2977 2072 quod
3024 1988 3131 2070 qui

673 2094 973 2179 praecipit
1021 2093 1301 2176 pluribus
1336 2094 1613 2159 laborem
1651 2096 1713 2159 in
1753 2095 1849 2159 die
1881 2094 2060 2174 fest0,
2096 2115 2217 2160 non
2249 2098 2462 2179 peccat
2495 2095 2791 2180 graviter,
2819 2094 2870 2157 si
2904 2092 3136 2176 singuli

674 2196 1031 2262 laborantes
1062 2195 1302 2260 ratione
1334 2197 1631 2261 materiae
1665 2198 2036 2261 excusantur
2069 2217 2104 2261 a
2142 2198 2413 2275 mortali,
2448 2198 2577 2262 sive
2609 2196 2673 2260 hi
2705 2196 2893 2261 simul
2926 2194 3137 2259 eodem

680 2304 977 2384 tempore,
1004 2299 1131 2363 sive
1162 2300 1500 2364 successive
1530 2300 1832 2364 laborent.
1866 2324 1902 2358 ‹
1927 2301 2136 2378 Ratio,
2176 2301 2323 2384 quia
2362 2320 2581 2382 operae
2613 2299 2994 2363 famulorum
3017 2315 3141 2360 non

681 2404 985 2468 uniuntur
1017 2402 1080 2466 in
1111 2420 1331 2478 unum3
1382 2403 1598 2484 nequit
1645 2404 1856 2466 autem
1903 2402 2189 2466 dominus
2237 2421 2483 2485 peccare
2529 2401 2752 2486 magis,
2787 2419 2976 2483 quam
3023 2398 3141 2482 ipsi

682 2503 924 2583 famuli,
958 2504 1066 2587 qui
1098 2506 1346 2568 tantum
1377 2504 1598 2568 leviter
1635 2504 1956 2587 peccarent
1987 2528 2048 2567 ι».
2085 2504 2183 2568 Ita
2222 2523 2270 2567 s.
2305 2504 2489 2587 Alph.

1756 2729 1918 2791 DUB.
1958 2728 2074 2793 III.

1308 2866 1477 2947 Quae
1509 2886 1697 2947 opera
1726 2867 1828 2929 dic
1856 2864 2013 2946 festo
2031 2867 2533 2947 praecipiant-ur.

798 3040 958 3093 XXll.
984 3041 1130 3105 Resp.
1160 3038 1461 3106 praecipitur
1502 3041 1541 3091 t.
1571 3037 1770 3092 Auditio
1809 3038 2071 3099 concioniS.
2099 3054 2194 3091 nun
2223 3045 2381 3093 tamen
2420 3042 2511 3092 sub
2550 3040 2759 3102 mortali,
2788 3040 2879 3094 nisi
2905 3049 3144 3106 quatenus

691 3125 901 3194 quisque
925 3132 1117 3179 tenetur
1141 3124 1333 3178 discere
1358 3124 1631 3177 necessaria
1652 3125 1711 3176 ad
1741 3125 1965 3177 salutem.
1989 3124 2051 3176 V.
2072 3122 2271 3177 Triden.
2295 3137 2417 3177 sess.
2444 3124 2528 3177 24.
2550 3138 2592 3177 c.
2618 3125 2667 3176 4.
2693 3123 2759 3178 de
2785 3124 3023 3194 Reform.
3040 3127 3150 3183 Fill.

693 3208 794 3271 hic,
814 3224 858 3261 c.
877 3212 926 3261 8.
943 3211 1061 3261 Bon.
1086 3216 1121 3261 t.
1146 3211 1191 3262 1.
1213 3212 1262 3263 d.
1280 3211 1331 3262 5.
1349 3224 1398 3274 q.
1422 3211 1468 3262 1.
1491 3223 1540 3275 p.
1560 3212 1608 3261 2.
1627 3222 1673 3261 n.
1698 3208 1781 3260 27.
1803 3211 1943 3260 Suar.
1964 3214 2056 3260 etc.
2074 3207 2203 3267 Dixi,
2226 3207 2339 3262 nisi
2357 3212 2633 3277 quatenus
2652 3214 2746 3263 ete.
2758 3223 2773 3275 ;
2793 3209 2905 3275 quia
2929 3210 3150 3264 homines

695 3293 920 3347 rudiores
942 3292 1221 3356 ignorantes
1248 3293 1510 3361 praecipua
1549 3291 1780 3357 mysteria
1808 3291 1937 3355 ndei,
1969 3307 2025 3346 ea
2065 3292 2370 3359 praesertim,
2396 3307 2523 3358 quae
2559 3295 2650 3347 sub
2689 3293 2829 3357 gravi
2856 3294 3153 3359 obligatione

694 3393 781 3431 eos
817 3377 943 3431 scire
981 3378 1136 3433 teneri
1173 3379 1354 3432 dictum
1393 3385 1443 3431 et
1479 3392 1625 3445 supra
1652 3376 1718 3430 de
1756 3377 2032 3446 Praecept.
2075 3376 2243 3440 Fidei,
2273 3384 2500 3430 tenentur
2536 3377 2644 3441 lege
2680 3377 2902 3432 caritatis
2930 3378 2993 3445 (si
3031 3379 3152 3435 alias

696 3478 752 3517 ea
789 3465 1043 3517 commode
1079 3462 1333 3516 addiscere
1371 3477 1466 3515 non
1506 3459 1713 3527 possint)
1755 3464 1848 3513 sub
1890 3461 2031 3525 gravi
2070 3469 2270 3528 peccato
2307 3460 2546 3526 concioni,
2588 3464 2666 3514 vel
2710 3462 2873 3528 potius
2910 3462 3151 3517 catechesi

691 3547 942 3602 interesse.
970 3549 1087 3600 Bon.
1110 3549 1158 3600 d.
1179 3550 1228 3600 3.
1249 3547 1297 3600 in
1323 3561 1486 3614 praec.
1508 3548 1559 3599 5.
1582 3561 1628 3599 n.
1651 3549 1734 3600 28.
1765 3548 1947 3600 addens
1972 3561 2032 3599 eo
2057 3561 2174 3599 casu
2201 3546 2483 3600 concionem
2511 3545 2657 3599 etiam
2685 3544 2858 3600 Missae
2887 3551 3153 3613 praeteren-

696 3635 807 3686 dam
845 3646 971 3686 esse.
996 3634 1153 3686 Trull.
1180 3633 1212 3686 l.
1246 3635 1291 3684 1.
1319 3646 1362 3685 c.
1398 3635 1445 3685 1.
1473 3634 1520 3684 d.
1551 3633 1597 3684 4.
1627 3646 1672 3684 n.
1704 3634 1788 3685 12.
1816 3635 1929 3695 Fag.
1958 3639 2051 3685 etc.
2079 3635 2129 3683 2.
2158 3629 2461 3695 praecipitur
2498 3629 2699 3696 speciali
2736 3639 3000 3698 praecepto
3034 3633 3156 3686 obli·

695 3725 839 3783 gante
876 3720 970 3770 sub
996 3716 1205 3783 mortali,
1230 3717 1401 3771 audire
1428 3717 1639 3783 Missam,
1666 3722 1762 3771 hoc
1787 3724 1863 3770 est
1889 3715 2063 3769 morali
2088 3722 2139 3769 et
2176 3718 2384 3767 humana
2422 3715 2697 3770 assistentia
2738 3716 2844 3771 sive
2881 3719 3154 3784 praesentia

700 3803 747 3857 ei
781 3803 1034 3856 interesse.
1060 3806 1148 3856 Est
1184 3802 1454 3856 communis
1490 3818 1551 3856 ex
1589 3818 1695 3869 cap.
1727 3801 1929 3857 Omnes
1966 3799 2145 3869 fideles
2172 3805 2220 3853 et
2258 3813 2319 3852 ex
2356 3814 2463 3866 cap.
2490 3801 2708 3868 Missae,
2734 3801 2800 3856 dc
2838 3802 3154 3859 consecrat.

699 3886 813 3941 dist.
848 3890 890 3939 1.
908 3894 1074 3940 contra
1099 3889 1221 3951 Aug.
1250 3894 1299 3940 et
1324 3890 1583 3951 Rosetlam‚
1611 3885 1693 3952 qui
1722 3888 1874 3938 semel
1904 3887 1979 3936 vel
2008 3883 2181 3936 iterum
2208 3881 2470 3951 negligere,
2493 3884 2660 3940 dicunt
2678 3901 2787 3940 esse
2811 3886 3016 3940 veniale.
3034 3887 3152 3942 *Est

702 3980 950 4039 praeterea
982 3973 1206 4025 damnata
1244 3976 1363 4026 haec
1404 3975 1607 4038 Propos-
1634 3972 1694 4023 ab
1724 3973 1970 4024 innocent.
1999 3969 2085 4021 xl.
2115 3970 2318 4033 propos.
2345 3969 2430 4022 52.
2461 3970 2682 4035 'Obligat
2716 3974 2811 4026 hoc
2838 3981 3151 4039 praeceptum

701 4057 928 4112 omnibus
955 4056 1111 4112 Festis
1143 4072 1312 4110 omnes
1340 4055 1613 4122 baptizatos
1653 4067 1792 4107 usum
1832 4050 2037 4104 rationis
2065 4055 2325 4106 babentes:
2355 4069 2449 4107 non
2488 4060 2650 4108 autem
2688 4055 2913 4119 infantes,
2944 4063 3160 4110 amentes

703 4143 782 4197 vel
820 4146 1215 4196 catechumenos,
1247 4139 1388 4192 Ratio
1415 4138 1599 4205 primae
1627 4136 1780 4205 partis
1807 4142 1897 4199 est,
1928 4137 2038 4202 quia
2067 4144 2141 4190 est
2169 4135 2458 4193 universale.
2487 4137 2628 4193 Ratio
2663 4141 2907 4193 secundae
2932 4146 3024 4203 est,
3050 4139 3161 4207 quia

702 4226 1029 4282 assistentiam
1070 4228 1329 4276 humanam
1368 4226 1549 4276 nabere
1588 4237 1684 4277 non
1723 4226 1946 4287 possunt.
1974 4221 2116 4275 Ratio
2155 4221 2330 4275 tertiae
2369 4230 2460 4289 est,
2487 4222 2599 4290 quia
2640 4238 2735 4278 non
2775 4231 2889 4278 sunt
2913 4225 3163 4279 Ecclesiae

705 4309 929 4365 subiecti.
955 4308 1010 4361 C.
1039 4310 1173 4372 Lugo
1200 4310 1246 4362 d.
1275 4311 1360 4362 22.
1388 4323 1427 4361 s.
1464 4309 1505 4360 l.
1532 4313 1580 4360 et
1607 4311 1655 4360 2.
1684 4321 1744 4359 ex
1772 4307 1893 4359 Nav.
1915 4308 2090 4361 Sancti.
2117 4313 2165 4361 et
2190 4306 2363 4363 Conin.

800 4425 952 4498 771.
1002 4429 1180 4509 Quod
1227 4430 1467 4513 spectat
1513 4430 1589 4493 ad
1633 4428 2002 4494 audiendam
2061 4429 2436 4503 concionem,
2486 4429 2754 4505 adverte,
2803 4446 2924 4495 non
2974 4431 3168 4496 teneri

706 4532 914 4599 fideles
948 4532 1064 4597 sub
1096 4531 1294 4617 gravi,
1327 4532 1447 4598 nisi
1486 4533 1538 4599 si
1572 4532 1860 4620 ignorent
1907 4552 1998 4606 ea,
2039 4550 2196 4616 quae
2229 4531 2344 4595 sub
2390 4530 2568 4616 gravi
2600 4531 2753 4597 scire
2785 4533 3075 4598 tenentur
3104 4536 3167 4599 et
