3497 5147
704 343 813 400 784
1029 357 1241 398 macr.
1265 358 1345 398 vr.
1366 357 1527 399 sacr.
1551 358 1655 399 vu.
1683 358 1769 397 nn:
1792 357 2029 398 ocu-Avo
2053 356 2270 398 vaano.
2300 355 2628 397 pacamur.
2648 355 2791 398 nna.
2812 355 2851 395 1.
2983 339 3165 416 [1056]

1805 594 1967 656 Dua.
2005 592 2053 654 1.

1623 748 1794 830 Quid
1826 750 1915 813 sit
1946 749 2237 828 suspicio,

998 850 1297 915 iudicium
1341 854 1738 916 temerarium
1769 857 1830 916 et
1864 850 2173 915 dubitatio
2202 870 2277 914 ac
2309 848 2494 931 quale
2513 852 2854 928 peccatum.

800 1046 855 1096 ΙΙ.
884 1046 1119 1110 suppono
1148 1049 1267 1098 haec
1307 1046 1400 1098 tria
1440 1046 1638 1100 differre
1674 1046 1804 1100 inter
1842 1061 1910 1109 se,
1940 1049 2073 1112 quod
2098 1045 2332 1100 iudicium
2360 1044 2425 1098 sit
2459 1047 2598 1097 firma
2623 1042 2772 1096 animi
2798 1042 3034 1097 sententia
3068 1057 3157 1097 seu

688 1143 919 1182 assensus
955 1129 1288 1183 indubitatus:
1316 1130 1547 1196 suspicio,
1575 1146 1806 1184 assensus
1845 1130 2118 1192 inchoatus»,
2153 1145 2250 1197 quo
2289 1129 2399 1195 quis
2435 1128 2636 1182 inclinat
2676 1127 2726 1181 in
2767 1143 2911 1182 unam
2951 1135 3155 1195 partein,

687 1213 910 1267 iudicans
958 1213 1295 1279 probabiliter,
1332 1216 1484 1268 latere
1523 1214 1719 1280 aliquod
1761 1217 2121 1268 tundamentum
2158 1213 2404 1281 opinandi.
2449 1211 2700 1266 Dubitatio
2739 1219 2900 1265 autem
2940 1226 3037 1265 non
3085 1222 3158 1265 est

688 1312 920 1351 assensus
946 1298 1060 1364 (nisi
1085 1298 1369 1364 causaliter)
1390 1301 1474 1352 sed
1502 1299 1641 1364 quasi
1668 1298 1925 1365 suspensio
1953 1297 2119 1364 animi,
2143 1297 2193 1351 in
2219 1305 2440 1352 neutram
2468 1304 2656 1364 partem
2684 1296 2979 1350 inclinando,
3002 1299 3158 1364 Quae·

687 1381 815 1435 ritur
841 1396 959 1446 ergo
991 1381 1069 1436 hie
1095 1397 1191 1436 non
1230 1385 1291 1436 de
1316 1383 1594 1449 suspicione
1634 1391 1683 1436 et
1721 1383 1904 1437 iudicio
1931 1382 2176 1449 prudenti,
2206 1385 2338 1449 quod
2365 1381 2719 1435 sufficientibus
2745 1379 2940 1434 indiciis
2967 1379 3153 1442 nititur,

686 1468 773 1519 sed
812 1468 874 1519 de
911 1466 1209 1533 imprudenti
1245 1475 1294 1521 et
1332 1467 1601 1530 temerario,
1627 1470 1760 1533 quod
1798 1466 1859 1521 iis
1897 1466 2196 1521 destituitur.
2223 1466 2405 1520 Maiora
2432 1473 2598 1520 autem
2623 1465 2804 1520 indicia
2839 1465 3159 1530 requiruntur

687 1553 746 1604 ad
783 1550 1036 1615 iudicium,
1061 1566 1206 1617 quam
1243 1554 1304 1604 ad
1342 1552 1669 1618 suspicionem
1706 1559 1756 1605 et
1796 1555 1855 1605 ad
1892 1555 2034 1616 hanc,
2061 1566 2206 1617 quam
2244 1553 2305 1604 ad
2346 1549 2717 1604 dubitationem.

779 1674 984 1748 1056.
1019 1680 1054 1716 *
1086 1679 1183 1755 Α..
1225 1681 1298 1743 nt
1329 1678 1490 1743 forte
1530 1698 1565 1743 a
1605 1680 1943 1744 levioribus
1984 1679 2311 1755 ordiretur,
2347 1678 2482 1761 agit
2512 1678 2587 1741 de
2619 1677 2716 1741 his
2747 1677 2921 1760 prius
2969 1697 3155 1760 quam

684 1783 758 1846 de
812 1783 1193 1847 detractione
1255 1785 1318 1847 et
1363 1783 1762 1848 contumelia.
1821 1782 2091 1847 Claritas
2138 1782 2386 1864 quidem
2434 1782 2819 1864 postulasset
2866 1783 2940 1844 ut
2986 1783 3156 1863 prius

683 1884 758 1949 de
805 1884 945 1948 istis
991 1903 1192 1949 sermo
1249 1885 1615 1949 haberetur:
1684 1886 1754 1950 at
1799 1886 1928 1949 sine
1976 1884 2155 1969 gravi
2201 1883 2594 1948 incommodo
2642 1883 2789 1947 licet
2833 1885 2910 1947 A.
2962 1885 3153 1965 sequi,

682 1987 1007 2069 supposita
1056 1989 1369 2052 communi
1415 1988 1667 2053 notione
1714 1989 1788 2052 de
1833 1989 1968 2052 iure
2014 1986 2286 2052 hominis
2311 1979 2398 2050 'ad
2438 1987 2978 2051 conservationem
3010 2006 3159 2051 suae

681 2087 911 2152 famae.

773 2190 921 2255 Tria
967 2191 1301 2276 distinguit
1343 2192 1420 2256 A.
1469 2192 1937 2269 ᾱτιόίΐαιὶοπεφη,
1987 2194 2423 2273 suspicionem,
2470 2191 2814 2255 iudicium.-
2861 2196 3155 2274 quartum

681 2294 789 2358 alii
821 2293 1059 2359 addunt
1089 2294 1276 2380 (Lug.
1311 2296 1386 2358 de
1409 2296 1671 2360 Iustitia
1695 2301 1758 2358 et
1776 2296 1928 2359 Iure
1953 2295 2108 2377 disp.
2148 2296 2250 2359 14.
2286 2316 2346 2359 11.
2387 2297 2541 2377 10.),
2568 2296 2644 2358 ut
2677 2294 2806 2359 sint
2827 2293 3152 2371 dubitatio,

677 2398 968 2477 suspicio,
1003 2398 1233 2477 opinio,
1273 2399 1571 2461 iudicium
1603 2398 1875 2478 firmum.
1919 2399 1978 2462 S.
2015 2398 2293 2462 Thomas
2326 2416 2357 2460 e
2396 2397 2713 2462 contrario
2746 2394 2870 2461 duo
2903 2398 3155 2460 tantum

679 2499 1033 2585 distinguit,
1084 2520 1241 2583 quae
1288 2503 1605 2583 praeterea
1653 2501 1769 2564 sub
1801 2519 1925 2565 uno
1959 2500 2206 2564 nomine
2246 2498 2715 2584 comprehendit
2758 2498 3152 2580 suspicioms.

678 2604 789 2669 Ait
820 2605 985 2667 enim
1012 2606 1072 2666 2.
1109 2605 1168 2665 2.
1197 2622 1255 2683 q.
1285 2604 1388 2666 60.
1427 2622 1482 2666 a.
1518 2604 1578 2666 3.
1613 2628 1648 2660 «
1681 2602 1962 2686 Suspicio
1989 2604 2300 2685 importat
2327 2601 2677 2686 opinionem
2707 2601 2880 2677 mali,
2907 2601 3155 2683 quando

681 2726 752 2771 ex
784 2706 1023 2770 levibns
1061 2705 1304 2769 indiciis
1351 2705 1644 2788 procedit.
1693 2706 1943 2771 Primus
1990 2705 2229 2790 gradus
2276 2706 2391 2781 est,
2441 2705 2518 2768 ut
2563 2705 2749 2769 homo
2796 2722 2868 2769 ex
2915 2704 3152 2768 levibus

677 2807 920 2872 indiciis
973 2807 1048 2871 de
1093 2808 1372 2872 bonitate
1438 2808 1701 2873 alicuius
1748 2809 2036 2872 dubitare
2087 2808 2348 2891 incipiat
2393 2808 2459 2871 et
2503 2806 2621 2871 hoc
2666 2809 2762 2871 est
2806 2806 3047 2871 veniale
3092 2809 3154 2870 et

676 2909 810 2973 leve
843 2912 1226 2992 peccatum...
1262 2909 1577 2976 Secundus
1611 2912 1843 2996 gradus
1876 2913 1989 2987 est,
2024 2930 2166 2975 cum
2207 2910 2439 2991 aliquis
2476 2927 2587 2992 pro
2635 2911 2802 2973 certo
2841 2909 3151 2973 malitiam

675 3011 934 3076 alterius
968 3014 1262 3078 aestimat
1308 3033 1377 3078 ex
1425 3014 1665 3079 levibus
1712 3013 1956 3077 indiciis
1989 3016 2055 3077 et
2086 3014 2224 3090 hoc,
2260 3012 2315 3076 si
2353 3012 2440 3076 sit
2475 3011 2549 3077 de
2582 3012 2793 3093 aliquo
2824 3013 3026 3097 gravi,
3058 3014 3151 3076 est

674 3117 998 3198 peccatum
1043 3117 1310 3181 mortale
1342 3142 1403 3181 ».
1454 3117 1642 3180 Forte
1691 3118 1756 3178 et
1801 3116 1965 3179 hunc
2019 3118 2230 3180 actum
2263 3133 2311 3178 s.
2345 3114 2622 3179 Thomas
2657 3114 2775 3179 sub
2804 3116 3152 3194 suspicione

672 3219 1155 3301 comprehendit,
1190 3238 1262 3284 eo
1297 3219 1462 3300 quod
1496 3217 1733 3281 levibus
1765 3217 2023 3281 indiciis
2054 3217 2281 3281 nititur
2312 3218 2378 3281 et
2407 3216 2772 3281 firmitatem
2804 3235 2928 3281 non
2966 3218 3154 3282 habet

671 3320 793 3384 nisi
841 3340 911 3385 ex
958 3322 1125 3386 mala
1177 3322 1527 3387 voluntate.
1578 3317 1769 3383 Vides
1809 3338 1952 3395 uno,
2003 3320 2065 3383 h.
2115 3338 2167 3383 e.
2216 3319 2420 3402 priore
2469 3319 2671 3404 gradu
2719 3320 3148 3403 comprehendi

671 3423 971 3505 quidquid
1003 3444 1124 3489 non
1165 3422 1467 3507 pertingit
1498 3421 1575 3484 ad
1608 3425 1841 3484 certam
1877 3422 2416 3498 aestimationem,·
2448 3425 2522 3485 ut
2544 3420 2771 3486 idcirco
2802 3423 3151 3505 promiscue

668 3527 892 3590 utatur
924 3546 972 3589 s.
1007 3528 1264 3603 Doctor,
1314 3525 1378 3588 in
1411 3542 1483 3588 eo
1517 3524 1905 3599 declarando,
1942 3524 2318 3601 nominibus,
2345 3523 2782 3601 dubitationis,
2819 3527 3154 3606 offiniomsss,

667 3628 1066 3707 suspicionis.

760 3728 822 3793 Si
855 3730 1119 3793 velimus
1155 3747 1366 3793 omnes
1406 3730 1581 3792 actus
1631 3733 2032 3794 enumeratos
2069 3729 2474 3813 distinguere,
2509 3729 2808 3811 praestat,
2841 3732 3018 3813 puto,
3043 3750 3146 3795 eos

667 3828 1049 3913 distinguere
1080 3832 1179 3895 vel
1216 3830 1551 3896 secundum
1592 3832 1937 3896 absentiam
1981 3833 2096 3896 aut
2129 3832 2547 3915 praesentiam
2580 3848 2889 3905 assensus,
2932 3833 3030 3898 vel
3059 3853 3147 3898 se-

667 3931 939 3996 cundum
966 3951 1115 4010 rem,
1150 3933 1213 3997 in
1239 3953 1429 4016 quam
1461 3935 1629 3999 cadit
1662 3953 1977 4007 assensus,
2003 3952 2125 4000 non
2159 3932 2498 4000 secundum
2532 3933 2801 3999 indolem
2837 3952 3143 4007 assensus,

666 4035 772 4116 qui
807 4035 891 4099 sit
922 4035 1123 4119 magis
1160 4036 1257 4100 vel
1303 4037 1510 4102 minus
1546 4038 1799 4113 firmus;
1850 4057 1994 4102 nam
2043 4055 2330 4102 assensus
2370 4055 2530 4100 unus
2563 4054 2811 4120 semper
2861 4036 3148 4120 idemque

665 4141 761 4203 est
794 4140 992 4221 specie
1024 4142 1210 4220 atque
1246 4139 1483 4204 firmus.
1523 4139 1772 4204 Scilicet
1818 4141 1911 4203 vel
1947 4158 2131 4203 mens
2162 4139 2483 4223 suspendit
2528 4157 2846 4203 assensum
2886 4142 2949 4203 et
2998 4143 3143 4206 tune

663 4260 786 4307 non
820 4245 996 4306 actus
1029 4242 1133 4306 sed
1168 4243 1373 4307 status
1420 4242 1836 4307 dubitationis
1884 4242 2190 4306 hahetur:
2233 4244 2302 4306 at
2347 4242 2534 4306 simul
2565 4261 2708 4306 cum
2741 4240 2864 4306 ista
2900 4261 3145 4327 suspen-

664 4343 833 4407 sione
868 4363 1151 4410 assensus
1185 4344 1345 4408 eirca
1386 4344 1638 4427 aliquid,
1689 4343 1741 4407 si
1790 4344 2151 4426 praesertim
2213 4344 2539 4428 suspensio
2572 4342 2967 4409 advertenter
3012 4345 3144 4421 fiat,

664 4444 928 4509 habetur
962 4465 1245 4511 assensus
1292 4448 1467 4529 isque
1514 4445 1730 4509 firmus
1779 4446 1840 4509 in
1888 4445 2195 4512 defectum
2252 4446 2503 4528 (saltem
2556 4463 2666 4529 pro
2705 4444 2915 4529 nobis)
2962 4448 3144 4512 moti-

668 4565 886 4611 vorum
921 4548 1271 4612 affirmandi
1322 4552 1433 4612 aut
1481 4548 1747 4630 negandi
1787 4568 1954 4624 rem;
2004 4569 2188 4632 quem
2244 4567 2563 4614 assensum
2613 4566 2826 4630 reapse
2859 4549 3150 4632 exprimit
