3497 5147
682 350 754 405 56
897 363 1109 405 TRAcr.
1152 366 1206 405 v.
1247 363 1413 405 sacr.
1453 364 1491 404 1.
1532 364 1617 402 mr
1655 361 2032 403 manemus
2069 362 2258 402 mom.
2296 361 2496 403 OAPUT
2531 362 2613 402 iv.
2651 362 2793 402 nnn.
2834 360 2926 400 111.
3038 342 3150 418 [80]

682 463 892 544 potest
924 461 1208 526 absolute
1241 461 1445 544 aptari
1476 460 1785 525 Ecclesiae
1833 457 2087 533 Christi,
2114 478 2273 541 quae
2304 460 2400 522 est
2430 458 2736 523 catholica
2768 476 2879 521 seu
2909 457 3149 520 univer-

682 563 853 629 salis.
886 563 1048 626 Hinc
1078 564 1336 626 sectarii
1363 563 1529 627 malo
1564 582 1746 626 sensu
1780 561 1898 626 dici
1932 562 2152 626 solent.
2187 561 2328 625 Vid.
2363 561 2541 646 Lugo
2574 561 2615 625 l.
2656 580 2708 624 c.
2748 581 2850 623 nn.
2886 561 2946 623 3.
2981 561 3042 622 4.

775 664 1015 729 Nomen
1055 665 1374 729 haereseos
1407 665 1678 729 sumitur
1712 663 2067 743 formaliter
2103 665 2167 728 et
2197 662 2504 726 obv'ective.
2540 662 2831 726 Haeresis
2867 660 3149 725 formalis

686 767 914 831 dicitur
931 769 1272 850 peccatum,
1294 787 1330 831 a
1346 786 1470 849 quo
1486 768 1626 849 quis
1637 766 1985 831 formaliter
2007 765 2443 830 denominatur
2457 763 2822 829 haereticus,
2843 762 3152 827 Haeresis

688 871 986 934 obiectiva
1015 870 1244 936 dicitur
1269 872 1579 936 obiectum
1603 869 1778 947 illud,
1797 869 1960 951 quod
1980 869 2138 933 falso
2165 867 2435 932 creditur
2457 867 2556 931 vel
2589 867 2886 931 asseritur
2910 867 2988 930 ab
3013 867 3152 930 hae-

686 973 899 1048 retico,
941 994 997 1036 v.
1039 994 1133 1056 gr.
1175 973 1236 1036 in
1270 975 1399 1038 Deo
1424 974 1697 1055 quatuor
1727 991 1857 1036 esse
1895 990 2221 1055 personas:
2249 972 2312 1034 in
2349 990 2472 1052 qua
2512 970 2849 1035 assertione
2873 968 3152 1032 haeresis

688 1074 987 1137 obiectiva
1018 1076 1113 1139 est
1149 1075 1380 1139 falsum
1416 1075 1574 1139 illud
1598 1075 1764 1156 quod
1789 1074 2084 1149 affirmat,
2113 1073 2246 1156 ipsa
2271 1092 2414 1137 vero
2440 1074 2690 1137 externa
2713 1074 3000 1148 asser-tic,
3027 1091 3150 1153 qua

687 1176 752 1239 id
777 1177 1107 1259 profertur,
1126 1177 1272 1241 licet
1303 1178 1387 1241 sit
1412 1177 1721 1241 obiectum
1738 1175 2085 1241 voluntatis
2109 1175 2386 1239 internae
2410 1176 2775 1253 haereticae,
2794 1193 2916 1239 non
2941 1176 3152 1238 tamen

685 1278 915 1341 dicitur
944 1278 1213 1343 haeresis
1253 1278 1577 1351 obiectiva,
1619 1278 1723 1341 sed
1756 1278 2026 1341 haeresis
2074 1276 2363 1356 fernmlis
2388 1279 2657 1352 externa,
2693 1296 2852 1358 quae
2882 1275 3153 1340 denomi-

689 1382 876 1444 natur
906 1381 1175 1445 haeresis
1214 1383 1277 1445 et
1308 1381 1733 1463 peccaminosa
1783 1380 1860 1444 ab
1907 1380 2041 1462 ipsa
2082 1380 2408 1444 voluntate
2441 1380 2684 1443 interna
2731 1379 3044 1443 haeretica
3090 1382 3151 1443 et

688 1482 874 1546 mala.
909 1482 1112 1561 Quare
1155 1482 1211 1546 si
1242 1482 1533 1547 voluntas
1574 1483 1817 1546 interna
1846 1501 1967 1546 non
2015 1482 2177 1546 esset
2221 1482 2388 1547 mala
2436 1483 2687 1565 propter
2731 1481 3150 1565 ignorantiam

690 1585 788 1648 vel
810 1584 1349 1660 inadvertentiam‚
1369 1603 1548 1648 voces
1573 1585 1857 1648 externae
1881 1603 2002 1648 non
2028 1586 2232 1648 essent
2264 1585 2532 1648 haeresis
2564 1584 2845 1649 formalis
2879 1586 3149 1659 externa,

690 1686 793 1750 sed
833 1687 1037 1751 solum
1068 1686 1431 1750 materialis,
1466 1686 1790 1751 Obiectum
1815 1690 2025 1750 tamen
2063 1687 2268 1768 ipsum
2294 1704 2532 1769 semper
2564 1687 2660 1749 est
2689 1686 2960 1749 haeresis
2993 1685 3153 1749 obie-

691 1787 856 1851 ctiva
890 1808 999 1852 nec
1029 1789 1146 1852 hoc
1182 1788 1405 1871 pendet
1437 1808 1471 1851 a
1504 1788 1686 1871 culpa
1720 1788 2119 1863 affirmantis:
2156 1788 2303 1870 quia
2352 1787 2662 1852 obiectum
2695 1805 2933 1870 semper
2971 1805 3153 1869 oppo-

688 1890 862 1953 nitur
910 1890 1162 1954 veritati
1206 1891 1536 1963 revelatae,
1587 1890 1752 1972 quod
1790 1891 2023 1954 sufficit
2069 1891 2147 1953 ad
2193 1890 2495 1954 haeresim
2544 1890 2936 1954 obiectivam.
2974 1889 3151 1974 Lugo

690 1993 733 2056 l.
776 2011 827 2054 c.
864 2013 922 2056 n.
970 1994 1027 2055 1.

781 2093 936 2158 Heic
975 2095 1240 2160 occurrit
1286 2094 1644 2177 explicanda
1684 2094 2013 2167 sententia,
2046 2113 2238 2176 quam
2284 2096 2427 2177 post
2472 2094 2854 2179 Magistrum
2900 2092 3154 2158 Senten-

690 2199 924 2262 tiarum
950 2217 998 2261 s,
1026 2198 1298 2261 Thomas
1333 2199 1392 2259 2.
1423 2199 1481 2259 2.
1510 2216 1567 2277 q.
1600 2197 1701 2258 11.
1739 2198 1856 2259 art.
1887 2197 1945 2258 2.
1975 2215 2218 2280 argum.
2247 2199 2307 2259 2.
2336 2197 2559 2260 tribuit
2583 2197 2985 2281 Hieronymo,
3011 2197 3155 2261 licet

691 2299 756 2361 in
789 2300 1035 2381 scriptis
1067 2298 1433 2382 Hieronymi
1471 2317 1592 2361 non
1627 2298 2006 2362 inveniatur:
2050 2322 2085 2355 «ε
2117 2297 2227 2361 Ex
2262 2298 2466 2361 verbis
2504 2299 2861 2362 inordinate
2881 2298 3155 2379 prolatis

692 2403 770 2484 fit
799 2402 1075 2468 haeresis
1092 2430 1152 2467 ».
1180 2404 1344 2468 Nam
1368 2403 1563 2467 videri
1587 2403 1811 2485 potest,
1840 2403 2003 2484 quod
2029 2404 2136 2484 qui
2162 2405 2292 2468 sine
2329 2405 2573 2469 malitia
2598 2405 2946 2470 inordinate
2970 2406 3154 2470 verba

690 2505 986 2590 proferat,
1012 2506 1221 2588 potius
1247 2507 1460 2588 peccat
1484 2506 1699 2568 contra
1722 2506 2169 2588 grammaticae
2199 2507 2468 2592 regulae,
2497 2526 2686 2590 quam
2710 2510 2926 2571 contra
2948 2507 3151 2583 fidem,

688 2611 743 2674 si
781 2628 1031 2673 sensum
1063 2627 1185 2672 non
1224 2608 1411 2670 habet
1453 2626 1733 2689 pravum.
1768 2608 1855 2671 At
1893 2627 2106 2673 sensus
2139 2610 2251 2686 est,
2294 2610 2459 2693 quod
2497 2611 2763 2675 variatio
2803 2611 3150 2687 verborum,

688 2731 849 2793 quae
898 2711 1097 2792 prima
1145 2708 1299 2773 facie
1347 2728 1637 2792 apparere
1686 2712 1894 2792 potest
1940 2711 2095 2775 levis
2144 2713 2208 2776 et
2256 2713 2524 2777 retinens
2573 2713 2834 2777 eundem
2883 2732 3150 2790 sensum,

690 2813 900 2895 potest
947 2810 1257 2875 occultare
1304 2829 1551 2875 sensum
1597 2811 1996 2876 haereticum.
2045 2812 2341 2896 Exemplo
2388 2814 2474 2878 sit
2519 2815 2889 2897 propositio:
2938 2813 3155 2879 Filius

692 2917 787 2977 est
813 2913 1201 2993 suppositum
1235 2911 1421 2974 aliud
1444 2934 1486 2975 a
1510 2913 1755 2977 Patre:
1780 2933 1939 2996 quae
1971 2916 2065 2978 est
2096 2915 2423 2979 catholica.
2451 2914 2516 2979 Si
2539 2917 2632 2979 ita
2656 2917 2905 2980 efferas:
2938 2915 3155 2980 Filius

691 3020 786 3080 cst
817 3016 1204 3097 suppositum
1235 3019 1295 3078 et
1327 3014 1511 3078 aliud
1552 3037 1592 3078 α
1639 3015 1863 3089 Patre,
1916 3017 2188 3081 occultat
2234 3017 2557 3095 haeresim,
2597 3018 2694 3083 uti
2731 3020 2924 3101 patet.
2975 3018 3153 3104 Lugo

692 3119 838 3182 ibid.
873 3139 932 3182 n.
972 3120 1074 3180 10.

783 3218 906 3292 80.
949 3220 1112 3286 Scite
1145 3224 1354 3286 autem
1393 3222 1455 3286 in
1488 3222 1841 3287 definitione
1872 3223 2143 3287 haeresis
2176 3223 2458 3288 additur:
2499 3224 2569 3287 in
2600 3245 2666 3287 eo
2699 3226 2810 3306 qui
2839 3224 3028 3305 fidem
3048 3247 3154 3291 su-

691 3326 885 3404 scepit
913 3327 975 3389 et
1012 3344 1135 3389 non
1167 3325 1473 3390 inutiliter
1509 3327 1700 3390 etiam
1731 3325 2070 3389 diceretur:
2104 3326 2175 3388 in
2212 3345 2300 3398 eo,
2319 3327 2430 3407 qui
2456 3345 2520 3389 se
2556 3325 2974 3392 christianum
3010 3348 3155 3409 pro-

693 3427 910 3507 fitetur
946 3429 1058 3491 aut
1089 3428 1201 3507 qui
1228 3427 1457 3490 retinet
1482 3447 1705 3490 nomen
1734 3425 2170 3491 christianum.

784 3530 946 3594 Nam
985 3530 1151 3603 sunt,
1192 3531 1299 3611 qui
1338 3531 1401 3594 et
1431 3531 1903 3594 catechumenos
1945 3531 2376 3613 comprehendi
2407 3533 2648 3608 volunt,
2689 3533 2741 3596 si
2774 3533 2917 3616 post
2949 3553 3153 3600 susce-

693 3634 867 3714 ptam
900 3632 1103 3708 fidem‚
1139 3633 1297 3696 hanc
1330 3633 1644 3696 abiiciant.
1699 3632 1932 3696 Verum
1979 3634 2182 3717 magis
2230 3634 2472 3716 proprie
2510 3636 2855 3699 haereticus
2904 3637 3150 3708 dicitur,

692 3735 801 3816 qui
833 3754 896 3798 se
929 3737 1213 3819 segreget
1245 3735 1322 3799 ob
1352 3754 1710 3818 perversum
1740 3735 1970 3820 dogma
2003 3735 2080 3799 ab
2112 3735 2404 3812 Ecclesia,
2417 3737 2593 3800 cuius
2616 3739 2963 3802 membrum
2997 3742 3151 3805 erat.

695 3837 856 3900 Hinc
886 3838 1032 3902 licet
1061 3839 1537 3902 catechumenus
1584 3856 1841 3920 pravam
1880 3836 2227 3901 doctrinam
2275 3839 2488 3903 tenens
2534 3840 2786 3904 crimine
2832 3842 3155 3908 haereseos

694 3959 757 4004 se
795 3940 1057 4022 polluat,
1091 3943 1299 4004 tamen
1331 3941 1787 4004 haereticorum
1817 3939 2028 4022 poenis
2052 3939 2305 4004 minime
2336 3940 2697 4019 subiicitur:
2725 3944 2872 4024 quia
2904 3963 3025 4009 non
3059 3948 3156 4030 est

690 4042 998 4106 Ecclesiae
1034 4042 1340 4117 subditus,
1380 4041 1701 4124 Laymann
1733 4040 1841 4104 lib.
1883 4042 1942 4103 2.
1987 4041 2063 4103 tr.
2101 4043 2160 4104 2.
2196 4060 2329 4124 cap.
2366 4043 2468 4107 12.
2511 4065 2569 4108 n.
2614 4045 2671 4108 1.

780 4144 1082 4210 Additum
1115 4147 1241 4208 est:
1281 4144 1351 4206 in
1384 4142 1645 4216 homine,
1687 4143 1799 4223 qui
1842 4162 2064 4205 nomen
2111 4141 2526 4208 chmeh‘anum
2560 4147 2847 4211 retineat.
2887 4148 3054 4213 Nam
3102 4151 3155 4214 si

693 4245 832 4327 quis
878 4249 1082 4311 totam
1128 4245 1309 4308 fidem
1357 4244 1761 4308 christianam
1809 4245 1999 4308 etiam
2045 4248 2187 4328 post
2233 4245 2616 4329 baptismum
2653 4251 2861 4334 negat,
2912 4252 2964 4315 is
3029 4272 3154 4318 non

692 4349 977 4413 censetur
1020 4346 1388 4423 haereticuS,
1438 4346 1543 4410 sed
1589 4347 1799 4429 potius
1847 4347 2105 4411 iudaeus
2152 4353 2266 4415 aut
2311 4353 2490 4415 turca
2545 4353 2659 4415 aut
2711 4372 2994 4437 paganus
3042 4357 3156 4421 aut

696 4451 917 4513 atheus
964 4451 1077 4513 aut
1122 4447 1453 4512 cuiuslibet
1500 4449 1758 4514 alterius
1806 4449 2008 4514 sectae
2052 4452 2421 4530 membrum,
2471 4454 2573 4518 cui
2617 4473 2841 4520 nomen
2893 4455 3151 4524 dederit.

694 4549 982 4613 Haeresis
1020 4550 1231 4630 itaque
1270 4549 1399 4615 sive
1429 4549 1718 4630 formalis
1750 4552 1879 4616 sive
1917 4552 2215 4618 obiectiva
2260 4557 2333 4620 ut
2375 4555 2522 4619 talis
2553 4555 2815 4635 dicatur,
2844 4577 2966 4624 non
2997 4561 3154 4626 satis
