3497 5147
398 325 542 401 [815]
889 342 973 382 AD
1009 343 1163 390 Qum
1199 343 1572 386 mammon
1608 340 1817 381 mamm
1855 340 2025 382 ERGA
2064 341 2384 384 Panum-as
2766 335 2874 391 599

399 438 528 503 tive
575 439 817 502 scribit:
876 464 912 497 «
944 441 1149 522 vipera
1195 439 1439 505 videtur
1470 465 1531 503 ».
1566 440 1653 503 At
1684 438 1893 517 opinio
1925 438 2387 504 consuetudinis
2418 441 2622 525 impar
2667 447 2761 509 est
2794 446 2868 509 ad

398 540 805 606 inducendam
839 541 1285 627 obligationem
1324 545 1386 607 et
1418 543 1482 606 in
1514 541 1722 615 dubio,
1756 543 1831 604 ut
1863 540 1954 605 ait
1978 560 2027 605 s.
2052 541 2239 623 Alph.
2277 541 2386 606 lib.
2425 543 2481 607 1.
2517 564 2577 609 n.
2616 545 2867 622 107.4.,

397 644 632 725 requir.
681 644 1009 729 benignior
1039 646 1302 710 tenenda
1335 648 1448 711 est.

487 747 616 813 Nec
662 747 850 824 valet,
910 747 1072 829 quod
1134 747 1295 812 forte
1340 746 1597 830 parochi
1643 746 1827 809 aliive
1870 745 2034 828 plebi
2070 746 2444 812 christianae
2489 748 2757 813 maxime
2802 750 2869 815 in

399 850 639 933 oppidis
676 869 784 915 seu
832 849 1011 934 pagis
1065 852 1129 914 et
1175 849 1445 914 ecclesiis
1506 848 1819 912 ruralibus
1866 847 2025 911 hanc
2071 849 2534 930 persuasionem
2580 852 2870 935 ingerant

398 954 585 1035 atque
629 953 724 1017 ita
769 952 979 1016 fideles
1013 952 1192 1034 quasi
1223 971 1295 1015 ex
1328 950 1709 1035 obligatione
1743 952 2073 1015 accurrant
2105 951 2183 1014 ad
2229 970 2535 1035 vesperas.
2574 954 2759 1032 Nam,
2794 957 2869 1020 ut

397 1055 663 1119 diximus
689 1055 793 1132 (tr.
827 1054 902 1118 de
934 1053 1086 1135 Ley.
1128 1073 1188 1118 n.
1224 1055 1328 1117 50.
1367 1054 1424 1135 g.
1462 1053 1554 1134 5.)
1601 1055 1778 1117 actus
1810 1070 1933 1116 non
1978 1052 2160 1117 debet
2205 1054 2525 1135 procedere
2558 1074 2632 1120 ex
2663 1075 2866 1122 errore

396 1158 493 1221 vel
532 1157 907 1241 ignorantia,
943 1157 1051 1220 sed
1083 1175 1153 1219 ex
1190 1155 1438 1231 sciente,
1471 1155 1711 1218 nullam
1744 1154 1955 1219 adesse
1980 1154 2201 1238 legem,
2235 1155 2344 1237 qui
2373 1155 2528 1220 velit
2550 1175 2659 1239 per
2682 1175 2867 1222 usum

397 1258 843 1343 obligationem
874 1258 1177 1321 inducere.

483 1359 676 1423 Addit
701 1359 910 1443 Gury:
951 1383 986 1416 ‹<
1020 1359 1090 1422 In
1116 1357 1290 1442 praxi
1336 1376 1526 1439 quam
1556 1357 1825 1421 maxime
1855 1358 2185 1423 inducendi
2217 1361 2367 1425 sunt
2396 1359 2625 1436 fideleS‚
2675 1362 2749 1423 ut
2781 1359 2867 1424 of-

392 1461 531 1526 ficio
563 1461 912 1545 vespertino
946 1461 1379 1537 interveniant,
1414 1479 1525 1524 nec
1554 1460 1735 1525 facile
1769 1460 2098 1525 excusandi
2130 1463 2277 1525 sunt
2309 1462 2386 1525 ab
2427 1462 2636 1542 aliqua
2682 1461 2867 1544 culpa

393 1563 709 1640 indirecte,
759 1564 865 1646 qui
916 1563 1145 1644 absque
1193 1563 1324 1626 ulla
1369 1562 1610 1626 ratione
1660 1562 1906 1638 absunt,
1958 1562 2264 1644 siquidem
2313 1564 2375 1626 in
2433 1562 2563 1628 otio
2619 1564 2866 1646 tempus

392 1666 624 1741 terunt,
651 1666 1118 1745 innumerisque
1152 1664 1598 1728 tentationibus
1627 1669 1689 1727 et
1702 1664 1982 1744 peceati-s·
2004 1667 2396 1747 exponuntur
2419 1689 2482 1729 ».

482 1766 634 1831 Esto
682 1766 755 1830 de
801 1768 1003 1849 prima
1050 1768 1244 1850 parte,
1295 1766 1424 1831 scil.
1461 1765 1534 1829 de
1566 1765 1963 1830 exhortandis
1994 1765 2278 1831 fidelibus
2327 1768 2408 1832 ob
2454 1768 2657 1832 multa
2703 1768 2866 1832 bona

397 1869 770 1951 spiritualia.

485 1968 601 2034 Sed
655 1971 916 2036 secunda
977 1974 1071 2037 est
1117 1973 1579 2038 concionatoria
1625 1973 1975 2038 exhortatio
2038 1973 2196 2037 nulli
2241 1972 2472 2037 rationi
2519 1972 2746 2038 innixa.
2797 1971 2864 2036 Si

393 2076 608 2156 peccat
656 2075 991 2152 otiositate,
1042 2076 1161 2140 erit
1206 2076 1529 2158 peccatum
1578 2076 1939 2155 otiositatis,
1979 2094 2102 2140 non
2152 2075 2504 2141 omissionis
2537 2077 2602 2141 et
2638 2076 2692 2140 si
2722 2075 2862 2139 inde

391 2175 733 2259 periculum
781 2179 876 2240 est
920 2178 1208 2259 peccandi
1247 2177 1439 2259 (quod
1488 2178 1736 2260 quidem
1783 2177 2095 2260 quodnam
2143 2178 2405 2260 speciale
2439 2179 2524 2242 sit
2568 2178 2632 2242 in
2682 2178 2862 2243 omis-

389 2279 561 2343 sione
608 2298 1023 2362 vesperarum,
1058 2281 1308 2362 neseio),
1343 2281 1575 2364 pariter
1620 2299 1743 2345 non
1783 2283 1879 2344 est
1909 2282 2234 2363 peccatum
2274 2280 2624 2346 omissionis
2655 2299 2862 2363 vespe-

388 2400 619 2446 rarum.
648 2382 730 2446 Et
762 2384 1034 2447 rationes
1065 2383 1223 2447 istae
1246 2384 1596 2465 probarent,
1624 2386 1764 2449 tota
1788 2383 1885 2448 die
1908 2384 2281 2448 manendum
2315 2385 2377 2449 in
2405 2383 2685 2457 ecclesia;
2714 2402 2859 2447 nam

389 2485 444 2548 si
475 2484 615 2567 quis
642 2484 799 2548 alias
834 2484 1263 2566 occupationes
1300 2504 1423 2550 non
1461 2486 1669 2562 habet,
1701 2487 1830 2550 iam
1866 2486 2103 2550 otiatur
2151 2489 2214 2550 et
2245 2486 2535 2570 peccandi
2571 2484 2859 2569 periculis

392 2586 758 2670 (innumeris
780 2591 794 2650 2
817 2590 862 2669 2)
894 2588 1237 2670 exponitur.
1266 2586 1425 2654 Sunt
1456 2590 1984 2673 exaggerationes,

1395 2784 1690 2846 SEG'HO
1730 2784 1855 2847 IV.

924 2916 1029 2971 DE
1065 2915 1374 2983 QUARTO
1412 2915 1876 2972 PRAEGEPTO
1913 2917 2327 2974 DECALOGI.

1490 3097 1654 3161 DUB.
1703 3097 1755 3161 1.

873 3237 986 3302 Aa
1031 3241 1184 3320 quid
1228 3243 1557 3303 teneantur
1603 3240 1790 3304 liberi
1835 3261 1986 3322 crya
2019 3248 2339 3321 parente&

488 3394 523 3444 1.
545 3394 693 3459 Resp.
715 3394 965 3445 Tenentur
990 3392 1040 3445 vi
1068 3391 1213 3445 huius
1239 3390 1504 3459 praecepti,
1525 3398 1626 3444 tum
1655 3391 1974 3445 Genitoribus
1999 3398 2100 3444 111111
2128 3389 2494 3458 Superioribus,
2520 3390 2569 3443 in
2588 3390 2650 3442 iis
2682 3395 2850 3460 rebus,

377 3474 427 3528 in
464 3473 643 3541 quibus
679 3475 883 3542 quisque
921 3484 970 3529 01
1008 3475 1221 3542 quandiu
1260 3474 1511 3528 subiectus
1554 3475 1616 3528 iis
1652 3484 1743 3540 est,
1784 3490 2016 3537 amorem,
2054 3475 2379 3528 reverentiam
2418 3483 2465 3528 et
2518 3474 2844 3531 obedientiam

378 3567 646 3626 praestare,
673 3561 739 3615 ita
783 3569 851 3624 111,
885 3561 925 3614 si
965 3560 1194 3614 notabilis
1226 3564 1395 3614 horum
1436 3561 1655 3611 derectus
1694 3559 1755 3612 sit
1795 3558 1842 3611 in
1882 3572 1937 3611 re
1975 3558 2132 3621 gravi,
2162 3557 2380 3622 graviter
2421 3565 2674 3624 peccetur:
2709 3564 2839 3624 quod

377 3644 568 3699 facilins
598 3648 679 3700 flet
707 3655 933 3713 respectu
962 3654 1237 3713 parentum,
1260 3658 1405 3711 quam
1444 3643 1666 3696 aliorum.
1694 3646 1761 3697 lta
1801 3642 2140 3696 communiter.
2169 3643 2232 3696 V.
2261 3642 2368 3695 Fili.
2395 3647 2432 3694 t.
2459 3644 2543 3695 28.
2567 3657 2612 3708 p.
2644 3647 2693 3695 2.
2714 3659 2757 3696 c.
2803 3648 2849 3698 1.

376 3730 497 3794 neg.
527 3734 559 3782 1.
587 3733 636 3783 2.
665 3744 709 3784 c.
742 3733 788 3783 1.
814 3738 907 3785 ete.

471 3848 624 3923 815.
652 3854 687 3891 *
714 3853 903 3917 Iuvat
937 3853 1149 3918 afferre
1181 3852 1527 3917 doctrinam
1560 3869 1608 3915 s.
1644 3850 1920 3915 Thomae
1953 3868 2024 3913 ex
2064 3851 2123 3913 2.
2154 3850 2213 3912 2.
2249 3868 2307 3931 q.
2347 3849 2494 3913 101.
2531 3868 2587 3914 a.
2620 3849 2678 3912 1.
2706 3849 2854 3914 Plu-

377 3972 475 4018 res
508 3954 843 4040 distinguit
882 3976 929 4020 s.
965 3957 1218 4031 Doctor,
1247 3956 1470 4037 quibus
1503 3953 1784 4018 debitum
1814 3953 2069 4035 pietatis
2116 3952 2559 4035 praestandum
2595 3954 2711 4017 est.
2745 3952 2859 4018 Ait

377 4057 571 4122 enim:
615 4080 650 4115 ‹<
676 4056 851 4121 Sicut
890 4058 967 4121 ad
1012 4057 1376 4141 religionem
1423 4057 1692 4140 pertinet
1723 4056 1965 4120 cultum
2005 4056 2136 4120 Deo
2178 4054 2478 4130 exhibere,
2515 4055 2606 4118 ita
2641 4073 2860 4118 secun—

373 4158 547 4223 dario
574 4160 775 4244 gradu
808 4158 980 4241 (post
1011 4160 1212 4222 Deum
1244 4159 1488 4242 nempe)
1523 4159 1597 4223 ad
1632 4159 1931 4243 pietatem
1969 4159 2238 4242 pertinet
2284 4158 2564 4223 exhibere
2611 4157 2854 4222 cultum

371 4262 732 4345 parentibus
790 4264 853 4325 et
910 4260 1167 4343 patriae.
1232 4261 1304 4324 In
1361 4262 1537 4325 cultu
1592 4265 1807 4326 autem
1866 4263 2196 4344 parentum
2242 4259 2581 4325 includitur
2642 4259 2850 4323 cultus

371 4363 654 4428 omnium
686 4362 1320 4446 consanguineorum3
1356 4363 1504 4443 quia
1552 4364 1743 4427 etiam
1793 4363 2238 4447 consanguinei
2270 4382 2341 4426 ex
2373 4364 2490 4426 hoc
2537 4361 2847 4439 dicuntur,

370 4465 534 4547 quod
586 4485 657 4530 ex
689 4465 909 4529 iisdem
934 4463 1294 4546 parentibus
1333 4466 1782 4545 processerunt.
1818 4466 1888 4529 In
1925 4465 2099 4528 cultu
2149 4465 2360 4528 autem
2394 4463 2635 4545 patriae
2670 4462 2848 4526 intel-

366 4568 593 4653 ligitur
626 4567 831 4631 cultus
868 4565 1145 4631 omnium
1178 4563 1523 4629 concivium
1557 4567 1618 4629 et
1652 4567 1932 4629 omnium
1964 4566 2203 4647 patriae
2237 4565 2580 4629 amicorum
2605 4588 2666 4627 ».
