3497 5147
737 344 810 397 84
1312 358 1525 399 'rssAc‘n
1569 360 1623 399 v.
1662 358 1828 400 ωσι.
1869 359 1933 399 11.
1975 358 2058 398 nn:
2094 358 2449 400 Panacnmo
2486 359 2623 400 spur
3051 347 3200 424 [113]

825 452 958 525 113.
986 456 1076 520 Ex
1108 476 1359 521 munere
1398 457 1612 538 itaque
1659 456 1791 540 spei
1813 455 2082 539 proprio,
2109 456 2184 519 ut
2214 454 2512 520 desiderio
2538 456 2628 521 rei
2651 459 2980 541 exoptatae
3011 460 3200 526 addat

728 559 1137 629 remotionem
1187 558 1392 643 fugae,
1443 578 1552 624 seu
1584 558 1858 640 quietem
1900 558 1964 623 in
1999 558 2297 623 desiderio
2329 577 2452 623 non
2486 559 2772 625 obstante
2803 560 3194 635 difficultate,

732 661 981 726 additur
1013 662 1189 724 actus
1221 660 1683 743 expectationis.
1716 661 1810 724 De
1844 679 1969 741 qua
1993 679 2041 723 s.
2077 659 2350 725 Thomas
2379 661 2439 725 3.
2475 661 2618 726 dist.
2655 663 2759 726 26.
2795 682 2854 744 q.
2895 664 2951 728 1.
2986 667 3105 729 art.
3138 667 3194 729 1.

732 763 809 827 ad
847 763 945 827 3.:
987 788 1021 821 «
1060 763 1437 845 Frequenter
1470 762 1720 827 nomina
1753 762 2160 845 imponuntur
2191 762 2374 827 rebus
2413 764 2670 829 occultis
2709 784 2780 833 ex
2812 766 2941 830 suis
2978 767 3194 851 signis,

728 865 892 931 sicut
913 864 1270 930 essentiales
1295 864 1673 929 differentiae
1696 884 1769 928 ex
1795 864 2210 929 accidentibus
2235 865 2658 931 nominantur.
2687 865 2947 951 Signum
2981 871 3191 934 autem

726 968 989 1033 alicuius
1034 968 1408 1048 quiescentis
1452 987 1594 1032 cum
1641 967 1992 1032 extensione
2024 967 2343 1050 appetitus
2391 968 2456 1032 in
2490 968 2726 1051 aliquid
2774 969 3189 1036 desideratum

728 1070 887 1134 solet
923 1088 1054 1133 esse
1078 1068 1247 1150 quod
1276 1069 1625 1149 frequenter
1649 1069 1854 1133 visum
1886 1068 2103 1152 dirigit
2133 1070 2197 1133 in
2219 1068 2397 1146 illud,
2440 1070 2512 1133 ut
2543 1069 2753 1135 videat
2782 1072 2836 1136 si
2867 1091 2939 1137 ex
2977 1073 3185 1155 aliqua

726 1174 902 1255 parte
940 1172 1017 1235 ad
1049 1171 1253 1255 ipsum
1300 1171 1551 1236 accedat
1597 1173 1659 1236 et
1695 1170 1831 1235 ideo
1871 1170 2195 1250 dispositio
2215 1171 2550 1252 praedicta
2581 1172 2808 1254 quietas·
2838 1194 2976 1238 cum
3021 1180 3187 1239 motu

726 1274 954 1339 dicitur
984 1275 1326 1358 expectatio
1360 1301 1421 1339 ».
1454 1273 1849 1357 Exspectatio
1896 1273 2094 1358 igitur
2125 1273 2276 1337 dicit
2308 1274 2728 1341 extensionem
2760 1296 2868 1341 seu
2899 1276 3186 1344 intentio-

724 1398 863 1443 nem
900 1377 1185 1442 desiderii
1216 1398 1356 1443 cum
1395 1378 1603 1460 quiete
1642 1376 1803 1443 idest
1840 1376 2173 1441 securitate
2212 1376 2609 1460 adipiscendi.

814 1480 1235 1546 Veruntamen
1282 1499 1420 1563 spes
1464 1478 1786 1562 quidpiam
1832 1476 2005 1542 addit
2050 1478 2149 1542 vel
2202 1478 2321 1562 ipsi
2367 1480 2828 1563 exspectationi.
2876 1481 3060 1560 Nam,
3111 1486 3183 1548 ut

724 1583 912 1647 habet
929 1602 976 1646 S.
996 1583 1287 1657 Thomas,
1316 1582 1423 1645 ubi
1448 1582 1712 1663 explicat
1736 1581 1921 1644 verba
1945 1581 2315 1644 Damasceni
2339 1580 2596 1646 dicentis
2622 1584 3177 1667 concupiscentiam

725 1685 951 1750 bonum
982 1688 1397 1766 exspectatum
1444 1685 1504 1748 3.
1553 1684 1697 1748 dist.
1733 1683 1838 1747 26.
1873 1703 1931 1765 q.
1973 1684 2030 1746 1.
2064 1685 2182 1748 art.
2218 1684 2278 1746 3.
2316 1682 2392 1747 ad
2427 1686 2517 1749 2.:
2559 1708 2595 1744 ‹
2620 1685 2851 1750 bonum
2876 1691 3183 1772 exspecta-

722 1791 860 1855 tum
889 1790 1312 1853 Damascenus
1342 1788 1514 1871 large
1546 1786 1772 1870 accipit
1801 1805 1912 1869 pro
1946 1786 2126 1861 bono,
2160 1785 2324 1868 quod
2355 1786 2629 1852 nondum
2663 1787 2964 1866 habetur;
3014 1791 3178 1871 quod

721 1892 970 1974 quidem
993 1910 1318 1955 commune
1342 1893 1435 1953 est
1456 1889 2003 1973 concupiscentiae,
2029 1892 2091 1950 et
2110 1888 2244 1967 spei
2259 1913 2319 1951 ».
2355 1886 2514 1953 Sane
2547 1908 2685 1972 spes
2717 1891 3177 1973 exspectationi,

720 2012 878 2074 quae
902 1993 1247 2058 communis
1272 1995 1367 2055 est
1389 2011 1532 2054 cum
1550 1991 2063 2073 concupiscentia,
2092 1990 2264 2054 addit
2288 1990 2740 2056 certitudinem.
2769 1992 2869 2056 Ita
2888 2013 2936 2056 s,
2957 1992 3176 2058 Thom.

718 2094 865 2159 ibid.
907 2094 985 2159 ad
1020 2095 1108 2158 1.:
1159 2118 1194 2152 «
1233 2093 1599 2175 Exspectare
1643 2092 1947 2175 importat
1993 2091 2450 2173 protensionem
2482 2093 2797 2177 appetitus
2829 2095 2891 2183 in
2939 2096 3175 2178 aliquid

718 2216 861 2261 cum
888 2196 1095 2278 quiete
1127 2196 1409 2279 privante
1454 2194 1670 2278 fugam
1701 2194 1801 2259 vel
1831 2212 2137 2258 recessum
2175 2192 2474 2273 (recessus
2522 2195 2807 2278 proprius
2840 2199 2934 2260 est
2965 2196 3177 2282 despe-

715 2299 1025 2382 rationis).
1052 2298 1223 2363 Haec
1247 2299 1458 2365 autem
1489 2296 1663 2379 quies
1688 2295 1996 2379 contingit
2019 2315 2090 2359 ex
2114 2294 2484 2361 difficultate
2515 2297 2647 2360 eius
2682 2297 2744 2361 in
2777 2299 2941 2380 quod
2965 2302 3175 2367 motus

716 2401 1033 2485 appetitus
1063 2400 1283 2477 tendit,
1322 2400 1427 2464 sed
1474 2418 1597 2464 non
1627 2398 1691 2465 in
1720 2400 2018 2482 promptu
2056 2400 2150 2462 est
2200 2401 2271 2462 ut
2307 2398 2639 2464 habeatur:
2690 2400 2855 2483 quod
2901 2402 3064 2468 enim
3112 2405 3174 2468 in

714 2507 1011 2590 promptu
1054 2506 1168 2582 est,
1217 2506 1348 2569 sine
1393 2522 1570 2568 mora
1617 2502 1980 2583 acquiritur.
2029 2502 2110 2566 Et
2156 2502 2303 2584 quia
2350 2501 2581 2567 bonum
2613 2524 2754 2568 cum
2801 2504 3172 2575 difficultate

714 2609 957 2692 proprie
990 2610 1083 2672 est
1116 2609 1427 2672 obiectum
1457 2605 1817 2678 irascibilis:
1854 2605 1988 2669 ideo
2022 2608 2371 2687 exspectare
2417 2607 2660 2690 proprie
2692 2609 2770 2673 ad
2800 2610 3172 2678 irascibilem

713 2712 980 2793 pertinet
1010 2710 1362 2774 tendentem
1409 2708 1471 2772 in
1519 2707 1772 2788 aliquod
1805 2708 2054 2772 bonum.
2087 2708 2296 2772 Habet
2330 2709 2541 2773 autem
2579 2729 2642 2774 se
2682 2712 2758 2775 ad
2792 2732 2962 2796 spem
3010 2715 3172 2780 sicut

712 2831 1036 2880 commune
1084 2811 1161 2876 ad
1207 2811 1545 2894 proprium,
1594 2810 1968 2892 inquantum
2015 2830 2151 2894 spes
2201 2809 2372 2874 addit
2404 2811 2838 2880 certitudinem
2884 2816 3046 2882 circa
3079 2838 3173 2883 ex·

710 2915 1158 2998 spectationem
1193 2940 1225 2970 »
1264 2914 1378 2996 (a).

798 3016 1029 3082 Exinde
1062 3037 1110 3081 s.
1136 3016 1408 3080 Thomas
1433 3015 1601 3092 dicit,
1636 3014 1824 3079 verba
1849 3014 1957 3078 illa
1982 3013 2290 3099 Symboli:
2318 3015 2629 3096 Exspecto
2655 3021 3170 3085 resurrectionem

709 3124 1094 3185 mortuorum
1138 3123 1198 3182 et
1244 3121 1434 3181 vitam
1479 3118 1727 3180 ventu-ri
1771 3116 1984 3190 seculi,
2022 3115 2237 3180 referri
2273 3117 2349 3181 ad
2384 3138 2574 3202 spem.
2614 3121 2714 3185 Ita
2749 3123 2808 3185 2.
2851 3124 2911 3185 2.
2951 3115 3010 3205 q.
3065 3124 3165 3188 17.

708 3225 827 3288 art.
864 3223 924 3286 6.
951 3221 1029 3285 ad
1062 3224 1153 3285 2.;
1196 3246 1231 3278 ‹
1256 3218 1648 3302 Exspectatio
1681 3218 1935 3301 ponitur
1967 3217 2028 3282 in
2068 3219 2347 3302 symbolo
2380 3219 2521 3284 fidei
2553 3241 2673 3285 non
2708 3223 2854 3305 quia
2881 3224 2964 3290 sit
2990 3228 3165 3292 actus

706 3326 990 3409 proprius
1028 3323 1189 3400 fidei,
1236 3324 1342 3387 sed
1386 3323 1760 3404 inquantum
1793 3323 1969 3386 actus
2007 3320 2138 3404 spei
2183 3323 2624 3407 praesupponit
2662 3326 2909 3391 fidem...
2950 3328 3032 3393 Et
3079 3329 3164 3394 sic

707 3430 883 3493 actus
914 3428 1055 3492 fidei
1087 3426 1525 3492 manifestatur
1562 3444 1669 3508 per
1706 3427 1884 3488 actus
1918 3424 2046 3507 spei
2079 3449 2140 3485 ».

792 3530 1153 3596 Notandum
1185 3549 1348 3604 vero,
1383 3527 1691 3612 quomodo
1725 3547 1861 3610 spes
1901 3547 2009 3590 seu
2041 3527 2416 3610 exspectatio
2449 3527 2692 3593 differat
2725 3551 2761 3594 a
2792 3532 3161 3617 longanimi-

704 3635 870 3698 tate:
912 3658 947 3692 «
980 3632 1393 3716 Exspectatio,
1442 3630 1647 3713 inquit
1692 3649 1741 3694 s.
1793 3629 2011 3693 Thom.
2064 3631 2123 3693 2.
2160 3632 2218 3693 2.
2254 3650 2311 3711 q.
2359 3630 2459 3694 17.
2495 3632 2614 3695 art.
2656 3633 2714 3695 5.
2752 3632 2828 3696 ad
2867 3635 2952 3708 3.,
3001 3655 3157 3718 quae

702 3736 953 3818 ponitur
992 3736 1051 3799 in
1090 3735 1443 3799 definitione
1477 3732 1623 3816 spei,
1658 3751 1782 3797 non
1811 3731 2113 3814 importat
2144 3732 2525 3808 dilationem,
2561 3733 2724 3799 sicut
2756 3738 3153 3820 exspectatio,

701 3856 859 3919 quae
890 3837 1156 3919 pertinet
1190 3836 1267 3901 ad
1297 3835 1874 3921 longanimitatem3
1912 3833 2014 3897 sed
2038 3834 2341 3916 importat
2372 3837 2717 3917 respectum
2743 3837 2818 3901 ad
2843 3839 3157 3903 amnium

700 3939 1002 4014 cii-vinum,
1035 3940 1162 4004 sive
1196 3941 1274 4014 id,
1310 3939 1475 4021 quod
1512 3939 1815 4020 speratur,
1856 3935 2195 4010 differatur,
2232 3935 2358 3998 sive
2390 3954 2511 3999 non
2544 3936 2868 4003 differatur
2899 3966 2961 4005 ».

793 4038 927 4114 114.
963 4043 1141 4124 Quod
1167 4063 1305 4107 vero
1340 4061 1475 4123 spes
1509 4039 1798 4121 respiciat
1824 4037 1901 4102 ad
1935 4037 2236 4101 auxilium
2271 4036 2546 4116 alterius,
2582 4059 2719 4104 eam
2752 4040 3088 4129 distinguit
3122 4065 3159 4109 a

698 4146 1233 4232 magnanimitate.
1278 4147 1374 4208 Ita
1423 4162 1469 4206 s.
1505 4142 1778 4205 Thomas
1819 4143 1878 4204 2.
1922 4143 1981 4202 2.
2023 4159 2081 4220 q.
2128 4139 2228 4202 17.
2273 4141 2389 4203 art.
2427 4141 2485 4204 5.
2523 4142 2600 4206 ad
2631 4144 2724 4207 4.:
2767 4171 2800 4201 «
2835 4145 3161 4232 Magnani-

697 4252 885 4314 mitas
910 4249 1110 4314 tendit
1136 4248 1195 4310 in
1228 4245 1490 4309 arduum
1524 4262 1774 4325 sperans
1807 4241 2063 4324 aliquid,
2099 4241 2261 4323 quod
2295 4244 2388 4307 est
2426 4263 2573 4309 suae
2607 4249 2971 4329 potestatis:
3001 4251 3160 4315 unde

777 4531 841 4579 (a)
873 4524 967 4566 Sed
997 4523 1085 4576 qui
1114 4520 1366 4562 definiunt
1407 4533 1563 4573 spem,
1591 4519 1896 4562 desiderium
1938 4533 2053 4563 cum
2086 4523 2474 4578 exspectatione,
2506 4527 2931 4579 exspectationem
2959 4535 3155 4574 certam

694 4592 1011 4643 intelligunt.
1042 4589 1099 4630 E.
