3497 5147
317 335 465 412 [723]
1078 351 1283 394 OPERA
1321 352 1430 391 Dm
1467 351 1655 392 rns‘ro
1698 351 2027 392 enofflm‘m
2686 343 2793 398 545

1360 518 1463 583 De
1496 521 1738 583 itinere.

408 666 563 740 721.
604 670 722 733 Per
769 689 832 734 se
879 689 1003 734 non
1050 672 1145 734 est
1194 690 1347 752 opus
1395 671 1615 735 servile
1662 674 1727 736 et
1757 674 2079 755 praeterea
2124 674 2508 740 consuetudo
2543 677 2791 740 univer-

318 775 466 840 salis
505 774 817 839 sufficiens
864 777 1027 839 esset
1050 774 1128 838 ad
1161 774 1586 858 derogandum
1616 775 1762 859 legi,
1804 777 1858 840 si
1888 796 2013 859 qua
2044 779 2142 842 lex
2178 777 2300 842 iter
2349 779 2787 860 prohibuisset.

408 877 621 960 Neque
659 878 723 942 in
770 877 847 941 V.
882 878 1051 942 Test.
1102 877 1351 942 omnino
1384 878 1736 953 vetabatur,
1787 880 1893 943 sed
1939 880 2145 943 solum
2193 880 2291 945 die
2340 882 2586 946 sabbati
2621 902 2793 946 men-

317 1000 464 1045 sura
509 981 718 1045 itineri
749 980 1224 1063 praefigebatur.
1260 978 1376 1044 Sed
1400 979 1672 1062 idipsum
1720 981 1949 1045 evincit
1982 999 2104 1045 non
2145 1000 2275 1046 esse
2324 1001 2480 1065 opus
2528 985 2789 1049 servile:

315 1084 463 1165 quia
501 1083 619 1148 hoc
655 1101 778 1147 non
810 1083 1021 1147 mutat
1050 1083 1343 1146 naturam
1368 1101 1439 1147 ex
1472 1101 1542 1147 eo
1577 1083 1743 1164 quod
1775 1103 2039 1167 parvum
2070 1085 2156 1148 sit
2188 1086 2302 1148 aut
2346 1104 2667 1170 magnum.

403 1184 487 1249 Et
531 1184 781 1267 quidem
812 1184 1097 1269 generale
1122 1184 1493 1269 principium
1533 1186 1628 1250 est
1659 1185 1865 1266 (Suar.
1894 1187 1936 1249 l.
1978 1206 2028 1251 o.
2065 1205 2197 1269 cap.
2228 1186 2332 1250 27.
2367 1206 2427 1250 11.
2466 1188 2581 1271 2.),
2610 1207 2786 1271 opuS,

315 1287 481 1369 quod
518 1306 641 1352 non
680 1289 775 1352 est
813 1288 1052 1362 servile,
1088 1305 1279 1369 parvo
1303 1288 1579 1370 tempore
1610 1288 1710 1352 vel
1741 1307 1933 1370 parvo
1964 1289 2176 1353 labore
2209 1288 2469 1367 factum,
2504 1308 2627 1355 non
2658 1290 2795 1355 fieri

316 1390 537 1454 servile
598 1391 848 1472 propter
909 1389 1302 1453 durationem
1351 1390 1463 1453 aut
1509 1389 1820 1466 laborem;
1871 1391 2020 1472 quia
2066 1410 2305 1474 semper
2372 1394 2468 1455 est
2513 1392 2790 1456 eiusdem

315 1493 595 1558 rationis,
646 1493 839 1557 Porro
890 1511 1071 1577 agere
1117 1492 1237 1556 iter
1282 1493 1595 1557 modicum
1644 1496 1706 1556 et
1755 1494 1934 1557 suavi
1979 1494 2164 1558 modo
2236 1512 2358 1558 non
2422 1495 2519 1559 est
2567 1496 2789 1559 servile

319 1615 499 1680 opus;
551 1615 697 1680 ergo
745 1594 891 1659 licet
938 1597 1247 1679 augeatur
1279 1597 1340 1659 et
1372 1594 1570 1671 duret,
1607 1614 1712 1678 per
1743 1615 1807 1658 se
1848 1614 1969 1660 non
2007 1595 2117 1660 fiet
2162 1593 2383 1661 servile
2432 1615 2502 1660 ac
2533 1596 2790 1679 proinde

314 1717 426 1762 nec
470 1697 857 1781 prohibitum
889 1717 961 1761 ex
984 1697 1258 1781 generali
1291 1697 1705 1780 prohibitione
1745 1697 1947 1781 operis
1981 1697 2242 1762 servilis.

406 1799 463 1862 N
467 1819 533 1865 ec
570 1798 776 1876 refert,
811 1799 977 1881 quod
1009 1800 1062 1864 si
1102 1799 1187 1864 sit
1221 1800 1487 1863 nimium
1519 1799 1638 1863 iter
1669 1800 1769 1863 vel
1793 1819 1935 1863 cum
1966 1800 2283 1865 celeritate
2330 1802 2431 1865 vel
2479 1800 2788 1885 defatiga-

316 1902 488 1966 tione
519 1902 810 1984 corporiS,
845 1901 1163 1983 impediat,
1212 1920 1287 1965 ne
1311 1900 1510 1983 possit
1540 1919 1713 1964 mens
1745 1901 1877 1965 Deo
1914 1920 2162 1978 vacare3
2199 1902 2348 1983 quia
2395 1903 2496 1966 hic
2528 1905 2622 1967 est
2645 1901 2786 1967 finis

314 2004 645 2087 praecepti,
680 2004 787 2085 qui
835 2023 957 2068 non
1013 2004 1179 2067 cadit
1233 2004 1349 2067 sub
1395 2004 1721 2086 praecepto
1770 2003 2283 2086 (praescindimus
2333 2007 2411 2070 ab
2456 2006 2573 2071 hoc
2622 2006 2788 2088 quod

311 2107 517 2190 possit
560 2107 854 2191 impedire
902 2106 1283 2170 auditionem
1314 2105 1564 2182 Missae,
1601 2107 1673 2169 ut
1708 2107 1932 2189 patet).

1167 2278 1268 2344 De
1305 2280 1666 2344 accessoriis
1698 2280 1933 2343 itineri.

405 2450 584 2525 722.
634 2452 891 2533 Quando
961 2450 1241 2515 homines
1295 2469 1481 2514 curru
1542 2450 1641 2513 vel
1708 2449 1928 2514 lectica
1992 2451 2294 2528 feruntur,
2351 2451 2598 2517 licitum
2667 2453 2782 2529 est,

310 2558 524 2627 omnia
570 2555 915 2623 necessaria
962 2554 1158 2618 facere
1207 2553 1283 2617 ad
1329 2552 1471 2617 illos
1518 2553 1843 2630 iuvandOS,
1870 2553 1968 2618 vel
1998 2554 2433 2638 imponendam
2478 2555 2668 2620 mulis
2705 2555 2788 2619 le-

307 2665 539 2729 cticam
588 2664 735 2737 etc.;
785 2658 933 2741 quia
982 2656 1347 2722 ordinantur
1394 2659 1643 2720 tantum
1691 2656 1766 2719 ad
1821 2657 1943 2721 iter
1988 2677 2413 2742 personarum.
2448 2658 2541 2723 Ed
2573 2658 2789 2723 eadem

304 2767 562 2832 ratione
633 2764 751 2828 erit
796 2762 1060 2835 licitum,
1112 2778 1296 2824 onera
1343 2758 1687 2823 necessaria
1735 2759 1812 2823 ad
1858 2778 2010 2824 usus
2056 2760 2297 2826 itineris
2345 2762 2597 2839 deferre,
2647 2762 2785 2825 ut...

305 2868 658 2935 necessaria
707 2865 783 2929 ad
830 2882 1111 2928 mensam
1160 2864 1221 2927 et
1269 2861 1476 2924 cibum
1523 2861 1713 2925 etiam
1744 2861 2256 2939 iumentorum,...
2294 2863 2423 2929 sive
2457 2864 2605 2947 quia
2636 2864 2790 2928 haec

305 2971 522 3037 omnia
571 2968 894 3033 censentur
943 2964 1279 3030 accessoria
1343 2962 1552 3027 itineri
1621 2963 1750 3026 sive
1820 2963 1968 3045 quia
2016 2983 2209 3047 parva
2255 2968 2629 3049 reputantur
2689 2967 2788 3030 vel

304 3076 476 3138 certe
515 3072 662 3154 quia
695 3067 1137 3134 consuetudine
1171 3067 1415 3150 recepta
1448 3067 1596 3130 sunt
1632 3064 1841 3146 (Suar.
1882 3065 1924 3129 l.
1953 3086 2003 3130 c.
2039 3086 2098 3130 n.
2135 3068 2248 3151 3.).

403 3174 488 3238 Et
533 3192 581 3237 s.
618 3171 801 3254 Alph.
828 3190 888 3233 n.
926 3170 1073 3233 275.
1110 3188 1180 3234 ex
1214 3168 1428 3233 eadem
1461 3166 1902 3232 consuetudine
1935 3167 2181 3233 licitum
2214 3168 2388 3247 dixit,
2440 3169 2537 3233 uti
2567 3169 2787 3232 lectica

304 3279 390 3342 ab
440 3274 795 3340 hominibus
835 3273 1108 3356 portata.
1147 3270 1304 3335 Sane
1355 3269 1632 3334 Venetiis
1680 3290 1737 3333 v.
1775 3291 1867 3355 gr.
1902 3268 2244 3336 licet'certe
2295 3272 2571 3356 remigiis
2605 3290 2787 3357 agere

301 3378 654 3452 naviculae,
705 3375 930 3457 quibus
978 3373 1294 3438 deferatur
1341 3372 1478 3453 quis
1535 3371 1611 3434 ad
1659 3373 1965 3450 ecclesiae,
2016 3371 2092 3436 ad
2139 3373 2487 3436 visitandos
2536 3392 2789 3438 consan-

303 3481 593 3568 guineOS,
629 3478 704 3542 ad
752 3477 1050 3542 solatium
1083 3477 1198 3539 eto.

1168 3630 1271 3697 De
1302 3631 1539 3695 musica
1569 3634 1631 3693 et
1658 3628 1914 3693 choreis,

404 3788 582 3863 723.
631 3789 802 3854 Haec
851 3807 1033 3870 opera
1080 3805 1203 3851 non
1252 3783 1399 3848 sunt
1446 3780 1693 3846 servilia
1743 3783 1806 3844 et
1851 3779 2090 3843 musica
2137 3778 2416 3860 quidem3
2453 3780 2592 3843 tum
2640 3780 2789 3861 quia

302 3896 552 3961 musica
601 3894 765 3958 inter
812 3893 975 3955 artes
1022 3889 1309 3953 liberales
1359 3886 1779 3967 computatur,
1851 3884 1987 3946 tum
2036 3882 2184 3964 quia
2231 3901 2337 3965 per
2399 3901 2463 3947 se
2525 3901 2648 3947 non
2698 3886 2793 3947 est

305 4018 470 4082 opus
519 4014 838 4061 servorum
885 4011 1081 4075 neque
1115 4010 1186 4055 ex
1219 4007 1438 4075 genere
1477 4006 1588 4051 suo
1636 3986 1708 4050 fit
1759 3985 1834 4050 ad
1881 3984 2288 4059 serviendum,
2324 3987 2463 4049 tum
2516 3986 2662 4066 quia
2705 4005 2797 4049 or-

302 4101 571 4165 dinatur
638 4099 839 4163 solum
905 4095 977 4159 ad
1045 4093 1235 4158 animi
1293 4090 1817 4156 oblectamentum
1868 4090 1930 4152 et
1988 4086 2061 4152 de
2108 4106 2171 4151 se
2218 4087 2446 4151 excitat
2516 4089 2794 4151 mentem

302 4205 530 4285 estque
559 4202 737 4266 actus
786 4198 964 4281 quasi
1019 4194 1552 4261 sermocinationis
1600 4196 1767 4258 certo
1815 4191 1999 4256 modo
2047 4191 2268 4255 factus.
2319 4188 2446 4254 Nec
2493 4192 2788 4254 naturam

298 4306 544 4381 mutat,
588 4302 750 4386 quod
783 4299 1096 4365 interdum
1122 4297 1235 4361 fiat
1269 4297 1345 4361 ob
1382 4296 1742 4360 mercedem.

410 4406 683 4472 Choreae
734 4423 876 4468 vero
926 4421 1033 4467 seu
1082 4401 1467 4475 saltationes
1519 4398 1635 4462 etsi
1682 4397 1885 4480 magis
1919 4395 2234 4479 corporale
2269 4394 2417 4476 quid
2442 4395 2790 4472 videantur,

296 4510 521 4577 solum
553 4508 901 4574 consistunt
946 4506 1012 4570 in
1060 4503 1330 4586 quadam
1378 4499 1648 4582 corporis
1699 4498 2042 4582 agitatione
2083 4516 2153 4561 ac
2199 4497 2476 4560 motione
2527 4498 2604 4561 ad
2653 4498 2786 4560 eius

478 4650 763 4694 Rammium.
794 4671 845 4679 —
880 4643 1046 4690 Mor-al.
1078 4642 1228 4686 'romo
1256 4641 1323 4685 11.
2570 4636 2627 4679 85
