3497 5147
344 353 527 430 [1064]
803 365 956 414 Qun>
995 367 1089 410 sr't
1124 349 1415 425 susmmo,
1452 372 1741 415 mmmm!
1778 371 2191 415 mammarum
2227 372 2358 414 mo.
2707 360 2816 415 789

346 467 528 532 vibus
563 463 830 541 indiciis,
865 463 939 529 de
969 466 1151 549 gravi
1180 468 1348 532 malo
1396 468 1679 551 proximi.
1713 467 1909 533 Porro
1933 467 2264 543 dubitatio,
2295 468 2583 550 suspicio,
2609 470 2814 551 opinio

342 589 467 635 non
518 566 754 632 habent
796 567 1037 631 certam
1083 567 1159 632 de
1206 570 1376 635 malo
1422 570 1687 653 proximi
1734 570 2250 636 aestimationem.
2283 570 2589 635 Thomam
2620 572 2818 653 sequi·

345 672 450 735 tur
500 668 837 734 Caietanus
874 668 1048 747 ibid„
1082 669 1400 752 inquiens:
1456 696 1492 731 α
1524 691 1742 737 verum
1792 673 1906 750 est,
1941 673 2106 755 quod
2152 672 2299 755 quia
2345 672 2551 755 opinio
2599 673 2818 756 imper-

345 773 578 839 fectum
626 770 777 853 quid
823 771 920 835 est
983 771 1049 836 111
1116 791 1339 856 genere
1408 774 1783 858 cognitionis
1844 776 1909 839 et
1966 775 2516 852 determinationis,
2563 778 2815 859 propter

346 874 828 940 haesitationem
877 873 954 937 ad
964 874 1224 938 mixtam
1272 875 1337 939 et
1384 876 1682 941 iudicium
1718 877 2120 943 temerarium
2151 877 2224 942 de
2254 878 2521 960 peccatis
2549 879 2810 955 levibus,

343 978 586 1043 ratione
642 974 961 1054 materiae,
1012 975 1445 1059 imperfectum
1489 979 1616 1055 est;
1657 978 1796 1044 ideo
1825 979 2069 1044 nullum
2115 979 2340 1044 horum
2372 981 2468 1044 est
2490 981 2811 1062 peecatum

350 1079 635 1154 mortale,
683 1077 791 1142 sed
837 1077 1227 1143 solummodo
1260 1079 1661 1145 temerarium
1713 1080 2013 1145 iudicium
2050 1081 2123 1144 de
2169 1081 2424 1145 mortali
2455 1100 2527 1146 ex
2572 1082 2811 1148 levibus

349 1180 593 1246 indiciis
623 1205 686 1243 ».
734 1180 817 1243 Et
861 1179 1096 1244 citatur
1140 1180 1533 1264 Augustinus
1579 1183 1764 1246 tract.
1814 1182 1920 1246 90.
1967 1181 2032 1246 in
2063 1183 2393 1247 Ioannem:
2435 1207 2470 1240 ‹
2517 1183 2573 1247 si
2618 1185 2812 1267 suspi-

349 1284 587 1349 cionem
636 1281 888 1349 omnino
935 1282 1136 1348 vitare
1189 1301 1313 1348 non
1378 1301 1724 1366 possumus,
1774 1284 1922 1366 quia
1966 1283 2247 1350 homines
2298 1303 2535 1362 sumus,
2582 1284 2810 1350 iudicia

347 1388 577 1463 tamen,
626 1385 788 1450 idest
818 1383 1181 1465 definitivas
1217 1384 1557 1466 firmasque
1586 1386 1930 1450 sententias
1975 1385 2287 1450 continere
2332 1386 2623 1454 debemus
2654 1412 2717 1452 ».

433 1489 758 1574 Laymann
795 1507 941 1553 vero
982 1488 1061 1552 ab
1090 1488 1165 1552 A.
1216 1489 1448 1554 citatus
1495 1489 1673 1554 docet
1708 1485 1777 1551 1⁰
1810 1488 1977 1570 quod
2023 1489 2352 1554 temeraria
2398 1490 2667 1572 suspicio
2714 1492 2809 1555 est

344 1612 415 1657 ex
460 1611 682 1679 genere
728 1610 840 1656 suo
895 1592 1221 1674 peccatum
1258 1591 1518 1655 veniale.
1556 1590 1719 1655 Nam
1752 1611 1860 1674 per
1891 1610 2027 1656 eam
2064 1591 2233 1655 fama
2263 1610 2485 1674 parum
2515 1593 2802 1659 laeditur.

344 1696 542 1761 Docet
587 1697 657 1760 2ο
690 1695 869 1761 valde
908 1694 1227 1779 probabile
1258 1712 1408 1770 esse,
1457 1693 1624 1776 quod
1669 1695 1943 1778 suspicio
1990 1695 2064 1759 de
2099 1695 2278 1779 gravi
2324 1696 2568 1775 scelere,
2601 1717 2658 1762 v.
2707 1717 2803 1781 gr.

343 1798 729 1881 proditioni8‚
770 1797 1062 1872 incestus,
1098 1796 1429 1861 levissimis
1466 1795 1708 1860 indiciis
1740 1814 1812 1860 ac
1848 1816 2078 1881 magna
2125 1797 2317 1861 animi
2347 1798 2700 1864 temeritate
2731 1799 2805 1865 de

340 1920 601 1985 persona
630 1902 892 1966 honesta
930 1900 1225 1982 concepta
1273 1899 1351 1964 ad
1397 1900 1729 1964 mortalem
1752 1901 2073 1983 peccatum
2104 1900 2440 1984 pertingat.

436 2000 641 2074 1063.
697 2003 953 2069 Loesius
992 2003 1071 2067 ab
1114 2002 1192 2067 A.
1240 2020 1486 2084 quoque
1531 2002 1762 2067 citatus
1807 2002 1852 2066 1.
1902 2004 1963 2067 2.
2010 2022 2062 2066 0.
2113 2004 2220 2067 29.
2258 2003 2317 2067 d.
2374 2004 2435 2067 3.
2470 2003 2802 2088 distinguit

338 2106 648 2190 duplicem
696 2105 1112 2189 suspicionem
1160 2105 1348 2187 (quae
1395 2105 1459 2169 et
1505 2104 1857 2187 opinionem
1902 2105 2411 2189 comprehendit).
2460 2106 2640 2171 Prior
2686 2107 2798 2179 est,

340 2227 486 2273 cum
531 2209 671 2290 quis
702 2206 1061 2290 suspicatur
1105 2208 1343 2272 malum
1391 2207 1668 2283 alteriuS,
1717 2227 1790 2272 ex
1836 2226 2039 2273 errore
2085 2208 2356 2289 quodam
2409 2209 2797 2285 intellectum

346 2311 619 2377 advertit
648 2310 900 2393 quidem
947 2329 1012 2401 se
1058 2310 1297 2375 malum
1344 2310 1648 2392 suspicari
1702 2311 1768 2374 et
1818 2311 2029 2385 etiam,
2064 2311 2274 2392 aliquo
2319 2311 2504 2376 modo
2551 2311 2801 2375 dubitat

343 2433 423 2479 an
467 2432 657 2480 causa
703 2413 789 2479 sit
838 2412 1148 2478 sufficiens
1195 2412 1272 2477 ad
1305 2412 1765 2496 suspicandum,
1806 2413 2014 2477 tamen
2044 2414 2325 2497 neglecto
2357 2414 2492 2484 eius
2522 2413 2800 2478 examine

340 2534 464 2583 non
524 2515 794 2582 excludit
841 2515 1273 2599 suspicionem,
1336 2516 1596 2599 paratus
1642 2515 1981 2592 excludere,
2036 2515 2091 2582 si
2152 2515 2499 2583 adverteret
2543 2533 2797 2581 causam

340 2638 463 2684 non
510 2638 639 2684 esse
677 2618 1106 2685 sufficientem.
1132 2619 1350 2685 Altera
1375 2621 1489 2695 est,
1523 2638 1665 2683 cum
1711 2618 1852 2700 quis
1898 2636 2019 2683 non
2051 2619 2186 2683 tam
2233 2636 2304 2681 ex
2349 2636 2570 2695 errore,
2605 2637 2796 2700 quam

336 2740 411 2785 ex
456 2721 623 2785 malo
672 2719 896 2785 affectu
943 2722 1006 2786 et
1053 2720 1495 2785 malevolentia
1542 2739 1690 2804 erga
1722 2720 2014 2802 aliquem,
2046 2720 2194 2784 licet
2225 2719 2511 2784 advertat
2539 2738 2794 2785 causam

336 2821 693 2905 suspicandi
728 2841 851 2887 non
877 2840 1007 2887 esse
1038 2822 1464 2899 sufficientem,
1499 2824 1707 2887 tamen
1740 2841 1814 2886 ex
1844 2822 2090 2887 malitia
2120 2823 2261 2888 vult
2290 2822 2380 2887 sic
2409 2823 2483 2886 de
2514 2823 2791 2905 proximo

334 2925 582 2990 sentire.

424 3027 561 3091 Iam
600 3045 744 3091 vero
777 3025 850 3091 de
882 3026 1085 3109 priore
1122 3027 1419 3104 affirmat,
1458 3026 1621 3109 quod
1661 3027 1746 3091 sit
1780 3027 1915 3092 leve
1946 3028 2294 3109 peccatum3
2330 3028 2476 3110 quia
2513 3028 2607 3091 est
2637 3027 2790 3092 levis

335 3130 563 3195 iniuria
610 3150 720 3196 seu
766 3130 923 3196 levis
967 3130 1160 3196 laesio
1206 3130 1408 3195 famae
1456 3130 1737 3213 proximi.
1791 3131 1880 3194 De
1928 3130 2125 3195 altera
2172 3131 2465 3207 affirmat,
2504 3130 2687 3211 quod,
2737 3133 2787 3194 si

338 3235 651 3301 obiectum
696 3235 829 3301 eius
875 3235 959 3300 sit
1005 3252 1199 3318 grave
1242 3234 1478 3299 malum
1526 3233 1810 3315 proximi,
1851 3232 2011 3313 quod
2046 3250 2263 3313 nempe
2287 3231 2382 3295 illi
2413 3231 2498 3294 sit
2526 3251 2789 3316 magnae

336 3336 646 3415 infamiae,
682 3339 777 3402 est
822 3336 1144 3419 peccatum
1189 3336 1474 3400 mortale.
1524 3334 1683 3414 Quia
1728 3334 2004 3417 procedit
2052 3353 2124 3398 ex
2167 3333 2433 3409 malitia,
2482 3352 2604 3413 qua
2650 3334 2788 3415 quis

335 3439 476 3502 vult
503 3439 596 3503 ita
628 3437 930 3520 suspicari
961 3436 1035 3501 de
1067 3436 1276 3517 aliquo
1308 3438 1385 3501 ut
1414 3456 1555 3501 eum
1579 3438 1938 3501 contemnat
1974 3437 2037 3499 et
2073 3455 2184 3519 pro
2222 3435 2333 3499 vili
2370 3435 2630 3498 habeat:
2665 3455 2788 3517 qua

331 3536 397 3600 in
423 3557 487 3602 re
523 3540 733 3622 gravis
764 3540 860 3604 est
888 3537 1135 3603 iniuria.

424 3637 601 3704 Circa
650 3660 838 3722 quam
887 3640 1149 3706 alteram
1181 3640 1528 3705 doctrinam
1574 3639 1954 3705 advertimus
2001 3639 2142 3704 duo.
2181 3640 2462 3703 Primum
2501 3658 2620 3703 11011
2653 3640 2788 3705 8013

328 3743 597 3826 suspicio
631 3744 766 3809 heic
796 3745 1242 3819 consideratur,
1276 3744 1379 3809 sed
1428 3762 1615 3809 causa
1662 3743 1794 3808 eius
1841 3761 2032 3824 eaque
2077 3742 2141 3806 in
2188 3761 2252 3807 se
2298 3743 2574 3827 graviter
2619 3744 2787 3815 mala

328 3847 481 3929 puta
531 3845 761 3923 odium,
808 3866 967 3929 quae
1012 3866 1199 3913 eausa
1246 3846 1556 3913 malitiam
1603 3865 1783 3911 suam
1829 3846 2246 3911 communicat
2276 3845 2352 3910 iis
2385 3845 2643 3924 actibus,
2678 3846 2788 3928 qui

325 3950 579 4031 propter
608 3966 746 4012 eam
778 3948 958 4013 fiunt.
992 3950 1276 4015 Alterum
1333 3951 1448 4027 est,
1505 3947 1700 4013 videri
1750 3947 1928 4012 nobis
1987 3948 2252 4013 maxime
2297 3947 2584 4012 idoneam
2630 3949 2789 4014 hanc

320 4048 669 4115 doctrinam
714 4050 932 4128 Lessii,
975 4070 1100 4133 qua
1128 4052 1425 4117 reddatur
1468 4051 1631 4116 ratio
1678 4050 2014 4135 gravitatis
2058 4051 2294 4134 peccati
2338 4051 2403 4115 in
2450 4050 2677 4116 iudicio
2725 4055 2788 4118 et

320 4152 513 4216 etiam
562 4153 616 4217 si
665 4172 820 4236 opus
861 4155 977 4231 est,
1012 4154 1075 4217 in
1107 4155 1474 4237 suspicione,
1500 4154 1699 4236 petita
1736 4172 1810 4217 ex
1841 4153 2009 4217 mala
2041 4154 2383 4232 voluntate,
2417 4173 2577 4235 quae
2624 4154 2786 4219 male

321 4255 543 4321 affecta
575 4259 670 4321 est
717 4275 866 4342 erga
915 4257 1110 4322 alium
1142 4257 1206 4320 et
1249 4258 1390 4321 vult
1434 4257 1597 4321 male
1634 4256 1862 4321 sentire
1907 4256 1972 4321 et
2016 4256 2080 4320 in
2113 4257 2591 4339 apprehensione
2638 4258 2789 4321 alte-

322 4357 452 4424 rius
498 4359 793 4425 infamiae
840 4360 1216 4426 delectatur:
1241 4379 1432 4441 quam
1463 4360 1769 4424 rationem
1817 4360 1881 4424 et
1911 4360 1984 4422 A.
2018 4359 2334 4425 indicavit.

416 4457 623 4532 1064.
661 4461 819 4528 Cum
868 4482 976 4546 per
1023 4462 1382 4527 huiusmodi
1427 4461 1805 4544 suspiciones
1853 4464 1966 4526 aut
2012 4462 2328 4545 opiniones
2373 4462 2583 4547 gravis
2613 4463 2784 4528 iden—

326 4562 517 4628 tidem
562 4564 791 4632 iniuria
843 4566 1125 4649 proximo
1173 4564 1307 4630 fieri
1351 4565 1550 4647 possit
1565 4585 1587 4643 ‚·
1618 4565 1766 4650 quia
1797 4567 2123 4632 molestius
2155 4566 2294 4647 quis
2326 4566 2445 4632 fert
2492 4567 2785 4650 8118111019-
