<?xml version="1.0" encoding="UTF-8"?>
<!DOCTYPE html PUBLIC "-//W3C//DTD XHTML 1.0 Transitional//EN"
    "http://www.w3.org/TR/xhtml1/DTD/xhtml1-transitional.dtd">
<html xmlns="http://www.w3.org/1999/xhtml" xml:lang="en" lang="en">
 <head>
  <title>
</title>
<meta http-equiv="Content-Type" content="text/html;charset=utf-8" />
  <meta name='ocr-system' content='tesseract 3.04.00' />
  <meta name='ocr-capabilities' content='ocr_page ocr_carea ocr_par ocr_line ocrx_word'/>
</head>
<body>
  <div class='ocr_page' id='page_1' title='image "./opustheologicum00ballgoog_0120.png"; bbox 0 0 3497 5147; ppageno 0'>
   <div class='ocr_carea' id='block_1_1' title="bbox 294 389 2739 464">
    <p class='ocr_par' dir='ltr' id='par_1_1' title="bbox 294 389 2739 464">
     <span class='ocr_line' id='line_1_1' title="bbox 294 389 2739 464; baseline 0.003 -20"><span class='ocrx_word' id='word_1_1' title='bbox 294 389 419 464; x_wconf 77' lang='lat'>[152]</span> <span class='ocrx_word' id='word_1_2' title='bbox 922 405 1060 453; x_wconf 82' lang='lat' dir='ltr'>Quls</span> <span class='ocrx_word' id='word_1_3' title='bbox 1097 406 1261 447; x_wconf 71' lang='grc' dir='ltr'>011υο</span> <span class='ocrx_word' id='word_1_4' title='bbox 1300 408 1662 450; x_wconf 66' lang='grc' dir='ltr'><strong>εεΒνΑκυυε</strong></span> <span class='ocrx_word' id='word_1_5' title='bbox 1700 410 1765 449; x_wconf 77' lang='lat' dir='ltr'>m</span> <span class='ocrx_word' id='word_1_6' title='bbox 1803 411 2107 451; x_wconf 67' lang='lat' dir='ltr'>mmmm</span> <span class='ocrx_word' id='word_1_7' title='bbox 2636 397 2739 451; x_wconf 82' lang='lat'>113</span> 
     </span>
    </p>
   </div>
   <div class='ocr_carea' id='block_1_2' title="bbox 1306 586 1708 653">
    <p class='ocr_par' dir='ltr' id='par_1_2' title="bbox 1306 586 1708 653">
     <span class='ocr_line' id='line_1_2' title="bbox 1306 586 1708 653; baseline 0.002 -2"><span class='ocrx_word' id='word_1_8' title='bbox 1306 586 1577 653; x_wconf 85' lang='lat' dir='ltr'><strong>CAPUT</strong></span> <span class='ocrx_word' id='word_1_9' title='bbox 1625 589 1708 652; x_wconf 92' lang='lat' dir='ltr'>II.</span> 
     </span>
    </p>
   </div>
   <div class='ocr_carea' id='block_1_3' title="bbox 774 742 2245 793">
    <p class='ocr_par' dir='ltr' id='par_1_3' title="bbox 774 742 2245 793">
     <span class='ocr_line' id='line_1_3' title="bbox 774 742 2245 793; baseline 0.004 -6"><span class='ocrx_word' id='word_1_10' title='bbox 774 742 852 788; x_wconf 79' lang='lat' dir='ltr'>DE</span> <span class='ocrx_word' id='word_1_11' title='bbox 900 743 1270 790; x_wconf 77' lang='lat' dir='ltr'><strong>PRAECEPTIS</strong></span> <span class='ocrx_word' id='word_1_12' title='bbox 1317 744 1630 791; x_wconf 78' lang='lat' dir='ltr'><strong>CARI&#39;I&#39;ATIS</strong></span> <span class='ocrx_word' id='word_1_13' title='bbox 1677 746 1843 792; x_wconf 79' lang='lat' dir='ltr'>ERGA</span> <span class='ocrx_word' id='word_1_14' title='bbox 1892 745 2245 793; x_wconf 75' lang='lat' dir='ltr'><strong>PROXIMUM.</strong></span> 
     </span>
    </p>
   </div>
   <div class='ocr_carea' id='block_1_4' title="bbox 289 898 2738 1223">
    <p class='ocr_par' dir='ltr' id='par_1_4' title="bbox 289 898 2738 1223">
     <span class='ocr_line' id='line_1_4' title="bbox 387 898 2736 970; baseline 0.003 -19"><span class='ocrx_word' id='word_1_15' title='bbox 387 900 507 952; x_wconf 87' lang='lat' dir='ltr'>vm.</span> <span class='ocrx_word' id='word_1_16' title='bbox 528 898 724 954; x_wconf 70' lang='lat' dir='ltr'>Caritas</span> <span class='ocrx_word' id='word_1_17' title='bbox 744 899 955 965; x_wconf 84' lang='lat' dir='ltr'><strong>proximi</strong></span> <span class='ocrx_word' id='word_1_18' title='bbox 981 900 1217 968; x_wconf 74' lang='lat' dir='ltr'>praecipit</span> <span class='ocrx_word' id='word_1_19' title='bbox 1245 904 1286 954; x_wconf 89' lang='grc' dir='ltr'>Ι.</span> <span class='ocrx_word' id='word_1_20' title='bbox 1307 901 1530 955; x_wconf 82' lang='lat' dir='ltr'><strong>ordinem</strong></span> <span class='ocrx_word' id='word_1_21' title='bbox 1555 901 1604 954; x_wconf 89' lang='lat' dir='ltr'>in</span> <span class='ocrx_word' id='word_1_22' title='bbox 1632 917 1690 955; x_wconf 88' lang='lat' dir='ltr'>eo</span> <span class='ocrx_word' id='word_1_23' title='bbox 1715 902 1979 967; x_wconf 83' lang='lat' dir='ltr'>diligendo,</span> <span class='ocrx_word' id='word_1_24' title='bbox 2005 906 2054 956; x_wconf 80' lang='lat'>2.</span> <span class='ocrx_word' id='word_1_25' title='bbox 2076 903 2385 958; x_wconf 74' lang='lat' dir='ltr'>dilectionem</span> <span class='ocrx_word' id='word_1_26' title='bbox 2412 903 2736 970; x_wconf 86' lang='lat' dir='ltr'>inimicorum,</span> 
     </span>
     <span class='ocr_line' id='line_1_5' title="bbox 292 984 2738 1056; baseline 0.002 -19"><span class='ocrx_word' id='word_1_27' title='bbox 292 986 335 1037; x_wconf 85' lang='lat'>3.</span> <span class='ocrx_word' id='word_1_28' title='bbox 358 988 728 1049; x_wconf 77' lang='lat' dir='ltr'><strong>eleemosynam,</strong></span> <span class='ocrx_word' id='word_1_29' title='bbox 752 985 800 1038; x_wconf 78' lang='lat'>4.</span> <span class='ocrx_word' id='word_1_30' title='bbox 826 984 1181 1052; x_wconf 78' lang='lat' dir='ltr'>correptionem</span> <span class='ocrx_word' id='word_1_31' title='bbox 1207 990 1491 1040; x_wconf 72' lang='lat' dir='ltr'>fraternam.</span> <span class='ocrx_word' id='word_1_32' title='bbox 1521 986 1706 1040; x_wconf 81' lang='lat' dir='ltr'>Deinde</span> <span class='ocrx_word' id='word_1_33' title='bbox 1737 987 1964 1055; x_wconf 81' lang='lat' dir='ltr'>prohibet</span> <span class='ocrx_word' id='word_1_34' title='bbox 1993 990 2039 1040; x_wconf 74' lang='lat' dir='ltr'>l.</span> <span class='ocrx_word' id='word_1_35' title='bbox 2067 988 2233 1042; x_wconf 88' lang='lat' dir='ltr'>odium</span> <span class='ocrx_word' id='word_1_36' title='bbox 2268 988 2495 1056; x_wconf 82' lang='lat' dir='ltr'>proximi,</span> <span class='ocrx_word' id='word_1_37' title='bbox 2528 992 2575 1042; x_wconf 78' lang='lat'>2.</span> <span class='ocrx_word' id='word_1_38' title='bbox 2604 1004 2738 1043; x_wconf 81' lang='lat' dir='ltr'>scan-</span> 
     </span>
     <span class='ocr_line' id='line_1_6' title="bbox 292 1066 2736 1141; baseline 0.003 -21"><span class='ocrx_word' id='word_1_39' title='bbox 292 1070 455 1131; x_wconf 77' lang='lat' dir='ltr'>dalum,</span> <span class='ocrx_word' id='word_1_40' title='bbox 475 1072 523 1121; x_wconf 84' lang='lat'>3.</span> <span class='ocrx_word' id='word_1_41' title='bbox 550 1084 611 1122; x_wconf 87' lang='lat' dir='ltr'>ne</span> <span class='ocrx_word' id='word_1_42' title='bbox 629 1068 824 1134; x_wconf 79' lang='lat' dir='ltr'>iniuria,</span> <span class='ocrx_word' id='word_1_43' title='bbox 849 1072 1027 1123; x_wconf 81' lang='lat' dir='ltr'>bellum</span> <span class='ocrx_word' id='word_1_44' title='bbox 1054 1070 1249 1125; x_wconf 79' lang='lat' dir='ltr'>aliudve</span> <span class='ocrx_word' id='word_1_45' title='bbox 1269 1066 1421 1135; x_wconf 82' lang='lat' dir='ltr'>g’rave</span> <span class='ocrx_word' id='word_1_46' title='bbox 1443 1073 1669 1125; x_wconf 81' lang='lat' dir='ltr'>damnum</span> <span class='ocrx_word' id='word_1_47' title='bbox 1694 1076 1772 1126; x_wconf 83' lang='lat' dir='ltr'>vel</span> <span class='ocrx_word' id='word_1_48' title='bbox 1791 1077 1970 1127; x_wconf 82' lang='lat' dir='ltr'>malum</span> <span class='ocrx_word' id='word_1_49' title='bbox 1996 1073 2252 1128; x_wconf 79' lang='lat' dir='ltr'>inseratur.</span> <span class='ocrx_word' id='word_1_50' title='bbox 2270 1076 2344 1128; x_wconf 90' lang='lat' dir='ltr'>De</span> <span class='ocrx_word' id='word_1_51' title='bbox 2364 1088 2461 1140; x_wconf 83' lang='lat' dir='ltr'>quo</span> <span class='ocrx_word' id='word_1_52' title='bbox 2486 1081 2736 1141; x_wconf 84' lang='lat' dir='ltr'>posu-emo</span> 
     </span>
     <span class='ocr_line' id='line_1_7' title="bbox 289 1152 1299 1223; baseline 0.002 -17"><span class='ocrx_word' id='word_1_53' title='bbox 289 1161 439 1216; x_wconf 77' lang='lat' dir='ltr'>agetur</span> <span class='ocrx_word' id='word_1_54' title='bbox 475 1152 524 1206; x_wconf 89' lang='lat' dir='ltr'>in</span> <span class='ocrx_word' id='word_1_55' title='bbox 567 1156 841 1223; x_wconf 80' lang='lat' dir='ltr'>Decalogo;</span> <span class='ocrx_word' id='word_1_56' title='bbox 867 1157 928 1209; x_wconf 86' lang='lat' dir='ltr'>de</span> <span class='ocrx_word' id='word_1_57' title='bbox 966 1154 1166 1220; x_wconf 78' lang='lat' dir='ltr'>reliquis</span> <span class='ocrx_word' id='word_1_58' title='bbox 1204 1156 1299 1209; x_wconf 84' lang='lat' dir='ltr'>hic.</span> 
     </span>
    </p>
   </div>
   <div class='ocr_carea' id='block_1_5' title="bbox 534 1284 2472 1510">
    <p class='ocr_par' dir='ltr' id='par_1_5' title="bbox 534 1284 2472 1510">
     <span class='ocr_line' id='line_1_8' title="bbox 1375 1284 1631 1348; baseline 0 -1"><span class='ocrx_word' id='word_1_59' title='bbox 1375 1284 1532 1347; x_wconf 76' lang='lat' dir='ltr'>Dnss.</span> <span class='ocrx_word' id='word_1_60' title='bbox 1583 1285 1631 1348; x_wconf 91' lang='lat' dir='ltr'>I.</span> 
     </span>
     <span class='ocr_line' id='line_1_9' title="bbox 534 1403 2472 1510; baseline 0.003 -44"><span class='ocrx_word' id='word_1_61' title='bbox 534 1403 691 1510; x_wconf 46' lang='lat' dir='ltr'>Quis</span> <span class='ocrx_word' id='word_1_62' title='bbox 737 1403 888 1468; x_wconf 84' lang='lat' dir='ltr'>ordo</span> <span class='ocrx_word' id='word_1_63' title='bbox 933 1404 1278 1469; x_wconf 73' lang='lat' dir='ltr'>servan-dus</span> <span class='ocrx_word' id='word_1_64' title='bbox 1328 1406 1491 1468; x_wconf 77' lang='lat' dir='ltr'>inter</span> <span class='ocrx_word' id='word_1_65' title='bbox 1527 1425 1853 1486; x_wconf 75' lang='lat' dir='ltr'>persmzaS,</span> <span class='ocrx_word' id='word_1_66' title='bbox 1894 1427 2051 1488; x_wconf 77' lang='lat' dir='ltr'>quae</span> <span class='ocrx_word' id='word_1_67' title='bbox 2098 1407 2472 1490; x_wconf 74' lang='lat' dir='ltr'>diliyuntur.</span> 
     </span>
    </p>
   </div>
   <div class='ocr_carea' id='block_1_6' title="bbox 290 1540 2731 1860">
    <p class='ocr_par' dir='ltr' id='par_1_6' title="bbox 290 1540 2731 1860">
     <span class='ocr_line' id='line_1_10' title="bbox 385 1540 2731 1612; baseline 0.003 -20"><span class='ocrx_word' id='word_1_68' title='bbox 385 1542 464 1593; x_wconf 84' lang='grc' dir='ltr'>ΙΧ.</span> <span class='ocrx_word' id='word_1_69' title='bbox 487 1543 632 1607; x_wconf 84' lang='lat' dir='ltr'>Resp.</span> <span class='ocrx_word' id='word_1_70' title='bbox 653 1540 894 1595; x_wconf 54' lang='lat' dir='ltr'>hordine</span> <span class='ocrx_word' id='word_1_71' title='bbox 915 1541 1133 1595; x_wconf 77' lang='lat' dir='ltr'>caritatis</span> <span class='ocrx_word' id='word_1_72' title='bbox 1152 1542 1357 1608; x_wconf 85' lang='lat' dir='ltr'>quisque</span> <span class='ocrx_word' id='word_1_73' title='bbox 1381 1550 1571 1596; x_wconf 75' lang='lat' dir='ltr'>tenetur</span> <span class='ocrx_word' id='word_1_74' title='bbox 1597 1552 1708 1610; x_wconf 79' lang='lat' dir='ltr'>post</span> <span class='ocrx_word' id='word_1_75' title='bbox 1739 1547 1893 1597; x_wconf 88' lang='lat' dir='ltr'>Deum</span> <span class='ocrx_word' id='word_1_76' title='bbox 1921 1544 2119 1608; x_wconf 81' lang='lat' dir='ltr'>diligere</span> <span class='ocrx_word' id='word_1_77' title='bbox 2147 1547 2190 1598; x_wconf 86' lang='grc'>1.</span> <span class='ocrx_word' id='word_1_78' title='bbox 2212 1545 2444 1612; x_wconf 82' lang='lat' dir='ltr'>seipsum,</span> <span class='ocrx_word' id='word_1_79' title='bbox 2466 1549 2731 1602; x_wconf 85' lang='lat' dir='ltr'>secundum</span> 
     </span>
     <span class='ocr_line' id='line_1_11' title="bbox 292 1627 2728 1695; baseline 0.002 -16"><span class='ocrx_word' id='word_1_80' title='bbox 292 1629 402 1680; x_wconf 80' lang='lat' dir='ltr'>bona</span> <span class='ocrx_word' id='word_1_81' title='bbox 440 1627 722 1695; x_wconf 78' lang='lat' dir='ltr'>spiritualia,</span> <span class='ocrx_word' id='word_1_82' title='bbox 755 1630 801 1681; x_wconf 78' lang='lat'>2.</span> <span class='ocrx_word' id='word_1_83' title='bbox 827 1628 1119 1695; x_wconf 77' lang='lat' dir='ltr'>proximum,</span> <span class='ocrx_word' id='word_1_84' title='bbox 1158 1631 1317 1694; x_wconf 79' lang='lat' dir='ltr'>quoad</span> <span class='ocrx_word' id='word_1_85' title='bbox 1357 1630 1525 1682; x_wconf 83' lang='lat' dir='ltr'>cadem</span> <span class='ocrx_word' id='word_1_86' title='bbox 1566 1632 1708 1692; x_wconf 84' lang='lat' dir='ltr'>hona,</span> <span class='ocrx_word' id='word_1_87' title='bbox 1737 1631 1784 1681; x_wconf 86' lang='lat'>3.</span> <span class='ocrx_word' id='word_1_88' title='bbox 1814 1628 2050 1695; x_wconf 88' lang='lat' dir='ltr'>seipsum,</span> <span class='ocrx_word' id='word_1_89' title='bbox 2074 1632 2234 1694; x_wconf 85' lang='lat' dir='ltr'>quoad</span> <span class='ocrx_word' id='word_1_90' title='bbox 2273 1632 2400 1681; x_wconf 84' lang='lat' dir='ltr'>hona</span> <span class='ocrx_word' id='word_1_91' title='bbox 2441 1629 2728 1695; x_wconf 82' lang='lat' dir='ltr'>corporalia,</span> 
     </span>
     <span class='ocr_line' id='line_1_12' title="bbox 291 1711 2731 1779; baseline 0.002 -16"><span class='ocrx_word' id='word_1_92' title='bbox 291 1711 333 1763; x_wconf 74' lang='lat'>4.</span> <span class='ocrx_word' id='word_1_93' title='bbox 355 1712 636 1777; x_wconf 79' lang='lat' dir='ltr'>proximum,</span> <span class='ocrx_word' id='word_1_94' title='bbox 657 1715 817 1778; x_wconf 77' lang='lat' dir='ltr'>quoad</span> <span class='ocrx_word' id='word_1_95' title='bbox 846 1713 1030 1774; x_wconf 78' lang='lat' dir='ltr'>eadem,</span> <span class='ocrx_word' id='word_1_96' title='bbox 1052 1713 1101 1764; x_wconf 80' lang='lat'>5.</span> <span class='ocrx_word' id='word_1_97' title='bbox 1125 1712 1333 1777; x_wconf 83' lang='lat' dir='ltr'>(lenique</span> <span class='ocrx_word' id='word_1_98' title='bbox 1360 1713 1573 1779; x_wconf 86' lang='lat' dir='ltr'>seipsum</span> <span class='ocrx_word' id='word_1_99' title='bbox 1601 1721 1650 1766; x_wconf 78' lang='lat' dir='ltr'>et</span> <span class='ocrx_word' id='word_1_100' title='bbox 1671 1712 1848 1766; x_wconf 85' lang='lat' dir='ltr'>deinde</span> <span class='ocrx_word' id='word_1_101' title='bbox 1876 1711 2151 1778; x_wconf 85' lang='lat' dir='ltr'>proximum</span> <span class='ocrx_word' id='word_1_102' title='bbox 2173 1716 2333 1778; x_wconf 86' lang='lat' dir='ltr'>quoad</span> <span class='ocrx_word' id='word_1_103' title='bbox 2361 1716 2486 1766; x_wconf 84' lang='lat' dir='ltr'>bona</span> <span class='ocrx_word' id='word_1_104' title='bbox 2516 1721 2731 1767; x_wconf 80' lang='lat' dir='ltr'>externa.</span> 
     </span>
     <span class='ocr_line' id='line_1_13' title="bbox 290 1795 1694 1860; baseline 0.004 -14"><span class='ocrx_word' id='word_1_105' title='bbox 290 1795 354 1847; x_wconf 79' lang='lat' dir='ltr'>lla</span> <span class='ocrx_word' id='word_1_106' title='bbox 379 1798 538 1860; x_wconf 82' lang='lat' dir='ltr'>Laym.</span> <span class='ocrx_word' id='word_1_107' title='bbox 567 1800 598 1849; x_wconf 88' lang='lat' dir='ltr'>l.</span> <span class='ocrx_word' id='word_1_108' title='bbox 624 1801 674 1850; x_wconf 81' lang='lat'>2.</span> <span class='ocrx_word' id='word_1_109' title='bbox 702 1803 736 1850; x_wconf 79' lang='lat' dir='ltr'>l.</span> <span class='ocrx_word' id='word_1_110' title='bbox 767 1799 816 1850; x_wconf 87' lang='grc'>3.</span> <span class='ocrx_word' id='word_1_111' title='bbox 846 1811 889 1850; x_wconf 85' lang='grc'>6.</span> <span class='ocrx_word' id='word_1_112' title='bbox 921 1799 969 1849; x_wconf 87' lang='lat'>3.</span> <span class='ocrx_word' id='word_1_113' title='bbox 1000 1811 1061 1849; x_wconf 88' lang='lat' dir='ltr'>ex</span> <span class='ocrx_word' id='word_1_114' title='bbox 1090 1812 1129 1850; x_wconf 80' lang='lat' dir='ltr'>s,</span> <span class='ocrx_word' id='word_1_115' title='bbox 1158 1799 1250 1850; x_wconf 87' lang='lat' dir='ltr'>Th.</span> <span class='ocrx_word' id='word_1_116' title='bbox 1281 1804 1329 1851; x_wconf 81' lang='lat' dir='ltr'>el</span> <span class='ocrx_word' id='word_1_117' title='bbox 1355 1797 1694 1851; x_wconf 78' lang='lat' dir='ltr'>communiter.</span> 
     </span>
    </p>
   </div>
   <div class='ocr_carea' id='block_1_7' title="bbox 265 1908 2737 4666">
    <p class='ocr_par' dir='ltr' id='par_1_7' title="bbox 283 1908 2737 2204">
     <span class='ocr_line' id='line_1_14' title="bbox 377 1908 2733 1998; baseline 0 -18"><span class='ocrx_word' id='word_1_118' title='bbox 377 1908 684 1982; x_wconf 79' lang='lat' dir='ltr'>152.Tria</span> <span class='ocrx_word' id='word_1_119' title='bbox 701 1916 845 1978; x_wconf 87' lang='lat' dir='ltr'>sunt</span> <span class='ocrx_word' id='word_1_120' title='bbox 868 1914 1178 1998; x_wconf 85' lang='lat' dir='ltr'>diligenda</span> <span class='ocrx_word' id='word_1_121' title='bbox 1194 1914 1262 1977; x_wconf 84' lang='lat'>1⁰</span> <span class='ocrx_word' id='word_1_122' title='bbox 1275 1915 1460 1991; x_wconf 76' lang='lat' dir='ltr'>Beue,</span> <span class='ocrx_word' id='word_1_123' title='bbox 1476 1916 1668 1979; x_wconf 82' lang='lat' dir='ltr'>2⁰nos</span> <span class='ocrx_word' id='word_1_124' title='bbox 1691 1914 1812 1998; x_wconf 89' lang='lat' dir='ltr'>ipsi</span> <span class='ocrx_word' id='word_1_125' title='bbox 1832 1918 1894 1979; x_wconf 87' lang='lat' dir='ltr'>et</span> <span class='ocrx_word' id='word_1_126' title='bbox 1920 1917 1991 1978; x_wconf 74' lang='grc' dir='ltr'>3ο</span> <span class='ocrx_word' id='word_1_127' title='bbox 2002 1915 2336 1998; x_wconf 82' lang='lat' dir='ltr'>proximus.</span> <span class='ocrx_word' id='word_1_128' title='bbox 2350 1914 2499 1980; x_wconf 87' lang='lat' dir='ltr'>Luc.</span> <span class='ocrx_word' id='word_1_129' title='bbox 2513 1915 2591 1979; x_wconf 92' lang='lat' dir='ltr'>X.</span> <span class='ocrx_word' id='word_1_130' title='bbox 2607 1916 2733 1980; x_wconf 84' lang='lat'><strong>27.:</strong></span> 
     </span>
     <span class='ocr_line' id='line_1_15' title="bbox 287 2012 2737 2097; baseline 0.003 -21"><span class='ocrx_word' id='word_1_131' title='bbox 287 2012 531 2097; x_wconf 72' lang='lat' dir='ltr'>Miyes</span> <span class='ocrx_word' id='word_1_132' title='bbox 557 2015 900 2081; x_wconf 78' lang='lat' dir='ltr'>Dominum</span> <span class='ocrx_word' id='word_1_133' title='bbox 929 2015 1137 2080; x_wconf 80' lang='lat' dir='ltr'>Deum</span> <span class='ocrx_word' id='word_1_134' title='bbox 1185 2020 1357 2079; x_wconf 75' lang='lat' dir='ltr'>tuum</span> <span class='ocrx_word' id='word_1_135' title='bbox 1404 2037 1482 2079; x_wconf 72' lang='lat' dir='ltr'>ea:</span> <span class='ocrx_word' id='word_1_136' title='bbox 1530 2020 1652 2080; x_wconf 75' lang='lat' dir='ltr'>toto</span> <span class='ocrx_word' id='word_1_137' title='bbox 1688 2015 1871 2081; x_wconf 83' lang='lat' dir='ltr'>corde</span> <span class='ocrx_word' id='word_1_138' title='bbox 1922 2021 2021 2081; x_wconf 78' lang='lat' dir='ltr'>tuo</span> <span class='ocrx_word' id='word_1_139' title='bbox 2069 2021 2131 2081; x_wconf 80' lang='lat' dir='ltr'>et</span> <span class='ocrx_word' id='word_1_140' title='bbox 2160 2018 2524 2097; x_wconf 72' lang='lat' dir='ltr'>proximum</span> <span class='ocrx_word' id='word_1_141' title='bbox 2565 2022 2737 2083; x_wconf 76' lang='lat' dir='ltr'>tuum</span> 
     </span>
     <span class='ocr_line' id='line_1_16' title="bbox 283 2118 2553 2204; baseline 0.002 -24"><span class='ocrx_word' id='word_1_142' title='bbox 283 2118 439 2180; x_wconf 74' lang='lat' dir='ltr'>sieut</span> <span class='ocrx_word' id='word_1_143' title='bbox 483 2123 537 2182; x_wconf 77' lang='lat' dir='ltr'>te</span> <span class='ocrx_word' id='word_1_144' title='bbox 583 2120 806 2200; x_wconf 65' lang='lat' dir='ltr'>apsum.</span> <span class='ocrx_word' id='word_1_145' title='bbox 841 2119 965 2185; x_wconf 90' lang='lat' dir='ltr'>Ubi</span> <span class='ocrx_word' id='word_1_146' title='bbox 997 2137 1171 2183; x_wconf 91' lang='lat' dir='ltr'>amor</span> <span class='ocrx_word' id='word_1_147' title='bbox 1208 2120 1305 2183; x_wconf 89' lang='lat' dir='ltr'>sui</span> <span class='ocrx_word' id='word_1_148' title='bbox 1337 2120 1710 2202; x_wconf 77' lang='lat' dir='ltr'>supponitur</span> <span class='ocrx_word' id='word_1_149' title='bbox 1741 2122 1806 2184; x_wconf 89' lang='lat' dir='ltr'>et</span> <span class='ocrx_word' id='word_1_150' title='bbox 1835 2119 1971 2185; x_wconf 91' lang='lat' dir='ltr'>ideo</span> <span class='ocrx_word' id='word_1_151' title='bbox 2005 2139 2125 2184; x_wconf 91' lang='lat' dir='ltr'>non</span> <span class='ocrx_word' id='word_1_152' title='bbox 2158 2120 2553 2204; x_wconf 87' lang='lat' dir='ltr'>praecipitur.</span> 
     </span>
    </p>

    <p class='ocr_par' dir='ltr' id='par_1_8' title="bbox 275 2220 2734 2921">
     <span class='ocr_line' id='line_1_17' title="bbox 363 2220 2733 2306; baseline 0.003 -23"><span class='ocrx_word' id='word_1_153' title='bbox 363 2220 626 2286; x_wconf 86' lang='lat' dir='ltr'>Nomine</span> <span class='ocrx_word' id='word_1_154' title='bbox 671 2220 934 2305; x_wconf 79' lang='lat' dir='ltr'>proximi</span> <span class='ocrx_word' id='word_1_155' title='bbox 970 2220 1347 2306; x_wconf 86' lang='lat' dir='ltr'>intelligitur</span> <span class='ocrx_word' id='word_1_156' title='bbox 1384 2221 1699 2304; x_wconf 87' lang='lat' dir='ltr'>quaelibet</span> <span class='ocrx_word' id='word_1_157' title='bbox 1745 2225 2031 2287; x_wconf 87' lang='lat' dir='ltr'>creatura</span> <span class='ocrx_word' id='word_1_158' title='bbox 2078 2223 2538 2298; x_wconf 59' lang='lat' dir='ltr'>intellecturum,</span> <span class='ocrx_word' id='word_1_159' title='bbox 2575 2242 2733 2306; x_wconf 90' lang='lat' dir='ltr'>quae</span> 
     </span>
     <span class='ocr_line' id='line_1_18' title="bbox 283 2323 2734 2407; baseline 0.002 -22"><span class='ocrx_word' id='word_1_160' title='bbox 283 2323 593 2388; x_wconf 88' lang='lat' dir='ltr'>nobiscum</span> <span class='ocrx_word' id='word_1_161' title='bbox 626 2342 818 2407; x_wconf 81' lang='lat' dir='ltr'>capax</span> <span class='ocrx_word' id='word_1_162' title='bbox 849 2323 944 2387; x_wconf 88' lang='lat' dir='ltr'>est</span> <span class='ocrx_word' id='word_1_163' title='bbox 975 2325 1258 2387; x_wconf 77' lang='lat' dir='ltr'>aeternae</span> <span class='ocrx_word' id='word_1_164' title='bbox 1288 2324 1693 2389; x_wconf 75' lang='lat' dir='ltr'>beatitudinis</span> <span class='ocrx_word' id='word_1_165' title='bbox 1720 2344 1791 2388; x_wconf 89' lang='lat' dir='ltr'>ac</span> <span class='ocrx_word' id='word_1_166' title='bbox 1822 2325 2125 2389; x_wconf 88' lang='lat' dir='ltr'>donorum</span> <span class='ocrx_word' id='word_1_167' title='bbox 2156 2325 2528 2390; x_wconf 88' lang='lat' dir='ltr'>divinorum.</span> <span class='ocrx_word' id='word_1_168' title='bbox 2556 2324 2734 2392; x_wconf 87' lang='lat' dir='ltr'>Com-</span> 
     </span>
     <span class='ocr_line' id='line_1_19' title="bbox 282 2425 2731 2512; baseline 0.002 -25"><span class='ocrx_word' id='word_1_169' title='bbox 282 2425 734 2506; x_wconf 87' lang='lat' dir='ltr'>prehenduntur</span> <span class='ocrx_word' id='word_1_170' title='bbox 757 2444 903 2511; x_wconf 87' lang='lat' dir='ltr'>ergo</span> <span class='ocrx_word' id='word_1_171' title='bbox 927 2445 1049 2490; x_wconf 88' lang='lat' dir='ltr'>non</span> <span class='ocrx_word' id='word_1_172' title='bbox 1068 2426 1270 2491; x_wconf 88' lang='lat' dir='ltr'>solum</span> <span class='ocrx_word' id='word_1_173' title='bbox 1294 2427 1574 2491; x_wconf 88' lang='lat' dir='ltr'>homines</span> <span class='ocrx_word' id='word_1_174' title='bbox 1591 2426 2003 2502; x_wconf 77' lang='lat' dir='ltr'>viatore8‚sed</span> <span class='ocrx_word' id='word_1_175' title='bbox 2021 2428 2213 2491; x_wconf 86' lang='lat' dir='ltr'>etiam</span> <span class='ocrx_word' id='word_1_176' title='bbox 2223 2426 2465 2512; x_wconf 81' lang='lat' dir='ltr'>Angeli‚</span> <span class='ocrx_word' id='word_1_177' title='bbox 2487 2428 2731 2494; x_wconf 88' lang='lat' dir='ltr'>animae</span> 
     </span>
     <span class='ocr_line' id='line_1_20' title="bbox 280 2526 2731 2615; baseline 0.003 -26"><span class='ocrx_word' id='word_1_178' title='bbox 280 2526 481 2593; x_wconf 84' lang='lat' dir='ltr'>beatae</span> <span class='ocrx_word' id='word_1_179' title='bbox 517 2529 587 2594; x_wconf 88' lang='lat' dir='ltr'>in</span> <span class='ocrx_word' id='word_1_180' title='bbox 621 2528 792 2593; x_wconf 89' lang='lat' dir='ltr'>caelo</span> <span class='ocrx_word' id='word_1_181' title='bbox 824 2529 888 2594; x_wconf 91' lang='lat' dir='ltr'>et</span> <span class='ocrx_word' id='word_1_182' title='bbox 921 2528 1161 2593; x_wconf 87' lang='lat' dir='ltr'>animae</span> <span class='ocrx_word' id='word_1_183' title='bbox 1193 2528 1256 2593; x_wconf 92' lang='lat' dir='ltr'>in</span> <span class='ocrx_word' id='word_1_184' title='bbox 1288 2531 1684 2615; x_wconf 86' lang='lat' dir='ltr'>purgatorio:</span> <span class='ocrx_word' id='word_1_185' title='bbox 1719 2549 1841 2595; x_wconf 92' lang='lat' dir='ltr'>non</span> <span class='ocrx_word' id='word_1_186' title='bbox 1876 2530 2086 2596; x_wconf 88' lang='lat' dir='ltr'>tamen</span> <span class='ocrx_word' id='word_1_187' title='bbox 2125 2530 2367 2595; x_wconf 88' lang='lat' dir='ltr'>animae</span> <span class='ocrx_word' id='word_1_188' title='bbox 2400 2531 2731 2596; x_wconf 86' lang='lat' dir='ltr'>damnatae</span> 
     </span>
     <span class='ocr_line' id='line_1_21' title="bbox 279 2619 2732 2719; baseline 0.003 -27"><span class='ocrx_word' id='word_1_189' title='bbox 279 2632 384 2692; x_wconf 91' lang='lat' dir='ltr'>aut</span> <span class='ocrx_word' id='word_1_190' title='bbox 413 2631 743 2697; x_wconf 87' lang='lat' dir='ltr'>daemones</span> <span class='ocrx_word' id='word_1_191' title='bbox 777 2635 889 2696; x_wconf 90' lang='lat' dir='ltr'>aut</span> <span class='ocrx_word' id='word_1_192' title='bbox 919 2633 1236 2697; x_wconf 76' lang='lat' dir='ltr'>creaturae</span> <span class='ocrx_word' id='word_1_193' title='bbox 1267 2619 1678 2713; x_wconf 85' lang='lat' dir='ltr'>irrationales,</span> <span class='ocrx_word' id='word_1_194' title='bbox 1705 2635 1780 2699; x_wconf 91' lang='lat' dir='ltr'>ut</span> <span class='ocrx_word' id='word_1_195' title='bbox 1810 2633 2010 2698; x_wconf 85' lang='lat' dir='ltr'>stulta</span> <span class='ocrx_word' id='word_1_196' title='bbox 2042 2633 2106 2698; x_wconf 93' lang='lat' dir='ltr'>et</span> <span class='ocrx_word' id='word_1_197' title='bbox 2134 2634 2358 2698; x_wconf 89' lang='lat' dir='ltr'>inscita</span> <span class='ocrx_word' id='word_1_198' title='bbox 2390 2634 2732 2719; x_wconf 84' lang='lat' dir='ltr'>hypocrisis</span> 
     </span>
     <span class='ocr_line' id='line_1_22' title="bbox 276 2731 2729 2818; baseline 0.002 -23"><span class='ocrx_word' id='word_1_199' title='bbox 276 2731 558 2799; x_wconf 85' lang='lat' dir='ltr'>hodierna</span> <span class='ocrx_word' id='word_1_200' title='bbox 611 2734 814 2818; x_wconf 84' lang='lat' dir='ltr'>fingit.</span> <span class='ocrx_word' id='word_1_201' title='bbox 847 2734 962 2799; x_wconf 86' lang='lat' dir='ltr'>Est</span> <span class='ocrx_word' id='word_1_202' title='bbox 1007 2736 1352 2799; x_wconf 89' lang='lat' dir='ltr'>communis</span> <span class='ocrx_word' id='word_1_203' title='bbox 1399 2735 1698 2800; x_wconf 89' lang='lat' dir='ltr'>doctrina.</span> <span class='ocrx_word' id='word_1_204' title='bbox 1739 2735 1928 2801; x_wconf 88' lang='lat' dir='ltr'>Ratio</span> <span class='ocrx_word' id='word_1_205' title='bbox 1977 2735 2181 2818; x_wconf 86' lang='lat' dir='ltr'>quoad</span> <span class='ocrx_word' id='word_1_206' title='bbox 2218 2735 2546 2801; x_wconf 88' lang='lat' dir='ltr'>damnatos</span> <span class='ocrx_word' id='word_1_207' title='bbox 2594 2739 2729 2813; x_wconf 89' lang='lat' dir='ltr'>est;</span> 
     </span>
     <span class='ocr_line' id='line_1_23' title="bbox 275 2837 2439 2921; baseline 0.001 -21"><span class='ocrx_word' id='word_1_208' title='bbox 275 2837 412 2917; x_wconf 86' lang='lat' dir='ltr'>quia</span> <span class='ocrx_word' id='word_1_209' title='bbox 443 2857 565 2903; x_wconf 92' lang='lat' dir='ltr'>non</span> <span class='ocrx_word' id='word_1_210' title='bbox 604 2838 756 2902; x_wconf 88' lang='lat' dir='ltr'>sunt</span> <span class='ocrx_word' id='word_1_211' title='bbox 785 2856 1038 2921; x_wconf 81' lang='lat' dir='ltr'>capaces</span> <span class='ocrx_word' id='word_1_212' title='bbox 1069 2838 1374 2903; x_wconf 90' lang='lat' dir='ltr'>bonorum</span> <span class='ocrx_word' id='word_1_213' title='bbox 1405 2857 1514 2903; x_wconf 90' lang='lat' dir='ltr'>nec</span> <span class='ocrx_word' id='word_1_214' title='bbox 1550 2841 1815 2921; x_wconf 84' lang='lat' dir='ltr'>possunt</span> <span class='ocrx_word' id='word_1_215' title='bbox 1853 2839 2184 2903; x_wconf 88' lang='lat' dir='ltr'>efficaciter</span> <span class='ocrx_word' id='word_1_216' title='bbox 2214 2839 2439 2903; x_wconf 86' lang='lat' dir='ltr'>iuvari.</span> 
     </span>
    </p>

    <p class='ocr_par' dir='ltr' id='par_1_9' title="bbox 272 2939 2732 3128">
     <span class='ocr_line' id='line_1_24' title="bbox 355 2939 2732 3024; baseline 0.001 -21"><span class='ocrx_word' id='word_1_217' title='bbox 355 2939 516 3005; x_wconf 89' lang='lat' dir='ltr'>Nota</span> <span class='ocrx_word' id='word_1_218' title='bbox 556 2959 678 3006; x_wconf 89' lang='lat' dir='ltr'>nos</span> <span class='ocrx_word' id='word_1_219' title='bbox 716 2941 780 3005; x_wconf 92' lang='lat' dir='ltr'>et</span> <span class='ocrx_word' id='word_1_220' title='bbox 826 2941 1177 3024; x_wconf 79' lang='lat' dir='ltr'>proximum</span> <span class='ocrx_word' id='word_1_221' title='bbox 1207 2940 1464 3024; x_wconf 85' lang='lat' dir='ltr'>diligere</span> <span class='ocrx_word' id='word_1_222' title='bbox 1501 2959 1613 3005; x_wconf 87' lang='lat' dir='ltr'>nos</span> <span class='ocrx_word' id='word_1_223' title='bbox 1645 2959 1822 3023; x_wconf 89' lang='lat' dir='ltr'>posse</span> <span class='ocrx_word' id='word_1_224' title='bbox 1862 2940 2094 3024; x_wconf 82' lang='lat' dir='ltr'>duplici</span> <span class='ocrx_word' id='word_1_225' title='bbox 2130 2940 2335 3018; x_wconf 90' lang='lat' dir='ltr'>modo,</span> <span class='ocrx_word' id='word_1_226' title='bbox 2373 2941 2441 3004; x_wconf 87' lang='lat'>1⁰</span> <span class='ocrx_word' id='word_1_227' title='bbox 2471 2941 2732 3006; x_wconf 87' lang='lat' dir='ltr'>caritate</span> 
     </span>
     <span class='ocr_line' id='line_1_25' title="bbox 272 3040 1927 3128; baseline 0.002 -26"><span class='ocrx_word' id='word_1_228' title='bbox 272 3040 643 3128; x_wconf 83' lang='lat' dir='ltr'>theologica,</span> <span class='ocrx_word' id='word_1_229' title='bbox 680 3045 749 3107; x_wconf 83' lang='lat'>2⁰</span> <span class='ocrx_word' id='word_1_230' title='bbox 780 3043 1042 3108; x_wconf 89' lang='lat' dir='ltr'>caritate</span> <span class='ocrx_word' id='word_1_231' title='bbox 1074 3062 1183 3108; x_wconf 87' lang='lat' dir='ltr'>seu</span> <span class='ocrx_word' id='word_1_232' title='bbox 1215 3042 1449 3107; x_wconf 86' lang='lat' dir='ltr'>virtute</span> <span class='ocrx_word' id='word_1_233' title='bbox 1480 3062 1645 3107; x_wconf 87' lang='lat' dir='ltr'>mere</span> <span class='ocrx_word' id='word_1_234' title='bbox 1677 3043 1927 3107; x_wconf 89' lang='lat' dir='ltr'>morali.</span> 
     </span>
    </p>

    <p class='ocr_par' dir='ltr' id='par_1_10' title="bbox 268 3145 2732 3744">
     <span class='ocr_line' id='line_1_26' title="bbox 353 3145 2731 3232; baseline 0.001 -24"><span class='ocrx_word' id='word_1_235' title='bbox 353 3145 700 3232; x_wconf 84' lang='lat' dir='ltr'>Diligimus</span> <span class='ocrx_word' id='word_1_236' title='bbox 734 3166 805 3211; x_wconf 84' lang='lat' dir='ltr'>ex</span> <span class='ocrx_word' id='word_1_237' title='bbox 829 3147 1063 3211; x_wconf 81' lang='lat' dir='ltr'>virtute</span> <span class='ocrx_word' id='word_1_238' title='bbox 1087 3146 1458 3230; x_wconf 84' lang='lat' dir='ltr'>theologica,</span> <span class='ocrx_word' id='word_1_239' title='bbox 1485 3145 1730 3227; x_wconf 89' lang='lat' dir='ltr'>quando</span> <span class='ocrx_word' id='word_1_240' title='bbox 1756 3145 2114 3209; x_wconf 87' lang='lat' dir='ltr'>huiusmodi</span> <span class='ocrx_word' id='word_1_241' title='bbox 2146 3164 2320 3211; x_wconf 88' lang='lat' dir='ltr'>amor</span> <span class='ocrx_word' id='word_1_242' title='bbox 2350 3165 2460 3229; x_wconf 88' lang='lat' dir='ltr'>pro</span> <span class='ocrx_word' id='word_1_243' title='bbox 2492 3146 2731 3211; x_wconf 86' lang='lat' dir='ltr'>motivo</span> 
     </span>
     <span class='ocr_line' id='line_1_27' title="bbox 269 3244 2729 3334; baseline 0.003 -26"><span class='ocrx_word' id='word_1_244' title='bbox 269 3244 510 3313; x_wconf 85' lang='lat' dir='ltr'>formali</span> <span class='ocrx_word' id='word_1_245' title='bbox 541 3250 741 3313; x_wconf 85' lang='lat' dir='ltr'>habet</span> <span class='ocrx_word' id='word_1_246' title='bbox 770 3249 1046 3314; x_wconf 84' lang='lat' dir='ltr'>divinam</span> <span class='ocrx_word' id='word_1_247' title='bbox 1079 3248 1442 3325; x_wconf 89' lang='lat' dir='ltr'>bonitatem,</span> <span class='ocrx_word' id='word_1_248' title='bbox 1468 3269 1527 3313; x_wconf 84' lang='lat' dir='ltr'>v.</span> <span class='ocrx_word' id='word_1_249' title='bbox 1556 3269 1648 3333; x_wconf 85' lang='lat' dir='ltr'>gr.</span> <span class='ocrx_word' id='word_1_250' title='bbox 1678 3248 1825 3330; x_wconf 89' lang='lat' dir='ltr'>quia</span> <span class='ocrx_word' id='word_1_251' title='bbox 1858 3268 2074 3313; x_wconf 89' lang='lat' dir='ltr'>sumus</span> <span class='ocrx_word' id='word_1_252' title='bbox 2102 3248 2314 3334; x_wconf 89' lang='lat' dir='ltr'>imago</span> <span class='ocrx_word' id='word_1_253' title='bbox 2338 3251 2456 3314; x_wconf 90' lang='lat' dir='ltr'>Dei</span> <span class='ocrx_word' id='word_1_254' title='bbox 2486 3264 2729 3315; x_wconf 87' lang='lat' dir='ltr'>summe</span> 
     </span>
     <span class='ocr_line' id='line_1_28' title="bbox 268 3347 2726 3434; baseline 0.002 -23"><span class='ocrx_word' id='word_1_255' title='bbox 268 3347 431 3413; x_wconf 92' lang='lat' dir='ltr'>boni:</span> <span class='ocrx_word' id='word_1_256' title='bbox 465 3353 625 3434; x_wconf 85' lang='lat' dir='ltr'>quia</span> <span class='ocrx_word' id='word_1_257' title='bbox 671 3371 888 3416; x_wconf 87' lang='lat' dir='ltr'>sumus</span> <span class='ocrx_word' id='word_1_258' title='bbox 934 3370 1187 3434; x_wconf 92' lang='lat' dir='ltr'>capaces</span> <span class='ocrx_word' id='word_1_259' title='bbox 1224 3351 1629 3415; x_wconf 87' lang='lat' dir='ltr'>beatitudinis</span> <span class='ocrx_word' id='word_1_260' title='bbox 1677 3354 1740 3415; x_wconf 92' lang='lat' dir='ltr'>et</span> <span class='ocrx_word' id='word_1_261' title='bbox 1790 3351 2103 3416; x_wconf 87' lang='lat' dir='ltr'>amicitiae</span> <span class='ocrx_word' id='word_1_262' title='bbox 2149 3370 2292 3416; x_wconf 90' lang='grc'>611111</span> <span class='ocrx_word' id='word_1_263' title='bbox 2323 3352 2453 3416; x_wconf 92' lang='lat' dir='ltr'>Deo</span> <span class='ocrx_word' id='word_1_264' title='bbox 2487 3372 2726 3417; x_wconf 88' lang='lat' dir='ltr'>summe</span> 
     </span>
     <span class='ocr_line' id='line_1_29' title="bbox 273 3449 2730 3537; baseline 0.002 -24"><span class='ocrx_word' id='word_1_265' title='bbox 273 3449 456 3516; x_wconf 85' lang='lat' dir='ltr'>bono:</span> <span class='ocrx_word' id='word_1_266' title='bbox 492 3456 648 3537; x_wconf 89' lang='lat' dir='ltr'>quia</span> <span class='ocrx_word' id='word_1_267' title='bbox 686 3453 1085 3518; x_wconf 85' lang='lat' dir='ltr'>conducimus</span> <span class='ocrx_word' id='word_1_268' title='bbox 1134 3453 1209 3517; x_wconf 88' lang='lat' dir='ltr'>ad</span> <span class='ocrx_word' id='word_1_269' title='bbox 1249 3454 1544 3518; x_wconf 90' lang='lat' dir='ltr'>honorem</span> <span class='ocrx_word' id='word_1_270' title='bbox 1589 3453 1706 3517; x_wconf 88' lang='lat' dir='ltr'>Dei</span> <span class='ocrx_word' id='word_1_271' title='bbox 1743 3473 1984 3518; x_wconf 88' lang='lat' dir='ltr'>summe</span> <span class='ocrx_word' id='word_1_272' title='bbox 2028 3454 2203 3518; x_wconf 89' lang='lat' dir='ltr'>boni:</span> <span class='ocrx_word' id='word_1_273' title='bbox 2239 3454 2353 3518; x_wconf 91' lang='lat' dir='ltr'>aut</span> <span class='ocrx_word' id='word_1_274' title='bbox 2397 3456 2545 3536; x_wconf 90' lang='lat' dir='ltr'>quia</span> <span class='ocrx_word' id='word_1_275' title='bbox 2583 3455 2730 3519; x_wconf 84' lang='lat' dir='ltr'>talis</span> 
     </span>
     <span class='ocr_line' id='line_1_30' title="bbox 273 3558 2732 3644; baseline 0.002 -24"><span class='ocrx_word' id='word_1_276' title='bbox 273 3575 439 3623; x_wconf 87' lang='lat' dir='ltr'>amor</span> <span class='ocrx_word' id='word_1_277' title='bbox 484 3563 621 3626; x_wconf 92' lang='lat' dir='ltr'>Deo</span> <span class='ocrx_word' id='word_1_278' title='bbox 670 3561 900 3644; x_wconf 88' lang='lat' dir='ltr'>placet:</span> <span class='ocrx_word' id='word_1_279' title='bbox 953 3562 1065 3625; x_wconf 89' lang='lat' dir='ltr'>aut</span> <span class='ocrx_word' id='word_1_280' title='bbox 1110 3560 1256 3642; x_wconf 89' lang='lat' dir='ltr'>quia</span> <span class='ocrx_word' id='word_1_281' title='bbox 1301 3560 1366 3623; x_wconf 92' lang='lat' dir='ltr'>in</span> <span class='ocrx_word' id='word_1_282' title='bbox 1412 3561 1690 3643; x_wconf 83' lang='lat' dir='ltr'>proximo</span> <span class='ocrx_word' id='word_1_283' title='bbox 1721 3560 1925 3643; x_wconf 86' lang='lat' dir='ltr'>ipsam</span> <span class='ocrx_word' id='word_1_284' title='bbox 1972 3558 2205 3625; x_wconf 81' lang='lat' dir='ltr'>Christi</span> <span class='ocrx_word' id='word_1_285' title='bbox 2253 3561 2368 3625; x_wconf 89' lang='lat' dir='ltr'>Dei</span> <span class='ocrx_word' id='word_1_286' title='bbox 2406 3580 2732 3644; x_wconf 86' lang='lat' dir='ltr'>personam</span> 
     </span>
     <span class='ocr_line' id='line_1_31' title="bbox 275 3663 625 3744; baseline 0.009 -21"><span class='ocrx_word' id='word_1_287' title='bbox 275 3663 625 3744; x_wconf 84' lang='lat' dir='ltr'>aspicimus.</span> 
     </span>
    </p>

    <p class='ocr_par' dir='ltr' id='par_1_11' title="bbox 265 3764 2735 4261">
     <span class='ocr_line' id='line_1_32' title="bbox 352 3764 2732 3850; baseline 0 -20"><span class='ocrx_word' id='word_1_288' title='bbox 352 3765 469 3831; x_wconf 85' lang='lat' dir='ltr'>Hic</span> <span class='ocrx_word' id='word_1_289' title='bbox 507 3772 611 3833; x_wconf 89' lang='lat' dir='ltr'>est</span> <span class='ocrx_word' id='word_1_290' title='bbox 645 3787 838 3843; x_wconf 85' lang='lat' dir='ltr'>amor,</span> <span class='ocrx_word' id='word_1_291' title='bbox 873 3767 946 3832; x_wconf 93' lang='lat' dir='ltr'>de</span> <span class='ocrx_word' id='word_1_292' title='bbox 993 3786 1116 3849; x_wconf 90' lang='lat' dir='ltr'>quo</span> <span class='ocrx_word' id='word_1_293' title='bbox 1165 3765 1519 3850; x_wconf 86' lang='lat' dir='ltr'>Scripturae</span> <span class='ocrx_word' id='word_1_294' title='bbox 1555 3766 1921 3848; x_wconf 90' lang='lat' dir='ltr'>loquuntur,</span> <span class='ocrx_word' id='word_1_295' title='bbox 1957 3786 2098 3831; x_wconf 89' lang='lat' dir='ltr'>cum</span> <span class='ocrx_word' id='word_1_296' title='bbox 2134 3765 2351 3831; x_wconf 89' lang='lat' dir='ltr'>dicunt</span> <span class='ocrx_word' id='word_1_297' title='bbox 2390 3764 2732 3831; x_wconf 67' lang='lat' dir='ltr'>translatos</span> 
     </span>
     <span class='ocr_line' id='line_1_33' title="bbox 268 3868 2735 3955; baseline 0.001 -25"><span class='ocrx_word' id='word_1_298' title='bbox 268 3885 388 3932; x_wconf 72' lang='lat' dir='ltr'>esse</span> <span class='ocrx_word' id='word_1_299' title='bbox 429 3890 473 3933; x_wconf 85' lang='lat' dir='ltr'>a</span> <span class='ocrx_word' id='word_1_300' title='bbox 509 3874 725 3955; x_wconf 30' lang='lat' dir='ltr'>,morte</span> <span class='ocrx_word' id='word_1_301' title='bbox 769 3871 862 3934; x_wconf 81' lang='lat' dir='ltr'>ad</span> <span class='ocrx_word' id='word_1_302' title='bbox 899 3871 1093 3933; x_wconf 80' lang='lat' dir='ltr'>vitam</span> <span class='ocrx_word' id='word_1_303' title='bbox 1138 3870 1250 3951; x_wconf 64' lang='lat' dir='ltr'>qm?</span> <span class='ocrx_word' id='word_1_304' title='bbox 1293 3868 1574 3951; x_wconf 59' lang='lat' dir='ltr'>deliyunt</span> <span class='ocrx_word' id='word_1_305' title='bbox 1615 3868 1852 3948; x_wconf 78' lang='lat' dir='ltr'>fratres</span> <span class='ocrx_word' id='word_1_306' title='bbox 1901 3870 1958 3933; x_wconf 92' lang='lat'>1.</span> <span class='ocrx_word' id='word_1_307' title='bbox 2011 3870 2183 3934; x_wconf 87' lang='lat' dir='ltr'>Ioan.</span> <span class='ocrx_word' id='word_1_308' title='bbox 2218 3868 2334 3935; x_wconf 92' lang='grc' dir='ltr'>ΠΙ.</span> <span class='ocrx_word' id='word_1_309' title='bbox 2380 3871 2481 3935; x_wconf 88' lang='grc'>14.</span> <span class='ocrx_word' id='word_1_310' title='bbox 2523 3874 2585 3934; x_wconf 81' lang='lat' dir='ltr'>et</span> <span class='ocrx_word' id='word_1_311' title='bbox 2630 3872 2735 3934; x_wconf 80' lang='lat' dir='ltr'>im-</span> 
     </span>
     <span class='ocr_line' id='line_1_34' title="bbox 265 3968 2735 4058; baseline 0.002 -24"><span class='ocrx_word' id='word_1_312' title='bbox 265 3968 458 4047; x_wconf 82' lang='lat' dir='ltr'>plesse</span> <span class='ocrx_word' id='word_1_313' title='bbox 507 3972 710 4055; x_wconf 73' lang='lat' dir='ltr'>leyem</span> <span class='ocrx_word' id='word_1_314' title='bbox 754 3973 867 4054; x_wconf 81' lang='lat' dir='ltr'>qui</span> <span class='ocrx_word' id='word_1_315' title='bbox 910 3971 1124 4054; x_wconf 66' lang='lat' dir='ltr'>diciyit</span> <span class='ocrx_word' id='word_1_316' title='bbox 1155 3973 1518 4052; x_wconf 77' lang='lat' dir='ltr'>proximum</span> <span class='ocrx_word' id='word_1_317' title='bbox 1563 3972 1743 4037; x_wconf 88' lang='lat' dir='ltr'>Rom.</span> <span class='ocrx_word' id='word_1_318' title='bbox 1794 3971 1972 4036; x_wconf 88' lang='lat' dir='ltr'><strong>XIII.</strong></span> <span class='ocrx_word' id='word_1_319' title='bbox 2024 3973 2083 4036; x_wconf 87' lang='grc'>8.</span> <span class='ocrx_word' id='word_1_320' title='bbox 2129 3972 2192 4037; x_wconf 85' lang='grc'>613</span> <span class='ocrx_word' id='word_1_321' title='bbox 2237 3972 2338 4037; x_wconf 90' lang='grc'>1116</span> <span class='ocrx_word' id='word_1_322' title='bbox 2383 3976 2478 4038; x_wconf 91' lang='lat' dir='ltr'>est</span> <span class='ocrx_word' id='word_1_323' title='bbox 2522 3990 2735 4058; x_wconf 88' lang='lat' dir='ltr'>reapse</span> 
     </span>
     <span class='ocr_line' id='line_1_35' title="bbox 271 4071 2733 4160; baseline 0.001 -23"><span class='ocrx_word' id='word_1_324' title='bbox 271 4089 435 4138; x_wconf 81' lang='lat' dir='ltr'>amor</span> <span class='ocrx_word' id='word_1_325' title='bbox 481 4076 857 4160; x_wconf 85' lang='lat' dir='ltr'>praeceptus</span> <span class='ocrx_word' id='word_1_326' title='bbox 902 4094 974 4140; x_wconf 91' lang='lat' dir='ltr'>eo</span> <span class='ocrx_word' id='word_1_327' title='bbox 1020 4075 1315 4140; x_wconf 88' lang='lat' dir='ltr'>mandato</span> <span class='ocrx_word' id='word_1_328' title='bbox 1364 4071 1597 4140; x_wconf 85' lang='lat' dir='ltr'>Christi</span> <span class='ocrx_word' id='word_1_329' title='bbox 1643 4074 1928 4157; x_wconf 86' lang='lat' dir='ltr'>superius</span> <span class='ocrx_word' id='word_1_330' title='bbox 1973 4075 2201 4139; x_wconf 86' lang='lat' dir='ltr'>relato:</span> <span class='ocrx_word' id='word_1_331' title='bbox 2253 4075 2372 4139; x_wconf 89' lang='lat' dir='ltr'>etsi</span> <span class='ocrx_word' id='word_1_332' title='bbox 2416 4094 2539 4139; x_wconf 91' lang='lat' dir='ltr'>non</span> <span class='ocrx_word' id='word_1_333' title='bbox 2579 4094 2733 4159; x_wconf 87' lang='lat' dir='ltr'>opus</span> 
     </span>
     <span class='ocr_line' id='line_1_36' title="bbox 272 4176 2484 4261; baseline 0 -21"><span class='ocrx_word' id='word_1_334' title='bbox 272 4192 499 4259; x_wconf 81' lang='lat' dir='ltr'>semper</span> <span class='ocrx_word' id='word_1_335' title='bbox 532 4179 624 4242; x_wconf 89' lang='lat' dir='ltr'>sit</span> <span class='ocrx_word' id='word_1_336' title='bbox 657 4180 732 4241; x_wconf 89' lang='lat' dir='ltr'>ut</span> <span class='ocrx_word' id='word_1_337' title='bbox 753 4178 854 4241; x_wconf 88' lang='lat' dir='ltr'>hic</span> <span class='ocrx_word' id='word_1_338' title='bbox 885 4179 1060 4244; x_wconf 88' lang='lat' dir='ltr'>actus</span> <span class='ocrx_word' id='word_1_339' title='bbox 1092 4177 1378 4242; x_wconf 88' lang='lat' dir='ltr'>eliciatur</span> <span class='ocrx_word' id='word_1_340' title='bbox 1411 4178 1922 4259; x_wconf 89' lang='lat' dir='ltr'>quotiescumque</span> <span class='ocrx_word' id='word_1_341' title='bbox 1956 4177 2111 4241; x_wconf 87' lang='lat' dir='ltr'>alios</span> <span class='ocrx_word' id='word_1_342' title='bbox 2143 4176 2484 4261; x_wconf 85' lang='lat' dir='ltr'>diligimus.</span> 
     </span>
    </p>

    <p class='ocr_par' dir='ltr' id='par_1_12' title="bbox 269 4279 2732 4666">
     <span class='ocr_line' id='line_1_37' title="bbox 353 4279 2730 4365; baseline 0 -21"><span class='ocrx_word' id='word_1_343' title='bbox 353 4280 701 4365; x_wconf 82' lang='lat' dir='ltr'>Diligimus</span> <span class='ocrx_word' id='word_1_344' title='bbox 746 4281 1009 4346; x_wconf 82' lang='lat' dir='ltr'>caritate</span> <span class='ocrx_word' id='word_1_345' title='bbox 1075 4280 1299 4345; x_wconf 91' lang='lat' dir='ltr'>morali</span> <span class='ocrx_word' id='word_1_346' title='bbox 1346 4299 1458 4345; x_wconf 89' lang='lat' dir='ltr'>nos</span> <span class='ocrx_word' id='word_1_347' title='bbox 1505 4280 1569 4343; x_wconf 91' lang='lat' dir='ltr'>et</span> <span class='ocrx_word' id='word_1_348' title='bbox 1614 4281 1984 4362; x_wconf 79' lang='lat' dir='ltr'>proximum,</span> <span class='ocrx_word' id='word_1_349' title='bbox 2034 4279 2279 4361; x_wconf 87' lang='lat' dir='ltr'>quando</span> <span class='ocrx_word' id='word_1_350' title='bbox 2334 4298 2445 4362; x_wconf 88' lang='lat' dir='ltr'>pro</span> <span class='ocrx_word' id='word_1_351' title='bbox 2492 4280 2730 4344; x_wconf 86' lang='lat' dir='ltr'>motivo</span> 
     </span>
     <span class='ocr_line' id='line_1_38' title="bbox 269 4378 2730 4463; baseline 0.002 -22"><span class='ocrx_word' id='word_1_352' title='bbox 269 4378 509 4446; x_wconf 85' lang='lat' dir='ltr'>formali</span> <span class='ocrx_word' id='word_1_353' title='bbox 564 4382 762 4448; x_wconf 86' lang='lat' dir='ltr'>habet</span> <span class='ocrx_word' id='word_1_354' title='bbox 816 4401 991 4448; x_wconf 88' lang='lat' dir='ltr'>amor</span> <span class='ocrx_word' id='word_1_355' title='bbox 1035 4383 1425 4448; x_wconf 87' lang='lat' dir='ltr'>honestatem</span> <span class='ocrx_word' id='word_1_356' title='bbox 1469 4382 1646 4446; x_wconf 90' lang='lat' dir='ltr'>illam</span> <span class='ocrx_word' id='word_1_357' title='bbox 1697 4402 1768 4447; x_wconf 88' lang='lat' dir='ltr'>ac</span> <span class='ocrx_word' id='word_1_358' title='bbox 1813 4383 2133 4459; x_wconf 83' lang='lat' dir='ltr'>virtutem,</span> <span class='ocrx_word' id='word_1_359' title='bbox 2168 4399 2327 4463; x_wconf 88' lang='lat' dir='ltr'>quae</span> <span class='ocrx_word' id='word_1_360' title='bbox 2373 4400 2445 4446; x_wconf 84' lang='lat' dir='ltr'>ex</span> <span class='ocrx_word' id='word_1_361' title='bbox 2498 4382 2730 4446; x_wconf 89' lang='lat' dir='ltr'>lumine</span> 
     </span>
     <span class='ocr_line' id='line_1_39' title="bbox 269 4483 2732 4567; baseline 0 -22"><span class='ocrx_word' id='word_1_362' title='bbox 269 4484 523 4550; x_wconf 82' lang='lat' dir='ltr'>rationis</span> <span class='ocrx_word' id='word_1_363' title='bbox 571 4486 641 4550; x_wconf 88' lang='grc'>111</span> <span class='ocrx_word' id='word_1_364' title='bbox 691 4486 808 4550; x_wconf 87' lang='lat' dir='ltr'>tali</span> <span class='ocrx_word' id='word_1_365' title='bbox 854 4505 1062 4551; x_wconf 89' lang='lat' dir='ltr'>amore</span> <span class='ocrx_word' id='word_1_366' title='bbox 1109 4486 1361 4550; x_wconf 89' lang='lat' dir='ltr'>relucet.</span> <span class='ocrx_word' id='word_1_367' title='bbox 1419 4483 1538 4548; x_wconf 89' lang='lat' dir='ltr'>Hic</span> <span class='ocrx_word' id='word_1_368' title='bbox 1587 4504 1762 4549; x_wconf 90' lang='lat' dir='ltr'>amor</span> <span class='ocrx_word' id='word_1_369' title='bbox 1809 4486 2015 4567; x_wconf 87' lang='lat' dir='ltr'>potest</span> <span class='ocrx_word' id='word_1_370' title='bbox 2063 4501 2193 4548; x_wconf 89' lang='lat' dir='ltr'>esse</span> <span class='ocrx_word' id='word_1_371' title='bbox 2232 4501 2303 4547; x_wconf 81' lang='lat' dir='ltr'>ex</span> <span class='ocrx_word' id='word_1_372' title='bbox 2349 4483 2577 4567; x_wconf 86' lang='lat' dir='ltr'>gratia,</span> <span class='ocrx_word' id='word_1_373' title='bbox 2630 4502 2732 4546; x_wconf 92' lang='lat' dir='ltr'>su-</span> 
     </span>
     <span class='ocr_line' id='line_1_40' title="bbox 270 4587 1807 4666; baseline -0.002 -14"><span class='ocrx_word' id='word_1_374' title='bbox 270 4588 708 4666; x_wconf 72' lang='lat' dir='ltr'>pernatamus,</span> <span class='ocrx_word' id='word_1_375' title='bbox 742 4588 906 4654; x_wconf 89' lang='lat' dir='ltr'>sicut</span> <span class='ocrx_word' id='word_1_376' title='bbox 941 4592 1179 4654; x_wconf 88' lang='lat' dir='ltr'>ceterae</span> <span class='ocrx_word' id='word_1_377' title='bbox 1218 4588 1480 4652; x_wconf 84' lang='lat' dir='ltr'>virtutes</span> <span class='ocrx_word' id='word_1_378' title='bbox 1517 4587 1807 4651; x_wconf 88' lang='lat' dir='ltr'>morales.</span> 
     </span>
    </p>
   </div>
   <div class='ocr_carea' id='block_1_8' title="bbox 427 4714 2580 4764">
    <p class='ocr_par' dir='ltr' id='par_1_13' title="bbox 427 4714 2580 4764">
     <span class='ocr_line' id='line_1_41' title="bbox 427 4714 2580 4764; baseline 0 -3"><span class='ocrx_word' id='word_1_379' title='bbox 427 4719 726 4763; x_wconf 61' lang='lat' dir='ltr'>Banu-‚mm-</span> <span class='ocrx_word' id='word_1_380' title='bbox 755 4743 806 4753; x_wconf 90' lang='lat'>-</span> <span class='ocrx_word' id='word_1_381' title='bbox 835 4720 1003 4764; x_wconf 73' lang='lat' dir='ltr'>Hor-al.</span> <span class='ocrx_word' id='word_1_382' title='bbox 1034 4720 1169 4764; x_wconf 82' lang='lat' dir='ltr'>Tom.</span> <span class='ocrx_word' id='word_1_383' title='bbox 1201 4718 1271 4763; x_wconf 91' lang='lat'>11.</span> <span class='ocrx_word' id='word_1_384' title='bbox 2551 4714 2580 4754; x_wconf 84' lang='grc'>8</span> 
     </span>
    </p>
   </div>
  </div>
 </body>
</html>
