3497 5147
332 343 475 423 [497]
1288 355 1558 396 31110131Α.
1597 355 1844 397 POENAB
2687 346 2794 400 381

417 455 720 533 Fuerunt,
770 453 877 536 qui
922 472 993 517 ex
1036 452 1281 518 indulto
1328 452 1492 516 facto
1539 453 1937 530 monialibus,
1988 455 2061 518 ut
2112 454 2323 519 dotem
2366 456 2666 539 recipiant
2712 458 2793 520 ab

330 557 720 646 ingressuris
769 556 915 621 licet
957 556 1404 620 monasterium
1440 554 1611 620 dives
1657 556 1761 633 sit,
1795 558 2140 640 generatim
2177 557 2399 622 inferre
2430 559 2788 637 voluerunt,

328 665 507 731 licere
553 659 875 744 quidpiam
921 659 1160 743 exigere
1210 657 1388 720 titulo
1432 659 1928 737 sustentationis,
1966 661 2307 742 utcumque
2336 662 2786 725 monasterium

332 766 548 849 (etiam
580 763 889 844 virorum)
920 760 1090 826 dives
1124 761 1226 825 sit.

416 868 535 934 Sed
582 864 786 931 verior
831 863 1136 929 sententia
1182 882 1323 927 cum
1361 882 1409 927 s.
1459 862 1698 927 Thema
1739 865 1799 927 2.
1851 865 1912 928 2.
1964 885 2021 947 q.
2067 867 2212 930 100.
2248 866 2366 929 art.
2409 867 2469 929 3.
2506 866 2583 930 ad
2616 868 2678 929 4.
2727 867 2793 931 et

330 968 643 1037 communi
687 967 751 1031 id
795 968 1004 1052 negat,
1053 967 1117 1031 et
1159 967 1387 1030 nititur
1431 966 1712 1048 superius
1760 966 1957 1032 citato
2003 985 2136 1050 cap.
2181 966 2491 1047 Quoniam
2524 988 2583 1031 n.
2635 969 2787 1032 341.

329 1073 535 1148 Ratio,
568 1071 719 1153 quia
749 1068 986 1134 reditus
1021 1068 1384 1133 monasterii
1414 1070 1563 1132 sunt
1593 1069 2010 1145 ecclesiastici,
2061 1069 2329 1134 ordinati
2365 1070 2442 1135 ad
2474 1072 2788 1135 sustenta-

330 1177 562 1240 tionem
607 1171 1045 1257 religiosorum
1088 1171 1287 1256 gratis
1333 1170 1695 1235 faciendam.
1745 1172 1911 1257 Ergo
1957 1171 2074 1236 hoc
2118 1172 2254 1256 ipso
2301 1173 2467 1255 quod
2521 1173 2659 1255 quis
2708 1173 2787 1237 ad

326 1277 688 1361 religionem
734 1273 1128 1356 suscipiatur,
1177 1273 1366 1337 habet
1395 1272 1493 1338 ius
1541 1273 1619 1337 ad
1650 1274 2169 1339 sustentationem
2214 1294 2287 1339 ex
2323 1275 2625 1341 reditibus
2656 1294 2788 1340 mo·

325 1377 582 1444 nasterii
612 1375 992 1460 capiendam.
1025 1375 1092 1441 Si
1124 1378 1335 1440 autem
1366 1393 1490 1441 non
1519 1378 1727 1459 potest
1764 1376 1951 1459 recipi
1988 1377 2178 1442 titulo
2212 1378 2688 1444 sustentationis
2721 1380 2786 1443 et

332 1482 488 1546 alius
537 1479 765 1544 titulus
811 1477 1000 1555 deest,
1046 1478 1174 1542 iam
1213 1478 1407 1561 accipi
1451 1477 1697 1542 videtur
1742 1497 1853 1561 pro
1899 1478 2200 1563 ingressu.
2242 1478 2622 1564 Schmalzgr.
2656 1480 2697 1543 l.
2733 1500 2786 1544 c.

329 1603 428 1647 nn.
463 1581 796 1646 200.-201.

411 1679 594 1755 497.
642 1681 820 1763 Quod
868 1683 1095 1747 attinet
1126 1682 1202 1746 ad
1235 1701 1462 1764 poenas
1494 1682 1647 1747 iuris
1678 1683 1841 1746 circa
1870 1683 2219 1766 ingressum
2248 1683 2588 1768 religionis,
2636 1684 2789 1748 haec

328 1787 518 1851 habe:

518 1890 581 1953 1⁰
608 1890 842 1954 Dantes
888 1890 953 1953 et
996 1888 1357 1971 recipientes
1403 1907 1513 1970 pro
1575 1888 1921 1970 receptione
1967 1888 2046 1953 ad
2106 1889 2489 1973 religionem,
2552 1889 2607 1954 si
2654 1909 2791 1973 per—

330 2010 524 2057 sonae
568 1992 690 2057 sint
725 1990 1091 2075 singulares,
1124 1991 1448 2054 incurrunt
1478 1991 2210 2069 ›excommunicationem3
2254 1991 2598 2074 capitulum
2641 2011 2788 2058 vero

321 2093 386 2158 in
412 2094 607 2158 talem
631 2092 1040 2176 receptionem
1068 2092 1471 2168 consentienS,
1493 2092 1756 2157 incurrit
1778 2093 2240 2176 suspensionem
2271 2093 2352 2156 ab
2383 2093 2590 2175 officio
2621 2096 2786 2175 capi-

322 2195 538 2260 tulari.
589 2195 760 2260 Haec
804 2213 878 2259 ex
913 2194 1249 2279 Extravag.
1300 2193 1533 2259 Urbani
1584 2195 1693 2258 IV.
1723 2193 1887 2259 Sane
1938 2197 1995 2258 1.
2043 2193 2118 2258 de
2166 2194 2469 2261 Simonia.
2518 2197 2778 2280 Oportet

314 2302 548 2376 tamen,
582 2300 659 2363 ut
702 2298 768 2362 in
814 2297 1311 2380 delinquentibus
1358 2296 1522 2361 adsit
1540 2298 1994 2378 praesumptio,
2026 2299 2101 2362 ut
2134 2299 2456 2383 colligitur
2487 2319 2558 2364 ex
2582 2301 2778 2378 textu,

315 2402 421 2466 ubi
467 2401 568 2465 bis
628 2400 933 2483 repetitur
975 2423 1011 2459 ‹
1058 2399 1181 2479 Qui
1212 2402 1634 2478 praesumant
1665 2426 1725 2476 »,
1778 2402 1854 2464 ut
1899 2399 2169 2465 advertit
2214 2401 2499 2466 Barbosa
2559 2403 2623 2465 in
2680 2402 2785 2466 cit.

318 2507 493 2572 Extr.
531 2526 592 2571 n.
628 2507 689 2569 2.

402 2609 742 2674 Absolutio
776 2610 987 2673 autem
1012 2607 1089 2671 ab
1120 2607 1216 2670 his
1240 2607 1513 2672 censuris
1538 2609 1633 2672 est
1654 2610 1969 2673 reservata
1993 2610 2219 2692 Papae,
2254 2610 2329 2673 ut
2352 2608 2541 2673 habet
2564 2609 2780 2674 eadem

308 2711 571 2777 Exti-av.
605 2710 844 2776 Urbani
876 2710 983 2774 IV.
1021 2710 1252 2774 Tamen
1277 2709 1331 2774 si
1361 2710 1657 2775 delictum
1688 2712 1773 2774 sit
1805 2711 2138 2789 occultum,
2167 2711 2488 2776 absolvere
2522 2713 2784 2794 possunt

308 2833 378 2880 ex
415 2815 651 2879 decret.
686 2812 854 2877 Trid.
888 2831 1035 2877 3333.
1078 2812 1182 2874 24.
1217 2832 1349 2895 cap.
1387 2814 1447 2876 6.
1488 2811 1562 2875 de
1592 2811 1873 2891 Reform.
1909 2814 2100 2878 etiam
2131 2813 2421 2897 Episcopi
2451 2815 2516 2878 et
2539 2813 2781 2878 Mendi-

305 2920 527 2983 cantes
575 2935 649 2980 ex
701 2914 1048 2999 privilegio,
1098 2933 1220 2997 quo
1269 2914 1585 2979 absolvere
1632 2917 1895 2998 possunt
1942 2936 1979 2979 a
2024 2916 2357 2981 reservatis
2403 2917 2633 2999 Papae.
2683 2919 2784 2982 Ita

309 3038 632 3094 commun,
680 3017 843 3100 apud
874 3015 1252 3101 Schmalzgr.
1286 3017 1328 3080 1.
1369 3037 1421 3082 c.
1455 3037 1514 3080 n.
1557 3018 1708 3080 251.

487 3126 569 3188 2⁰
593 3123 697 3187 Ita
720 3122 980 3187 scienter
1002 3121 1239 3204 aliquid
1275 3120 1635 3203 recipientes
1668 3122 1731 3185 et
1759 3121 2008 3204 recepti,
2042 3123 2376 3205 postquam
2416 3122 2490 3186 de
2515 3123 2781 3187 simonia

299 3227 583 3295 convicti
609 3245 681 3290 ac
711 3224 991 3290 damnati
1021 3223 1269 3301 fuerint,
1302 3224 1597 3289 iubentur
1627 3244 1659 3288 e
1691 3225 2073 3289 monasterio
2107 3225 2328 3308 expelli
2360 3224 2511 3289 etin
2545 3225 2781 3289 arctius

298 3329 555 3395 detrudi
619 3347 752 3410 cap.
803 3326 878 3391 de
936 3324 1367 3408 Reyularibus
1423 3327 1551 3403 25„
1609 3328 1673 3391 et
1732 3346 1865 3409 cap.
1938 3326 2248 3407 Quoniam
2305 3327 2410 3390 40.
2461 3327 2522 3391 h.
2574 3328 2677 3391 tit.
2729 3330 2792 3392 et

302 3435 545 3499 extraV.
587 3432 650 3493 1.
699 3430 788 3493 Ex
836 3448 958 3511 quo
995 3426 1296 3511 sequitur,
1345 3427 1787 3510 professionem
1835 3447 1964 3493 esse
2011 3429 2284 3493 validam
2322 3430 2386 3493 et
2431 3429 2777 3509 professum

304 3536 381 3600 ad
411 3535 707 3601 seculum
736 3531 933 3596 redire
968 3550 1091 3595 non
1128 3549 1326 3614 posse.
1367 3529 1610 3593 Tandiu
1648 3532 1859 3594 autem
1891 3532 2098 3613 potest
2128 3531 2193 3594 in
2231 3530 2614 3594 monasterio
2651 3550 2787 3612 pro·

298 3636 597 3704 fessionis
632 3634 958 3718 persistere
988 3653 1060 3698 ae
1089 3632 1428 3698 commodis
1477 3631 1809 3696 alimoniae
1839 3632 1982 3709 frui,
2034 3632 2223 3697 donec
2263 3651 2369 3716 per
2407 3632 2780 3697 sententiam

298 3741 690 3824 expellatur3
741 3737 966 3821 quippe
997 3755 1193 3820 poena
1231 3735 1604 3819 expulsionis
1637 3734 1885 3799 videtur
1917 3755 2046 3800 esse
2080 3737 2283 3801 solum
2315 3735 2602 3801 ferendae
2653 3756 2786 3802 sen-

302 3844 569 3909 tentiae.
612 3839 991 3925 Schmalzgr.
1023 3840 1066 3903 l.
1102 3859 1153 3903 c.
1188 3859 1248 3903 n.
1286 3839 1434 3903 252.

486 3942 566 4010 3⁰
616 3944 811 4009 Iidem
854 3943 1179 4008 incurrunt
1223 3941 1546 4007 infamiam
1593 3940 1767 4021 iuris,
1817 3942 2069 4006 ExtraV.
2121 3942 2223 4007 cit.
2278 3942 2336 4027 ἓ.
2386 3938 2675 4007 Ceterum
2722 3946 2784 4007 et

298 4051 758 4131 consequenter
781 4047 943 4111 fiunt
963 4045 1354 4129 irregulareS,
1382 4044 1606 4109 saltem
1628 4044 1682 4108 si
1705 4044 1937 4110 crimen
1953 4044 2038 4109 sit
2059 4045 2376 4111 notorium
2402 4045 2782 4108 notorietate

294 4150 454 4215 iuris
492 4150 606 4214 vel
628 4148 799 4213 facti.
834 4147 1099 4212 Proinde
1123 4150 1197 4212 ut
1228 4146 1417 4210 habet
1436 4146 1738 4211 Thesaur.
1777 4150 1938 4230 part.
1973 4147 2055 4211 II.
2091 4147 2168 4211 V.
2205 4145 2490 4211 Simonia
2514 4165 2645 4226 cap.
2678 4145 2784 4206 10.

296 4273 355 4317 n.
398 4255 463 4317 4.
509 4254 799 4334 receptus
837 4269 960 4314 non
990 4248 1223 4333 poterit
1251 4249 1601 4332 promoveri
1635 4247 1711 4312 ad
1756 4249 1996 4313 ordines
2044 4249 2235 4312 titulo
2284 4245 2610 4331 religiosae
2644 4262 2788 4327 pro-

295 4354 626 4425 fessionis;
661 4372 805 4417 cum
836 4371 908 4418 ea
955 4353 1038 4416 sit
1084 4352 1310 4417 infecta
1357 4351 1621 4417 simonia
1670 4354 1732 4415 et
1779 4351 2023 4416 nullum
2058 4350 2157 4414 ius
2206 4349 2446 4414 tribuat
2478 4347 2772 4431 professO,

299 4478 501 4541 neque
535 4455 644 4519 hie
688 4454 755 4518 in
799 4453 1246 4519 favorabilibus
1292 4455 1557 4519 habetur
1593 4473 1705 4536 pro
1744 4453 2017 4535 professo
2049 4470 2119 4516 ex
2152 4470 2284 4534 cap.
2332 4451 2641 4531 Quoniam
2673 4451 2783 4512 40.

302 4559 360 4625 h.
392 4561 500 4625 tit.
531 4556 758 4623 Monet
779 4558 989 4622 tamen
1020 4557 1374 4621 Thesaurus
1398 4556 1439 4619 l.
1475 4576 1525 4619 c.
1553 4556 1669 4619 hoc
1699 4554 1970 4638 intelligi
1993 4556 2136 4637 post
2160 4552 2535 4617 sententiam
2560 4551 2794 4615 iudicis
