3497 5147
662 366 771 421 698
851 380 1064 423 mor.
1090 382 1170 422 vl.
1198 379 1359 422 sno'r.
1386 381 1546 422 v.nn
1570 380 1800 429 Qum‘ro
1824 381 2040 422 PRADO.
2065 378 2395 421 nnoAmm.
2424 378 2557 420 cAP.
2588 378 2677 420 111.
2707 378 2850 421 nun.
2877 380 2919 420 1.
2993 361 3141 439 [940]

774 478 919 531 XLll.
945 480 1192 545 Respond.
1230 479 1418 531 Bellum
1457 477 1782 541 defensivum,
1826 492 1924 545 quo
1963 476 2152 531 scilicet
2189 476 2266 530 vis
2303 474 2481 530 iniusta
2522 473 2800 542 repellitur,
2840 473 2955 528 licet
2991 474 3136 528 etiam

665 562 858 628 privata
897 561 1214 616 auctoritate:
1256 561 1546 616 offensivum
1586 576 1727 628 vero,
1759 576 1858 629 quo
1895 561 1976 616 vis
2013 561 2238 625 intertur‚
2277 567 2333 614 ut
2372 559 2533 625 licent,
2575 566 2678 614 tres
2714 558 3021 613 conditiones
3059 572 3137 612 re·

665 646 845 713 quirit:
873 650 892 699 -l
907 686 920 699 .
943 656 995 701 ut
1012 656 1209 711 geratur
1227 647 1521 701 auctoritate
1543 646 1799 714 Principis,
1818 649 1896 702 vel
1917 647 2230 712 Magistratus
2251 646 2436 699 nullum
2459 642 2771 710 agnoscentis
2790 644 3135 710 Superiorem:

666 731 824 798 qualis
862 740 937 786 est
976 735 1123 800 Papa,
1162 736 1449 800 Imperator,
1487 736 1647 797 Reges
1686 741 1735 786 et
1773 735 2011 798 quaedam
2051 735 2268 798 Respub.
2310 729 2450 785 verbi
2489 730 2643 795 gratia
2685 731 3008 792 Venetorum,
3049 731 3140 782 Ge·

667 816 923 871 anensium
961 824 1084 871 etc.:
1114 821 1162 870 2.
1192 826 1244 870 ut
1272 818 1398 871 adsit
1422 817 1549 870 iusta
1576 832 1722 870 causa
1755 832 1908 884 eaque
1948 816 2133 880 gram,
2163 815 2298 869 verbi
2336 814 2509 879 gralia,
2549 813 2818 868 necessitas
2858 814 2973 867 boni
3011 827 3141 866 com·

668 901 827 955 munis
847 908 895 955 et
912 901 1092 968 quietis
1110 904 1493 965 conservandae,
1509 901 1818 967 recuperatio
1843 901 2020 954 iniuste
2041 904 2332 963 ablatorum,
2351 898 2586 954 coercitio
2606 898 2878 962 rebellium,
2926 897 3142 952 defensio

666 986 979 1040 innocentum
1019 995 1113 1040 etc.
1142 986 1256 1040 Vid.
1283 988 1450 1050 Laym.
1478 984 1573 1040 bic.
1599 994 1648 1040 el
1672 986 1837 1039 Molin.
1867 994 1899 1039 t.
1933 988 1980 1038 l.
2006 988 2054 1039 d.
2087 985 2204 1039 104.
2232 985 2373 1039 Dian.
2396 999 2443 1051 p.
2464 986 2516 1037 6.
2539 990 2575 1038 t.
2603 984 2652 1037 4.
2680 986 2758 1037 3.=
2787 985 2836 1036 3.
2870 990 2923 1036 ut
2957 985 3043 1036 tint
3078 996 3142 1034 ex

669 1078 801 1124 recta
839 1071 1125 1134 intentione,
1153 1075 1244 1125 boc
1270 1078 1464 1125 estnon
1504 1085 1565 1124 ex
1591 1069 1721 1133 odio,
1752 1073 1838 1124 sed
1865 1085 1926 1123 ex
1959 1085 2121 1124 amore
2147 1069 2264 1123 boni
2301 1068 2598 1131 communiS,
2621 1082 2897 1135 quanquam
2938 1067 2981 1120 si
3020 1070 3138 1120 haec

670 1155 841 1210 ultima
867 1158 971 1209 sola
1007 1156 1152 1223 desit,
1179 1170 1274 1209 non
1311 1155 1376 1208 sit
1412 1155 1645 1219 obligatio
1684 1154 2026 1210 restitutionis.
2056 1158 2124 1209 lla
2159 1169 2404 1208 commun.
2431 1168 2542 1207 cum
2582 1169 2622 1206 S.
2650 1156 2746 1208 Tb.
2771 1169 2818 1219 q.
2847 1154 2933 1207 tt.
2963 1155 3131 1216 [εγω.

673 1240 704 1292 l.
732 1242 781 1291 2.
809 1248 842 1292 t.
871 1242 918 1292 3.
946 1254 988 1292 c.
1024 1242 1102 1293 12.

763 1395 940 1470 94⁰.
989 1401 1236 1465 Bellum
1282 1400 1667 1482 defensivum
1712 1401 1862 1465 dicit
1908 1401 1983 1465 A.
2023 1401 2206 1465 licere
2237 1402 2428 1465 etiam
2453 1401 2714 1480 privata
2743 1400 3138 1475 auctoritate,

675 1502 751 1566 ad
785 1502 951 1585 quod
982 1504 1470 1569 confirmandum
1503 1504 1659 1568 citat
1690 1503 2014 1588 Laymann
2043 1504 2165 1587 leg.
2207 1504 2269 1567 3.
2304 1503 2447 1588 Dig.
2483 1501 2558 1567 de
2594 1503 2866 1567 Iustitia
2897 1507 2958 1566 et
2984 1504 3142 1566 iure.

673 1604 905 1689 Agitur
941 1606 1166 1689 quippe
1213 1605 1286 1669 de
1327 1605 1550 1684 officio,
1601 1605 1766 1688 quod
1806 1605 2092 1670 omnibus
2129 1605 2455 1682 incumbit,
2495 1605 2787 1688 patriam,
2827 1624 2971 1669 cum
3001 1623 3146 1687 pos-

676 1708 843 1784 sunt,
877 1707 1111 1771 tuendi.

765 1807 942 1888 Quod
968 1811 1209 1892 spectat
1231 1810 1309 1873 ad
1340 1810 1574 1875 bellum
1607 1810 1992 1887 offensivum,
2029 1829 2078 1874 s,
2119 1810 2392 1875 Thomas
2423 1812 2467 1875 l.
2507 1830 2559 1876 c.
2594 1829 2652 1892 q.
2688 1810 2794 1874 41.
2831 1829 2886 1873 a..
2935 1811 2990 1873 1.
3019 1811 3146 1874 trae

675 1911 1056 1976 conditiones
1095 1913 1373 1994 requirit,
1409 1932 1565 1995 quas
1597 1913 1673 1977 A.
1708 1915 2052 1978 enumerat.
2093 1913 2315 1995 Itaque
2366 1914 2433 1976 1⁰
2471 1912 2653 1977 debet
2683 1912 2915 1995 suscipi
2949 1910 3148 1975 Prin-

674 2014 832 2093 czpis
849 2015 1242 2079 auctoritate.
1271 2016 1412 2080 Huc
1432 2015 1707 2080 referunt
1723 2017 1859 2080 DD.
1880 2015 2253 2080 sententiam
2272 2034 2321 2080 s.
2339 2015 2681 2101 Augustini
2696 2020 2893 2079 contr.
2918 2014 3143 2080 Fau-st.

675 2116 785 2181 lib.
823 2117 927 2181 22.
976 2138 1035 2180 n.
1075 2117 1214 2182 75.:
1257 2142 1292 2177 α
1330 2117 1491 2183 Ordo
1540 2119 1869 2195 naturah‘S,
1918 2118 2286 2183 mortalium
2333 2119 2470 2202 paci
2518 2117 2979 2195 accomodatuS,
3028 2118 3145 2182 hoc

675 2218 896 2302 poscit,
939 2220 1013 2285 ut
1044 2220 1415 2304 suscipiendi
1447 2221 1594 2285 belli
1627 2222 1972 2286 auctoritas
2004 2239 2188 2304 penes
2219 2220 2522 2304 principes
2561 2220 2646 2283 sit
2677 2243 2742 2284 ι».

765 2321 891 2386 Alii
940 2342 1082 2387 vero
1129 2324 1543 2408 magistratus
1589 2343 1712 2388 non
1762 2324 2053 2408 supremi,
2102 2324 2250 2388 licet
2296 2322 2561 2388 durante
2610 2320 2979 2388 necessitate
3031 2340 3142 2386 seu

673 2425 945 2509 periculo
980 2427 1107 2489 vim
1143 2428 1329 2507 atque
1362 2426 1621 2490 iniurias
1656 2427 1923 2490 aliorum
1955 2427 2246 2510 repellere
2277 2425 2521 2509 possint
2551 2444 2693 2489 cum
2725 2424 3142 2489 moderamine

675 2527 1029 2611 inculpatae
1069 2528 1324 2604 tutelae,
1365 2529 1641 2592 cessante
1673 2529 1886 2592 tamen
1918 2528 2284 2593 necessitate
2318 2546 2390 2593 ac
2422 2526 2715 2612 periculo,
2755 2545 2896 2592 mox
2927 2525 2990 2590 et
3018 2524 3142 2609 ipsi

676 2649 914 2695 cessare
948 2629 1171 2693 debent
1202 2631 1265 2693 et
1302 2629 1703 2694 vindicandae
1735 2630 1998 2716 iniuriae
2030 2631 2341 2696 iustitiam
2376 2649 2448 2694 ac
2479 2630 2851 2695 sententiam
2884 2630 2947 2694 et
2983 2648 3149 2694 exse-

677 2732 988 2795 cutionem
1030 2750 1065 2793 a
1098 2731 1380 2815 Principe
1412 2734 1635 2816 petere.
1673 2733 1775 2797 Ita
1807 2733 2129 2818 Laymann
2163 2734 2206 2797 1.
2247 2752 2298 2797 c.
2334 2752 2394 2796 n.
2435 2734 2496 2796 4.

769 2832 1027 2896 Monent
1074 2835 1282 2898 tamen
1328 2835 1487 2911 DD.,
1538 2836 1701 2919 apud
1750 2836 1967 2921 Laym.
2002 2836 2173 2912 ibid„
2209 2836 2375 2917 quod
2407 2836 2460 2899 si
2506 2854 2832 2918 supremus
2863 2834 3144 2918 princeps

680 2953 790 2998 seu
820 2935 1230 3019 magistratus
1263 2937 1545 3022 negligat
1576 2940 1674 3003 vel
1698 2958 1821 3003 non
1850 2939 2077 3003 audeat
2099 2937 2313 3002 illatas
2344 2937 2605 3002 iniurias
2638 2936 2967 3015 vindicare,
2995 2940 3145 3002 tunc

678 3036 1012 3102 necessitas
1043 3039 1327 3104 societati
1366 3040 1684 3106 licentiam
1722 3041 1963 3105 tribuat
1995 3040 2228 3104 bellum
2266 3039 2563 3105 inferendi
2601 3038 2887 3104 hostibus
2920 3057 3146 3122 eosque

680 3161 789 3224 pro
828 3142 1067 3206 meritis
1106 3143 1417 3226 puniendi,
1450 3165 1525 3209 ne
1564 3145 1934 3227 improbitas
1966 3144 2279 3227 impunita
2310 3145 2577 3209 maiores
2617 3144 2858 3208 animos
2892 3144 3098 3207 faciat.

768 3248 984 3313 Altera
1016 3250 1287 3315 conditio
1314 3252 1429 3326 est,
1463 3252 1538 3316 ut
1560 3271 1748 3315 causa
1781 3251 1927 3314 belli
1960 3250 2220 3314 exsistat
2258 3252 2321 3315 et
2350 3250 2589 3315 Auctor
2620 3251 2889 3314 breviter
2921 3249 3144 3328 innuit,

680 3350 843 3435 quod
877 3370 1063 3416 causa
1097 3351 1277 3416 debet
1308 3372 1438 3417 esse
1472 3354 1639 3416 iusta
1672 3353 1735 3417 et
1757 3353 1992 3434 yravis.

766 3455 845 3519 Et
878 3454 1083 3537 quoad
1116 3455 1447 3531 iustitiam,
1482 3475 1670 3520 causa
1695 3456 1863 3520 iusta
1897 3455 2014 3520 erit
2044 3460 2297 3536 accepta
2328 3457 2590 3520 iniuria.
2626 3457 2726 3520 Ita
2749 3454 3147 3541 Augustinus

688 3556 935 3638 Quaest.
970 3559 1040 3620 in
1087 3557 1271 3621 Iosue
1319 3579 1376 3641 q.
1417 3559 1517 3623 10.
1568 3559 1632 3622 in
1680 3579 1730 3622 c.
1768 3557 2083 3622 Dominus
2114 3577 2280 3623 caus.
2319 3559 2424 3622 23.
2460 3578 2519 3641 q.
2556 3560 2647 3622 2.:
2691 3583 2725 3616 «
2759 3558 2936 3622 Iusta
2983 3557 3146 3622 bella

680 3659 918 3724 definiri
955 3661 1176 3739 solent,
1212 3679 1370 3743 quae
1402 3661 1784 3726 ulciscantur
1820 3660 2112 3738 iniurias3
2148 3661 2201 3725 si
2234 3680 2358 3743 qua
2389 3680 2540 3745 gens
2579 3661 2677 3725 vel
2709 3660 2951 3738 civitas,
2989 3680 3147 3743 quae

679 3761 841 3826 bello
867 3763 1130 3844 petenda
1156 3764 1269 3840 est,
1296 3764 1396 3828 vel
1418 3763 1727 3829 vindicare
1760 3762 2118 3849 neglexerit,
2155 3763 2320 3846 quod
2361 3782 2396 3827 a
2428 3763 2558 3828 suis
2582 3763 2860 3847 improbe
2885 3762 3144 3838 factum,

682 3861 778 3926 vel
811 3863 1079 3942 reddere,
1107 3865 1270 3947 quod
1309 3885 1416 3949 per
1445 3865 1706 3931 iniurias
1745 3868 2067 3949 acceptum
2105 3868 2200 3930 est
2232 3890 2293 3930 ».

776 3965 983 4042 Ratio,
1022 3986 1131 4030 cur
1164 3968 1239 4031 ad
1271 3968 1434 4033 bella
1466 3968 1901 4034 recurrendum
1935 3968 2038 4046 sit,
2074 3969 2267 4051 patet.
2297 3965 2455 4032 Cum
2480 3968 2643 4032 enim
2676 3969 3023 4052 respublica
3049 3968 3145 4033 vel

683 4069 982 4155 princeps,
1024 4071 1239 4133 contra
1272 4090 1456 4152 quem
1489 4071 1722 4135 bellum
1756 4070 2122 4135 offensivum
2161 4070 2420 4156 geritur,
2457 4071 2836 4155 superiorem
2881 4071 3148 4136 iudicem

681 4193 805 4239 non
851 4173 1096 4248 habeat,
1140 4193 1176 4237 a
1223 4192 1345 4256 quo
1385 4174 1463 4237 ad
1494 4174 1758 4238 iniuriae
1796 4173 2285 4239 satisfactionem
2333 4175 2665 4257 damnique
2702 4175 3150 4258 compensatio·

682 4297 822 4341 nem
856 4275 1299 4357 compellatum
1350 4275 1485 4339 ideo
1533 4276 1597 4339 in
1645 4275 1887 4339 defectu
1920 4277 2150 4360 proprii
2191 4276 2411 4341 iudicis
2451 4295 2522 4341 ac
2554 4277 2813 4342 vindicis
2845 4277 2982 4362 ipsa
3027 4297 3150 4342 res-

683 4381 929 4463 publica
962 4399 1070 4443 seu
1104 4378 1412 4460 PrincepS‚
1464 4379 1571 4460 qui
1604 4379 1702 4443 vel
1740 4379 1919 4443 cuius
1955 4379 2191 4444 subditi
2220 4379 2516 4444 iniuriam
2562 4381 2729 4464 passi
2776 4384 2944 4457 sunt,
2993 4380 3149 4445 iudi·

684 4482 864 4547 candi
916 4481 1383 4561 vindicandique
1452 4481 1696 4545 sceleris
1753 4483 2127 4565 potestatem
2182 4482 2458 4548 naturali
2526 4502 2596 4547 ac
2663 4483 2946 4569 gentium
3012 4483 3148 4547 iure

685 4586 1165 4665 consequuntur.
1202 4585 1419 4670 Laym.
1455 4584 1601 4649 ibid.
1643 4606 1702 4649 n.
1740 4588 1799 4649 5.
