3497 5147
738 359 842 414 138
913 374 1124 414 macr.
1155 375 1207 414 v.
1236 375 1396 414 secr.
1427 375 1515 412 111.
1543 374 1628 411 Dm
1651 373 1973 414 cammaris
1999 373 2387 413 PRAECEPTIS.
2413 372 2611 413 CAPUT
2642 372 2705 411 11.
2735 372 2877 413 nun.
2914 371 2975 411 11.
3050 356 3193 432 [186]

735 470 1011 534 sufficiat
1053 470 1284 534 dicere:
1319 489 1389 533 ex
1438 469 1576 534 odio
1616 469 1959 534 desideravi
2004 471 2061 534 ei
2106 471 2344 534 mahun
2382 489 2591 553 grave,
2640 488 2762 533 non
2808 469 3185 542 declarando,

734 593 814 636 an
860 575 1146 649 mortem,
1181 573 1505 636 infamiam
1530 573 1629 635 vel
1660 575 2111 655 paupertatem.
2151 574 2208 636 N
2214 593 2291 638 011
2314 575 2411 637 est
2436 575 2648 637 autem
2686 591 2907 646 sermo,
2947 572 3186 653 quando

734 675 1087 738 desideravi
1131 691 1399 737 INFERRE
1450 674 1603 737 illud
1651 676 1924 739 malum:
1972 678 2122 739 tunc
2168 676 2331 739 enim
2368 679 2602 738 certum
2649 679 2757 752 est,
2808 674 3188 739 voluntatem

734 776 1050 841 auferendi
1095 773 1329 841 famam
1361 777 1600 841 differre
1639 778 1839 859 specie
1885 797 1922 840 a
1968 778 2293 842 voluntate
2330 777 2679 842 occidendi:
2714 776 2819 841 sed
2846 795 3044 840 sermo
3078 779 3187 850 est,

732 879 978 961 quando
1029 880 1239 944 odium
1277 879 1447 943 sistit
1478 880 1542 942 in
1573 899 1743 944 mero
1769 879 2091 956 desider-ic,
2120 898 2241 961 quo
2270 880 2491 945 vellem
2518 879 2610 943 illi
2637 899 2710 943 ea
2745 879 2913 944 mala
2949 878 3190 943 aliunde

735 984 995 1060 evenire,
1030 983 1178 1064 quia
1215 981 1383 1045 mala
1423 982 1556 1045 eius
1589 983 1739 1046 sunt
1772 1006 1833 1046 ».

827 1087 906 1149 Et
931 1105 1076 1149 sane
1111 1086 1238 1167 ipse
1263 1106 1310 1148 s.
1337 1085 1521 1167 Alph.
1559 1085 1707 1148 alibi
1737 1086 1845 1148 lib.
1888 1087 1947 1149 5.
1982 1106 2041 1148 n.
2071 1087 2197 1162 50„
2233 1089 2528 1162 tractans,
2563 1089 2719 1166 quot
2754 1086 3006 1167 peccata
3038 1104 3191 1148 com·

736 1189 955 1252 mittat
1000 1188 1108 1269 qui
1154 1187 1396 1250 diversa
1446 1187 1612 1250 mala
1661 1188 1840 1268 optat
1870 1187 2120 1251 inimico
2152 1190 2290 1265 etc.‚
2334 1189 2458 1252 tres
2491 1187 2669 1252 affert
2702 1186 3043 1252 sententias
3066 1187 3185 1250 ita:

736 1291 948 1355 Prima
979 1290 1285 1354 sententia
1318 1289 1488 1364 dicit,
1525 1309 1718 1353 unum
1735 1308 1882 1352 esse
1914 1290 2113 1371 specie
2157 1293 2517 1373 peccatum:
2553 1290 2705 1371 quia
2750 1291 3002 1372 peccata
3051 1289 3189 1364 odii,

736 1394 962 1474 quibus
999 1393 1235 1456 malum
1307 1392 1444 1456 aliis
1516 1394 1790 1474 optatur,
1840 1393 2103 1474 speciem
2150 1397 2407 1456 sumunt
2454 1412 2492 1457 a
2553 1393 2993 1457 contrarietate
3056 1412 3193 1457 cum

733 1496 968 1560 virtute
1014 1496 1298 1559 caritatis
1331 1499 1394 1559 et
1425 1495 1668 1559 diversa
1698 1494 1868 1557 mala
1901 1515 1963 1558 se
2002 1495 2418 1558 mterialiter
2453 1496 2706 1559 habent.
2756 1493 3037 1559 Secunda
3071 1514 3192 1559 sen-

735 1600 934 1663 tentia
981 1598 1150 1674 dicit,
1211 1599 1389 1680 plura
1452 1598 1648 1679 specie
1696 1598 2007 1662 committi
2058 1601 2341 1680 peccata3
2394 1597 2541 1679 quia
2587 1597 2959 1661 desiderium
3006 1597 3194 1660 sumit

736 1701 997 1784 speciem
1045 1700 1124 1762 ab
1172 1700 1409 1764 obiecto
1457 1699 1824 1763 desideratO.
1864 1699 2075 1764 Tertia
2124 1701 2332 1764 tamen
2380 1699 2708 1774 sententia,
2765 1699 2919 1762 satis
2980 1699 3191 1781 proba-

735 1804 898 1876 bilis,
934 1802 1102 1876 dicit,
1159 1821 1354 1865 unum
1401 1803 1712 1866 committi
1759 1803 1956 1885 specie
2004 1803 2343 1885 peccatum,
2395 1802 2449 1865 si
2493 1802 2665 1866 mala
2708 1801 2821 1864 illa
2868 1801 3194 1884 apprehen-

737 1905 964 1967 dantur
1010 1904 1125 1967 sub
1173 1923 1296 1966 uno
1345 1923 1565 1986 genere
1611 1904 1783 1976 mali,
1825 1905 1953 1968 scil.
1989 1906 2064 1968 ut
2092 1905 2296 1968 media
2328 1906 2580 1986 optatae
2628 1903 2844 1969 ruinae
2890 1903 3187 1985 proximi:

738 2025 912 2069 secus
938 2005 992 2067 si
1017 2004 1308 2067 voluntas
1339 2005 1575 2067 feratur
1609 2006 1686 2068 ad
1726 2007 1995 2087 optanda
2029 2006 2270 2071 diversa
2286 2008 2453 2070 mala
2480 2007 2755 2089 specifice
2787 2005 3188 2070 considerata.

739 2110 837 2172 Ita
862 2128 909 2170 5.
946 2107 1321 2189 Alphons11S‚
1356 2110 1420 2170 et
1458 2108 1544 2170 sic
1581 2110 1776 2190 patet,
1817 2110 2243 2189 quaestionem
2267 2109 2665 2174 resolutionis
2688 2129 2820 2173 esse
2857 2109 2929 2173 de
2959 2127 3022 2172 re
3053 2108 3192 2172 hinc

737 2212 875 2275 inde
913 2211 1238 2294 probabili.
1275 2211 1356 2273 Et
1387 2210 1683 2274 videndus
1721 2211 1899 2295 Lugo
1932 2212 1973 2275 1.
2010 2232 2059 2275 0.
2101 2232 2203 2276 1111.
2240 2213 2567 2277 259.-263.

845 2354 1031 2405 xxiv.
1060 2354 1107 2403 2.
1139 2351 1271 2403 Licet
1309 2352 1532 2417 proximo
1569 2355 1696 2404 velle
1735 2354 1913 2406 malum
1952 2352 2148 2418 aliquod
2188 2368 2231 2405 v.
2262 2369 2334 2418 gr.
2375 2357 2640 2422 temporale
2668 2355 2955 2420 (dummodo
2996 2369 3092 2406 non
3131 2353 3191 2406 sit

736 2438 864 2492 iusto
891 2436 1130 2502 gravius),
1157 2443 1395 2501 quatenns
1419 2436 1468 2489 id
1495 2436 1566 2489 illi
1596 2440 1772 2489 bonum
1798 2446 1890 2503 est,
1919 2453 1965 2490 v.
1994 2453 2067 2501 gr.
2096 2442 2317 2493 morbum
2346 2443 2422 2492 vel
2451 2438 2815 2503 adversitatem,
2845 2445 2896 2491 ut
2924 2452 2949 2490 a
2986 2438 3192 2505 peccatis

735 2527 1035 2579 emendetur.
1064 2525 1183 2576 Bon.
1210 2524 1257 2576 11.
1290 2525 1336 2576 3.
1360 2537 1406 2587 q.
1436 2525 1482 2575 3.
1513 2537 1557 2588 p.
1587 2526 1673 2577 ult.
1701 2529 1750 2589 23.
1787 2525 1825 2576 Ι.
1850 2538 1921 2578 ea:
1945 2523 2151 2579 multis.
2182 2524 2465 2579 Cavendum
2496 2532 2652 2580 tamen
2680 2531 2772 2591 est,
2803 2538 2861 2577 ne
2896 2526 2979 2577 liat
3004 2538 3067 2577 ex
3098 2524 3191 2577 vin-

735 2610 879 2670 dicta,
898 2625 960 2662 ex
988 2624 1080 2673 qua
1109 2607 1150 2659 si
1178 2609 1418 2660 psalmum
1455 2610 1565 2659 108.
1594 2622 1743 2673 super
1770 2607 2017 2662 inimicum
2048 2616 2181 2663 tuum
2211 2614 2370 2676 legas3
2400 2625 2572 2676 peccas
2600 2610 2888 2663 mortaliter.
2912 2609 3193 2663 Generatim

738 2710 872 2756 vem,
912 2698 974 2747 ob
1014 2696 1193 2744 bonnm
1234 2691 1503 2757 spirituale,
1533 2691 1778 2757 proprium
1821 2697 1895 2746 vel
1937 2693 2162 2757 alienum,
2207 2695 2317 2748 licet
2356 2697 2478 2749 mala
2521 2710 2705 2762 poenae
2743 2694 2981 2748 inefficaci
3021 2699 3191 2747 affectu

736 2779 845 2833 aliis
873 2780 1025 2842 velle;
1049 2775 1178 2841 qnia,
1204 2790 1311 2827 cum
1338 2774 1387 2827 in
1410 2778 1502 2828 1100
1527 2779 1700 2828 affectu
1730 2780 1907 2830 bonum
1937 2777 2189 2844 spirituale
2219 2783 2517 2845 praeferatur
2545 2779 2818 2847 temporali,
2847 2794 2941 2832 non
2970 2787 3044 2833 cst
3071 2778 3193 2831 inor-

741 2862 941 2915 dinatio,
971 2876 1017 2913 v.
1045 2862 1180 2913 Less,
1210 2864 1240 2913 1.
1269 2864 1315 2912 2.
1344 2875 1386 2912 0.
1418 2860 1500 2913 47.

842 2945 922 3000 Sic
961 2945 1071 2998 licet
1102 2960 1147 2998 v.
1172 2960 1245 3009 gr.
1274 2952 1479 2997 mortem
1505 2951 1677 3011 optare
1703 2947 2075 3001 haeresiarchae
2102 2950 2180 3001 vel
2212 2945 2436 3016 publicae
2465 2949 2598 3016 pacis
2636 2949 2895 3013 turbaturi,
2920 2953 2986 3002 ob
3018 2953 3191 3002 bonum

735 3046 989 3086 commune
1017 3036 1065 3084 et
1105 3033 1367 3083 multorum
1407 3033 1633 3093 salutem,
1658 3030 1795 3083 iuxta
1822 3031 1940 3084 illud
1967 3035 2126 3085 Galat.
2158 3035 2216 3085 V.
2255 3036 2330 3087 12.
2369 3033 2592 3089 Utinam
2620 3032 3047 3089 abscindantur.
3079 3026 3191 3087 ltem

738 3116 920 3170 tristari
958 3119 1018 3169 de
1057 3130 1133 3178 00,
1173 3117 1302 3180 quod
1343 3113 1605 3179 dignitates
1643 3120 1955 3169 conserantur
1992 3116 2218 3179 indignis,
2263 3120 2340 3170 vel
2380 3119 2439 3171 de
2480 3118 2685 3172 sanitate
2724 3118 2847 3180 eius,
2886 3118 2970 3183 qui
3013 3134 3072 3172 ex
3113 3118 3190 3171 illa

734 3202 880 3256 sumit
918 3201 1221 3254 occasionem
1250 3199 1497 3267 peccandi.
1527 3203 1641 3253 ltem
1669 3207 1889 3263 mortem,
1924 3207 2185 3263 egestatem
2212 3209 2295 3253 aut
2329 3205 2552 3255 morbum
2580 3202 2785 3255 alicuius
2813 3202 3113 3265 desiderare,
3144 3209 3192 3255 ut

735 3296 893 3342 cesset
933 3302 958 3339 a
1000 3286 1211 3352 peccatis
1247 3302 1272 3338 e
1314 3285 1461 3338 vitam
1503 3284 1549 3337 in
1594 3285 1767 3338 melius
1806 3291 1976 3338 mutet.
2008 3288 2183 3339 Eadem
2212 3302 2270 3338 ex
2312 3302 2456 3341 cansa
2496 3291 2614 3340 Bon.
2646 3292 2775 3341 Azor
2806 3294 2853 3341 et
2881 3290 3058 3341 Palaus
3087 3295 3117 3340 1.
3144 3289 3191 3339 6.

736 3389 782 3439 p.
819 3375 863 3425 l.
893 3388 938 3425 n.
976 3374 1050 3424 ll.
1079 3377 1312 3424 excusant
1340 3387 1364 3423 a
1407 3377 1605 3436 peccato
1644 3376 1863 3430 matrem,
1892 3385 2016 3436 quac
2043 3378 2247 3425 mortem
2289 3372 2496 3425 filiarum
2523 3379 2739 3439 exoptat,
2765 3386 2825 3425 eo
2856 3376 2988 3438 quod
3024 3376 3086 3425 ol)
3113 3374 3190 3425 de·

736 3457 1027 3512 formitatem
1069 3459 1146 3508 vel
1170 3455 1381 3521 inopiam
1409 3457 1665 3509 commode
1691 3461 1740 3507 et
1768 3458 1971 3508 honeste
2002 3456 2175 3522 nuptui
2202 3460 2397 3511 tradere
2431 3472 2524 3511 non
2553 3457 2724 3522 possit.
2754 3456 2909 3512 ‘Vide
2934 3461 3080 3524 Prop.
3115 3460 3187 3510 15.

734 3543 861 3598 111101·
900 3545 1150 3596 damnatas
1187 3544 1249 3593 ab
1278 3543 1437 3594 lnnoc.
1466 3542 1552 3594 ΧΙ.
1587 3540 1716 3593 ’1Ξ151
1754 3555 1875 3593 vero
1907 3539 1999 3594 sibi
2036 3540 2131 3608 ipsi
2165 3549 2336 3608 optare
2374 3549 2576 3595 mortem
2617 3544 2735 3595 Nav.
2764 3548 2813 3596 et
2837 3542 2992 3597 ceteri
3030 3542 3191 3597 dicant

735 3644 843 3681 esse
873 3630 1103 3681 mortale:
1126 3628 1187 3680 ad
1213 3625 1436 3679 evitanda
1465 3632 1623 3678 tamen
1643 3625 1812 3689 gravia
1837 3629 1977 3691 mala,
2008 3640 2053 3680 v.
2074 3642 2147 3690 gr.
2168 3626 2475 3681 afflictionem
2503 3626 2741 3679 internam
2767 3626 2818 3679 id
2844 3626 2994 3680 licere
3024 3628 3190 3680 volunt

734 3716 909 3766 Sancli.
941 3716 1043 3764 sot.
1071 3714 1219 3763 Gran.
1243 3710 1378 3763 Dian.
1405 3726 1449 3776 p.
1475 3712 1523 3763 ὅ.
1548 3718 1580 3763 1.
1618 3711 1751 3762 1.1.ι·.
1774 3714 1858 3763 92.
1883 3712 1948 3763 lta
1976 3718 2025 3765 et
2050 3714 2206 3765 Trull.
2235 3715 2264 3764 l.
2298 3714 2336 3764 l.
2357 3714 2403 3763 d.
2428 3714 2475 3764 2.
2500 3726 2546 3764 n.
2570 3713 2588 3763 «1
2613 3714 2653 3763 Ι.
2676 3717 2879 3764 excusat
2911 3711 3184 3773 foeminam,

733 3811 858 3861 qnae
885 3795 977 3847 sibi
1013 3798 1085 3847 vel
1115 3794 1254 3847 alteri
1281 3803 1484 3847 mortem
1513 3802 1648 3859 optat
1676 3798 1733 3847 1111
1767 3795 2013 3849 vitandam
2038 3810 2237 3858 gravem
2268 3795 2606 3858 infirmitatem,
2630 3794 3005 3858 mendicitatem,
3042 3795 3187 3849 vitam

732 3883 959 3933 acerbam
983 3886 1074 3932 etc.
1100 3881 1173 3932 vel
1201 3879 1293 3931 alia
1321 3878 1495 3931 similia
1518 3883 1639 3931 mala
1662 3894 1686 3930 a
1711 3879 1903 3941 meritc,
1929 3895 1973 3930 v.
1997 3893 2070 3943 gr.
2093 3878 2268 3931 inflicta
2294 3883 2369 3931 vel
2392 3879 2666 3943 infligenda.
2688 3878 3000 3933 Mulierculas
3027 3888 3182 3934 tamen

732 3967 796 4016 ob
825 3963 1047 4015 minimas
1075 3962 1322 4016 molestias
1350 3969 1550 4013 mortem
1582 3970 1806 4027 optantes
1836 3964 1973 4015 Dian.
2000 3966 2029 4015 1.
2058 3978 2100 4014 c.
2129 3962 2347 4015 mortalis
2374 3964 2585 4026 damnat,
2607 3963 2698 4017 nisi
2726 3971 2777 4018 ut
2805 3966 3089 4031 plerumque
3120 3967 3186 4029 tlt,

732 4056 933 4102 excuset
974 4050 1190 4101 delectus
1229 4045 1561 4098 advertentiae
1600 4051 1648 4097 et
1685 4045 2069 4099 deliberationi&

827 4170 980 4241 186.
1015 4171 1155 4234 Huc
1188 4168 1424 4232 faciunt
1460 4167 1741 4248 superius
1776 4188 1833 4231 n.
1882 4169 2024 4231 183.
2062 4168 2255 4232 allata
2287 4189 2358 4233 ex
2397 4191 2443 4235 s.
2473 4171 2740 4247 Thoma;
2774 4172 2989 4237 eadem
3029 4173 3190 4237 enim

733 4279 826 4336 est
874 4291 1084 4335 causa.

824 4375 964 4436 Huc
1002 4372 1285 4453 spectant
1317 4369 1505 4433 etiam
1545 4370 1673 4447 illa,
1709 4391 1869 4452 quae
1906 4393 1952 4435 s.
1989 4374 2207 4438 Thom.
2244 4376 2429 4440 habet
2455 4377 2528 4439 de
2582 4378 2735 4441 Viri,
2772 4398 2829 4459 q.
2867 4381 2927 4442 2.
2964 4386 3082 4445 art.
3126 4380 3184 4442 8.

736 4478 812 4540 ad
856 4478 992 4537 lo:
1037 4498 1068 4529 «
1109 4473 1303 4535 Licite
1334 4474 1539 4555 potest
1571 4473 1692 4547 ille,
1745 4474 1821 4537 ad
1855 4496 2039 4557 quem
2077 4497 2147 4541 ex
2190 4479 2390 4543 officio
2426 4481 2708 4562 pertinet,
2759 4482 3187 4547 malefactores

734 4578 950 4662 punire
985 4576 1081 4639 vel
1132 4574 1319 4638 etiam
1371 4576 1658 4651 occidere,
1693 4596 1796 4641 eos
1836 4598 1905 4642 ex
1938 4580 2198 4645 caritate
2246 4581 2576 4667 diligendo.
2626 4584 2794 4649 Dicit
2831 4586 2993 4650 enim
3043 4586 3188 4650 Gre-
