3497 5147
740 374 848 429 564
1049 385 1259 427 rarior.
1288 387 1368 428 vr.
1394 385 1555 428 sacr.
1583 387 1671 426 111.
1692 386 1779 426 nn
1801 386 2022 427 murro
2049 384 2263 426 Panno.
2290 383 2615 425 nncnnoor.
2641 383 2784 426 nun.
2811 383 2876 423 11.
3054 367 3198 442 [765]

1083 570 1185 632 11.
1224 567 1327 632 De
1357 568 1893 632 instauratoribus
1928 568 2214 650 fontium,
2235 567 2547 646 pontium,
2586 567 2851 630 marum.

752 781 757 785 ·
826 751 947 815 Res
979 769 1084 833 per
1108 769 1172 814 se
1204 750 1397 833 patet,
1440 749 1588 813 dum
1620 747 1890 812 conditio
1932 746 2096 811 adsit
2127 746 2206 810 ab
2236 745 2311 810 A.
2347 745 2587 810 notata.

1633 951 1735 1013 12.
1777 948 1879 1013 De
1918 947 2299 1013 Sartoribus.

824 1136 995 1211 765.
1030 1139 1223 1205 Nulla
1254 1141 1350 1204 est
1380 1139 1716 1203 difficultas
1748 1137 1813 1201 in
1844 1137 1942 1215 iis,
1976 1155 2135 1219 quae
2166 1136 2242 1200 A.
2274 1138 2566 1200 recenset.

824 1241 996 1306 Idem
1028 1241 1334 1324 approbat
1369 1260 1418 1304 s.
1452 1240 1635 1323 Alph.
1676 1261 1735 1303 n.
1773 1239 1922 1302 303.
1957 1239 2122 1322 quod
2160 1238 2393 1303 scilicet
2429 1236 2614 1302 liceat
2660 1238 2919 1321 urgente
2940 1239 3196 1304 necessi-

734 1345 867 1408 tate
900 1344 1205 1418 funerum,
1244 1342 1604 1425 nuptiarum
1637 1343 1700 1405 et
1736 1341 2057 1416 sirnih'um,
2091 1359 2200 1405 nec
2232 1339 2328 1403 die
2362 1338 2744 1404 antecedenti
2792 1340 3110 1423 potuerint
3145 1341 3193 1405 ii

735 1447 1260 1632 opssdessssrldgai,
1288 1548 1342 1613 si
1368 1547 1603 1612 advena
1627 1547 1836 1611 careat
1852 1546 2128 1610 vestibus
2144 1544 2518 1609 decentibus.
2539 1542 2716 1623 Quod
2741 1543 3189 1609 extendendum

731 1653 826 1715 est
864 1651 1054 1715 etiam
1087 1651 1161 1715 ad
1195 1651 1483 1728 incolam,
1524 1650 1576 1714 si
1609 1650 1777 1714 sorte
1809 1649 2044 1722 careat;
2095 1647 2242 1730 quia
2281 1647 2454 1711 nulla
2500 1647 2707 1729 potior
2742 1646 2906 1712 ratio
2940 1650 3034 1712 est
3079 1668 3190 1733 pro

733 1753 1056 1818 alterutro.

818 1860 1035 1925 Potior
1066 1860 1403 1924 difficultas
1452 1862 1566 1937 est,
1602 1860 1655 1924 si
1688 1859 1797 1923 alii
1829 1861 2181 1942 exspectent
2218 1862 2418 1924 vestes
2451 1859 2821 1943 promissas:
2856 1860 2963 1942 qui
3010 1881 3191 1928 casus

729 1963 825 2028 est
854 1962 1252 2045 frequentior.
1279 1961 1707 2028 Communiter
1740 1963 1875 2026 DD.
1911 1963 2224 2038 excusant,
2259 1961 2311 2025 si
2344 1981 2517 2026 secus
2551 1963 2755 2026 sartor
2787 1982 3086 2046 passurus
3110 1966 3192 2030 sit

728 2084 918 2150 grave
948 2066 1428 2144 incommodum,
1480 2067 1554 2130 ut
1597 2065 1835 2129 limitat
1867 2084 1915 2129 s.
1956 2064 2139 2148 Alph.
2175 2084 2234 2127 n.
2268 2065 2418 2128 303.
2454 2065 2536 2128 Et
2581 2085 2772 2149 grave
2809 2065 2925 2130 hoc
2957 2066 3192 2132 incom-

727 2168 985 2232 modum
1022 2168 1277 2232 subinde
1325 2169 1541 2244 aderit,
1576 2168 1724 2250 quia
1757 2168 1866 2249 qui
1903 2168 2104 2231 vestes
2136 2166 2393 2250 exigunt
2437 2168 2501 2230 et
2536 2168 2814 2251 graviter
2860 2168 3074 2234 dolent
3119 2170 3190 2234 de

727 2269 925 2333 fracta
957 2269 1094 2347 fide,
1128 2271 1397 2352 pretium
1419 2271 1671 2354 negant,
1707 2269 2044 2333 detrahunt
2076 2269 2301 2333 sartori
2335 2267 2498 2352 apud
2532 2269 2688 2334 alios
2714 2271 2830 2334 etc.

819 2371 1035 2452 Quoad
1059 2373 1297 2455 praxim
1323 2375 1497 2438 totus
1523 2370 1706 2436 cardo
1739 2371 1803 2435 in
1837 2373 1953 2435 hoc
1977 2371 2263 2445 vertitur,
2299 2390 2372 2435 ne
2405 2373 2675 2436 sartores
2700 2374 2896 2437 semet
2927 2374 3187 2439 scienter

728 2475 1061 2540 coniiciant
1097 2475 1160 2538 in
1192 2475 1351 2538 hanc
1381 2474 1832 2552 necessitatem,
1875 2473 2240 2538 assumendo
2291 2473 2422 2537 scil.
2457 2490 2633 2557 opuS,
2673 2475 2839 2556 quod
2873 2475 3081 2541 sciunt
3125 2496 3187 2541 se

728 2580 872 2644 ante
905 2578 1133 2643 festum
1164 2580 1478 2661 praestare
1510 2596 1631 2642 non
1679 2597 1885 2661 posse:
1926 2577 2034 2641 isti
2066 2597 2102 2641 a
2140 2579 2391 2660 peccato
2429 2579 2707 2643 excusari
2751 2596 2875 2643 non
2906 2582 3184 2663 possunt,

726 2682 846 2746 nisi
874 2682 1036 2746 forte
1067 2680 1405 2745 recusando
1442 2679 1599 2745 illud
1633 2700 1788 2763 opus
1820 2700 2009 2765 grave
2042 2679 2311 2744 subituri
2341 2680 2546 2743 essent
2568 2680 2885 2745 damnum.

817 2783 881 2847 Si
912 2801 1057 2847 vero
1084 2801 1231 2848 casu
1264 2782 1327 2846 id
1344 2783 1687 2867 contingat,
1723 2783 1889 2866 quod
1924 2782 2181 2847 subinde
2207 2781 2339 2846 fieri
2362 2784 2590 2864 potest,
2626 2783 2724 2847 vel
2748 2783 2896 2865 quia
2922 2786 3185 2868 operarii

726 2886 968 2962 desunt,
1009 2886 1234 2967 quibus
1265 2887 1471 2950 sartor
1500 2886 1864 2961 confidebat,
1905 2885 2004 2949 vel
2036 2885 2182 2968 quia
2220 2904 2369 2949 casu
2405 2884 2527 2949 suit
2564 2904 2600 2948 a
2624 2885 2964 2951 laborando
3004 2888 3186 2972 impe-

725 2988 894 3051 ditus
926 2988 1063 3064 etc„
1104 2990 1254 3051 tunc
1282 2988 1399 3051 hac
1429 2988 1613 3070 culpa
1643 2990 1832 3052 caret.
1861 2988 2002 3051 Vid.
2043 2987 2219 3072 Gury
2253 2988 2311 3070 g.
2344 2987 2495 3051 361.
2529 3009 2589 3052 n.
2635 2989 2737 3052 10.

1716 3169 1819 3233 De
1856 3169 2192 3233 sutoribus-9.

817 3330 987 3404 766.
1021 3334 1247 3401 Merito
1274 3337 1424 3400 haec
1447 3335 1660 3400 eadem
1691 3335 1766 3399 de
1797 3336 2113 3400 sutoribus
2138 3336 2391 3401 dicenda
2414 3336 2620 3418 inquit
2651 3356 2700 3402 s,
2724 3338 2911 3421 Alph.
2937 3340 3179 3420 quibuS,

726 3436 948 3520 inquit,
983 3458 1055 3503 ex
1085 3440 1339 3503 inducta
1371 3438 1815 3504 consuetudine
1854 3439 2257 3522 permittitur,
2281 3458 2470 3503 novo-s
2506 3438 2740 3504 calceos
2769 3440 3082 3505 calceare:
3117 3441 3177 3505 in

725 3560 848 3623 quo
865 3560 988 3605 non
1013 3542 1210 3616 video,
1238 3542 1347 3605 ubi
1370 3541 1455 3606 sit
1470 3541 1836 3617 difficultas;
1864 3542 2134 3608 calceare
2155 3542 2318 3607 enim
2335 3543 2431 3606 est
2453 3540 2679 3607 calceis·
2692 3543 2915 3606 vestire
2933 3562 2955 3605 .·
2973 3542 3178 3628 agitur

722 3643 960 3707 scilicet
989 3642 1063 3706 de
1100 3642 1373 3726 periculo
1410 3643 1682 3708 faciendo
1716 3662 2019 3709 novorum
2057 3645 2425 3710 calceorum.

814 3744 1110 3808 Excusari
1134 3748 1413 3827 possunt,
1440 3746 1548 3827 qui
1571 3745 1809 3811 calceos
1833 3748 2106 3829 purgant
2128 3763 2236 3809 seu
2263 3744 2537 3827 tingunt.
2564 3746 2702 3812 Hoc
2725 3747 2889 3812 enim
2913 3748 3176 3831 pertinet

726 3844 803 3907 ad
836 3846 1191 3927 purgandas
1222 3850 1443 3912 vestes.
1485 3848 1732 3913 Etcum
1764 3848 2025 3929 quisque
2056 3846 2224 3910 licite
2248 3845 2310 3910 id
2334 3846 2526 3911 faciat
2549 3848 2689 3924 sibi,
2715 3849 2949 3931 poterit
2979 3851 3044 3914 et
3072 3864 3177 3933 pro

728 3946 866 4009 aliis
899 3944 1097 4009 facere
1128 3947 1242 4031 (a).

1657 4100 1760 4163 13.
1793 4096 1896 4163 De
1926 4097 2241 4180 ayricolis‘.

816 4270 1236 4337 Resolutionis
1269 4272 1431 4336 ratio
1463 4272 1656 4355 patet,
1692 4269 1769 4335 ad
1799 4252 2125 4338 vitandum
2157 4293 2372 4359 nempe
2403 4275 2718 4341 damnum.

806 4539 867 4591 (a)
899 4539 967 4582 At
988 4537 1029 4580 si
1048 4541 1211 4583 totam
1230 4541 1362 4585 diem
1384 4540 1646 4586 insumant
1675 4542 1932 4597 tingendis
1950 4545 2130 4590 calceis
2157 4550 2613 4603 praetereuntium,
2632 4553 2693 4594 nt
2713 4551 2886 4606 plure-
2913 4566 3052 4598 nnno
3065 4564 3175 4597 oon·

723 4605 1013 4661 spiciuntur
1034 4606 1087 4649 in
1106 4606 1204 4649 viis
1224 4607 1455 4663 publicis,
1477 4610 1608 4653 ratio
1627 4611 1829 4654 uer-ville
1848 4615 1899 4655 et
1916 4612 2087 4657 illiciti
2107 4615 2270 4669 operis
2288 4614 2413 4658 eatis
2432 4627 2484 4659 ne
2504 4616 2713 4671 prodere
2733 4618 2957 4664 videtur.
2981 4619 3036 4663 Ε.
