3497 5147
688 338 799 392 254
938 348 1153 390 TRAc'r.
1179 350 1259 391 w.
1286 349 1449 390 ποτ.
1478 350 1517 389 1.
1548 349 1633 387 nm
1656 346 1849 388 muno
1873 346 2437 389 PnAa0.nch1,0e1.
2464 347 2598 388 OAP.
2625 347 2664 386 1.
2696 347 2837 389 nna.
2868 348 2935 387 ιι.
3009 334 3152 403 [348]

688 448 830 509 citae,
862 452 913 499 ut
940 448 1108 510 Laynn.
1136 446 1168 499 1.
1194 447 1244 498 3.
1276 452 1309 498 ι.
1339 445 1387 497 4.
1415 452 1464 497 et
1497 446 1692 505 Bonae„
1725 452 1828 495 tum
1855 441 1971 507 quia
1996 443 2153 495 onir-ia
2181 442 2424 496 secularia
2462 456 2557 494 non
2595 449 2745 504 sorte,
2775 443 2863 494 sed
2887 446 3154 496 secundum

688 545 1007 599 personarum
1035 528 1355 596 aptitudinem
1381 536 1494 582 sunt
1525 528 1804 589 dividenda,
1833 526 1927 581 etsi
1953 526 2079 579 inter
2105 530 2270 593 plures
2296 541 2450 593 aeque
2474 533 2619 593 aptos
2644 533 2693 579 et
2725 524 2898 590 dignos
2922 533 3054 580 sorte
3079 526 3156 592 agi

686 616 856 683 possit.
886 618 948 669 V.
979 618 1113 668 LeSS.
1140 631 1182 667 c.
1214 614 1295 667 43.

777 752 958 828 348.
994 754 1204 820 Sortes
1239 756 1398 819 aliae
1439 753 1732 818 dicuntur
1767 752 2202 829 divinatoriae,
2238 752 2396 816 aliae
2427 751 2860 828 conszdtoriae,
2888 752 3050 817 aliae
3070 753 3159 816 di-

688 859 977 923 visorv'ae.
1018 859 1109 921 De
1141 857 1382 920 duabus
1416 855 1723 938 prioribus
1761 855 1834 918 A.
1862 855 1925 918 in
1958 853 2137 918 resol.
2178 854 2278 917 11.
2314 853 2387 917 de
2418 853 2606 917 tertia
2637 853 2700 916 in
2744 854 2845 916 12.
2882 854 3039 937 agit.

782 960 1212 1026 Divinatoriae
1235 960 1594 1043 diriguntur
1613 958 1690 1021 ad
1708 958 2126 1042 cognitionem
2142 958 2230 1021 rei
2245 956 2495 1036 futurae
2518 957 2616 1020 vel
2640 955 2932 1020 occultae.
2961 957 3160 1021 Habe-

694 1065 870 1129 bitur
895 1064 1147 1144 pactum
1172 1062 1529 1144 explicitum
1554 1063 1619 1124 in
1642 1060 1719 1123 iis
1737 1079 1880 1123 cum
1903 1059 2171 1135 diabolo,
2191 1060 2242 1123 si
2268 1060 2407 1140 quis
2431 1060 2651 1123 mittat
2667 1061 2863 1125 sortes
2881 1079 3159 1142 expresse

695 1168 907 1249 petens
948 1165 1059 1227 aut
1084 1164 1408 1245 expectans
1441 1182 1476 1226 a
1511 1164 1827 1239 daemone,
1867 1164 1940 1226 ut
1972 1180 2078 1244 per
2115 1180 2218 1225 eas
2251 1162 2531 1243 quaesita
2571 1162 2829 1244 aperiat.
2869 1163 3159 1226 Tacitum

692 1284 837 1332 vero
889 1285 998 1329 seu
1046 1264 1444 1347 implicitum,
1478 1265 1531 1329 si
1567 1265 1656 1328 rei
1701 1261 2125 1328 manifestatio
2172 1264 2558 1346 exspectetur
2605 1263 2683 1327 ab
2717 1264 2855 1346 ipsa
2892 1265 3162 1328 sortium

695 1367 1131 1451 dispositione3
1171 1367 1417 1449 quippe,
1452 1386 1593 1430 cum
1625 1386 1697 1429 ex
1726 1369 1955 1429 natura
1988 1384 2102 1428 sua
2133 1368 2332 1429 sortes
2366 1384 2485 1430 non
2518 1366 2790 1430 habeant
2819 1367 2980 1430 hanc
3010 1367 3159 1445 vim,

694 1471 992 1535 habemus
1024 1488 1256 1546 casum,
1292 1488 1414 1549 quo
1447 1469 1708 1533 daemon
1739 1487 1805 1532 se
1835 1468 2082 1552 ingerit.

791 1573 982 1636 Porro
1021 1571 1347 1636 hominum
1392 1570 1763 1654 perversitas
1801 1589 1872 1635 eo
1909 1564 2175 1648 deve'nit,
2215 1571 2290 1634 ut
2334 1571 2411 1634 ad
2449 1571 2772 1655 sortilegia
2802 1571 3164 1636 huiusmodi

688 1675 953 1758 quidam
988 1674 1392 1737 abuterentur
1415 1673 1715 1738 sacrificio
1750 1672 1979 1736 Missae
2003 1672 2108 1753 (ad
2132 1692 2422 1737 numeros
2448 1674 2784 1738 aleatoriae
2813 1674 3168 1739 sortitionis

687 1776 1088 1857 divinandos)
1121 1776 1213 1838 ita
1239 1777 1313 1838 ut
1336 1776 1698 1858 Apostolica
1729 1773 1913 1839 Sedes
1937 1775 2167 1856 pluries
2194 1774 2681 1840 animadvertere
2705 1777 2768 1839 in
2791 1777 2910 1840 hoc
2933 1776 3165 1840 crimen

687 1880 968 1944 debuerit
1010 1880 1074 1941 et
1097 1878 1431 1942 novissime
1465 1878 1581 1942 sub
1613 1877 1946 1941 Benedicto
1965 1876 2136 1941 XIV.
2163 1877 2366 1941 latum
2388 1876 2579 1941 fuerit
2602 1898 2634 1943 e
2666 1877 3167 1963 Congregatione

688 2002 737 2045 S.
800 1979 1227 2061 Inquisitionis
1274 1979 1591 2043 decretum
1637 1981 1969 2062 perpetuae
2015 1980 2536 2045 inhabilitationis
2584 1980 2662 2044 ad
2708 1980 2972 2045 Missam
3019 1982 3171 2045 cele-

691 2082 1019 2146 brandam.
1070 2082 1172 2144 Ita
1227 2081 1494 2161 (Bullar.
1543 2081 1856 2144 Benedict.
1915 2080 2085 2145 XIV.
2134 2085 2286 2147 tom.
2338 2081 2419 2145 II.
2469 2082 2744 2164 Append.
2794 2101 2938 2168 pag.
2995 2084 3164 2165 46.):

695 2209 731 2243 «ι
765 2182 875 2247 SS.
918 2182 1225 2247 Dominus
1257 2183 1467 2247 noster
1504 2183 1768 2247 sollicite
1793 2183 2307 2262 animadvertens,
2332 2203 2524 2265 quam
2547 2204 2737 2268 grave
2759 2184 2845 2248 sit
2868 2184 3171 2248 delictum

688 2288 950 2350 illorum
987 2284 1371 2367 perditorum
1403 2285 1744 2362 hominum,
1781 2286 1888 2367 qui
1920 2287 2311 2351 sacrosancto
2345 2286 2574 2351 Missae
2612 2286 2913 2351 sacrificio
2953 2306 3026 2351 ac
3073 2306 3172 2351 sa-

690 2388 920 2453 lutaris
956 2387 1384 2451 Poenitentiae
1418 2389 1822 2465 sacramento,
1850 2388 1927 2451 ad
1965 2388 2315 2451 animarum
2345 2388 2800 2471 reparationem
2837 2408 2874 2452 a
2913 2386 3169 2454 Christo

692 2493 960 2556 Domino
994 2490 1324 2569 institutiS,
1362 2491 1426 2555 in
1468 2491 1723 2555 illarum
1746 2492 2076 2575 perniciem
2102 2493 2165 2555 et
2188 2491 2650 2556 damnationem
2673 2493 3043 2569 abutuntur,
3070 2494 3172 2559 de-

686 2596 900 2672 crevit,
928 2593 1093 2675 quod
1136 2594 1202 2656 in
1236 2596 1555 2676 posterum
1591 2595 2002 2660 sacerdotes...
2043 2595 2135 2677 (in
2167 2594 2572 2679 confessione)
2598 2595 2675 2660 ad
2707 2596 2916 2679 turpia
2941 2597 3173 2662 sollici-

688 2701 921 2772 tantes3
950 2697 1046 2760 vel
1081 2697 1382 2761 sacrificio
1408 2697 1638 2761 Missae
1664 2697 1989 2762 abutentes
2008 2697 2085 2761 ad
2102 2698 2442 2782 sortilegia,
2462 2700 2705 2781 praeter
2720 2718 2950 2781 poenas
2970 2719 3006 2763 a
3024 2700 3170 2766 Iure

687 2801 751 2861 et
797 2797 1174 2880 Apostolicis
1232 2795 1803 2864 Constitutionibus
1837 2819 1907 2863 ac
1939 2799 2257 2884 signanter
2303 2799 2461 2865 Sixti
2495 2800 2569 2865 V.
2604 2802 2667 2865 et
2704 2799 2996 2887 Gregorii
3025 2802 3167 2867 XV.

690 2903 905 2966 contra
938 2901 1185 2965 eosdem
1209 2901 1506 2978 inflictaS,
1535 2905 1899 2985 perpetuam
1929 2904 2120 2968 etiam
2150 2904 2716 2969 inhabilitationem
2739 2904 3066 2970 incurrant
3089 2907 3169 2971 ad

690 3003 953 3086 praefati
993 3002 1276 3066 sacrificii
1319 3004 1795 3068 celebrationem
1833 3030 1894 3067 ».
1923 3006 2036 3068 Die
2076 3007 2180 3069 21.
2217 3006 2466 3090 august.
2506 3007 2696 3071 1745.

781 3102 957 3175 349.
987 3104 1203 3185 Quoad
1229 3105 1670 3184 consultor-ias,
1699 3125 1859 3187 quae
1884 3107 2255 3172 adhibentur
2279 3108 2355 3172 ad
2381 3109 2774 3186 noscendum,
2803 3110 2954 3192 quid
2985 3130 3170 3196 agen-

692 3210 841 3272 dum
882 3211 992 3272 aut
1032 3208 1448 3272 omittendum
1497 3209 1597 3286 sit,
1626 3209 1839 3273 eodem
1871 3209 2055 3274 modo
2088 3211 2325 3293 peccari
2356 3211 2605 3294 poterit,
2640 3212 2694 3276 si
2726 3214 2838 3277 aut
2879 3214 3168 3296 explicite

691 3331 727 3375 a
768 3311 1063 3375 daemone
1114 3311 1444 3375 eonsilium
1493 3313 1866 3393 expectetur,
1902 3313 2013 3375 aut
2058 3312 2378 3395 implicite,
2416 3315 2601 3396 prout
2649 3315 2934 3397 superius
2981 3317 3169 3400 expli·

695 3416 906 3479 catum
944 3415 1056 3478 est.

783 3518 1021 3581 Auctor
1068 3516 1300 3592 subdit,
1340 3515 1673 3598 aliquando
1721 3516 1926 3580 licitas
1974 3537 2123 3597 esse,
2167 3519 2411 3600 quando
2451 3539 2674 3584 causae
2719 3522 3056 3586 necessitas
3103 3522 3165 3586 id

691 3620 995 3704 postulat,
1022 3638 1132 3683 nec
1152 3618 1363 3701 aptior
1386 3619 1608 3683 modus
1628 3619 1909 3683 vincendi
1942 3621 2200 3685 dubium
2225 3623 2481 3704 apparet
2512 3623 2660 3687 etin
2683 3624 2800 3688 hoc
2830 3643 2982 3689 casu
3014 3624 3167 3689 indi·

690 3722 858 3785 cium
890 3740 926 3783 a
952 3721 1085 3784 solo
1112 3722 1245 3784 Deo
1280 3723 1658 3804 expectatur.

785 3820 1183 3885 Conditiones
1217 3841 1287 3886 ex
1328 3821 1920 3889 Salmanticensibus
1965 3827 2396 3908 proponuntur
2426 3827 2586 3910 apud
2627 3847 2675 3891 s.
2716 3829 2901 3912 Alph.
2935 3850 2996 3894 n.
3037 3831 3161 3908 11.,

695 3925 762 3987 1⁰
793 3923 979 3987 Adsit
1012 3942 1237 4006 urgens
1277 3925 1609 3988 necessitas
1642 3927 1886 3990 salutis.
1925 3929 1993 3989 2⁰
2025 3928 2252 3991 Divina
2284 3948 2404 3994 non
2451 3933 2895 3996 convertantur
2933 3932 3011 3997 ad
3052 3935 3170 3997 ter-

689 4044 838 4090 rena
870 4025 1141 4110 negotia.
1171 4025 1241 4088 3⁰
1269 4025 1360 4089 Ne
1395 4026 1551 4090 fiant
1581 4027 1645 4090 in
1678 4028 2080 4092 electionibus
2107 4031 2553 4096 ecclesiasticis.
2581 4032 2698 4097 Sed
2721 4034 2928 4099 minus
2953 4038 3171 4100 exacte

694 4132 759 4194 et
805 4129 1166 4211 adaequate.
1202 4129 1432 4193 Melius
1467 4129 1703 4194 Auctor
1740 4130 1945 4195 licitas
1993 4132 2161 4196 dicit.
2202 4134 2267 4196 1⁰
2299 4134 2362 4199 Si
2393 4137 2569 4201 iussu
2606 4138 2704 4201 vel
2749 4138 3013 4203 istinctu
3051 4140 3169 4204 Dei

689 4232 871 4304 fiant;
908 4232 1006 4295 vel
1043 4233 1112 4293 2⁰
1153 4231 1207 4294 si
1246 4232 1579 4295 necessitas
1619 4250 1690 4294 ac
1735 4233 1970 4316 negotii
2003 4237 2281 4318 gravitas
2316 4237 2379 4301 id
2425 4239 2719 4321 postulet,
2753 4259 2866 4304 nec
2903 4241 3030 4304 alia
3062 4241 3167 4305 via

695 4334 992 4417 appareat
1026 4332 1307 4397 solvendi
1338 4332 1624 4396 dubium:
1660 4334 1729 4428 3⁰
1754 4334 1909 4399 fiant
1940 4356 2079 4401 eum
2113 4338 2321 4403 debita
2352 4342 2692 4405 reverentia
2718 4360 2790 4406 ac
2819 4344 3164 4425 praemissa

697 4437 994 4501 oratione.

783 4539 990 4602 Nimis
1023 4538 1302 4601 coarctat
1336 4537 1505 4614 Voit,
1540 4559 1682 4605 cum
1714 4541 1883 4620 dicit,
1923 4545 2119 4609 sortes
2153 4545 2426 4610 adhiberi
2460 4547 2536 4610 ad
2574 4548 3015 4630 explorandam
3046 4550 3163 4615 Dei
