3497 5147
379 362 451 439 [7]
773 378 940 426 Qum
980 376 1285 419 mmm
1324 375 1497 418 rrum
1533 374 1908 417 unonsssmo
1945 374 2277 417 canonum
2315 377 2450 419 surr
2798 367 2834 421 5

375 476 525 541 solis
563 475 819 557 quidem
866 473 1244 539 testimoniis
1289 472 1770 556 Scripturarum,
1807 473 2071 537 Patrum
2117 491 2380 555 quoque,
2413 475 2628 557 nequit
2671 477 2851 558 certe

373 578 787 645 demonstrari
819 578 1124 644 alterutra
1157 577 1463 641 sententia
1501 577 1596 641 vel
1636 576 1953 640 affirmans
1999 576 2098 639 vel
2142 594 2394 659 negans,
2426 578 2832 644 necessariam

372 700 502 747 esse
547 681 917 747 necessitate
945 679 1151 758 medii,
1188 680 1414 745 saltem
1452 678 1529 743 ab
1561 680 1768 744 aetate
1798 677 2195 744 revelationis
2230 679 2621 757 christianae,
2647 681 2830 747 fidem

372 785 727 868 explicitam
759 783 1088 849 Trinitatis
1118 784 1183 847 et
1216 781 1667 848 Incarnationis
1712 799 1824 846 nec
1868 780 2000 844 ulla
2045 783 2334 863 prostant
2371 783 2486 846 hac
2531 783 2595 846 in
2630 803 2697 850 re
2733 784 2831 849 de-

372 889 540 952 creta
568 886 898 951 Ecclesiae.
938 884 1204 950 Restant
1234 903 1381 968 ergo
1417 883 1690 949 rationes
1722 882 2109 966 theologicae
2139 901 2208 946 ex
2249 883 2540 968 analogia
2578 885 2718 950 fidei
2765 888 2829 951 et

372 989 807 1073 theologorum
865 1007 1069 1053 sensu.
1116 987 1233 1052 His
1293 1004 1439 1051 vero
1495 985 1763 1051 efficitur
1808 984 2112 1049 certitudo
2170 985 2427 1051 moralis
2487 988 2827 1053 sententiae

370 1098 676 1181 negantis.

457 1196 795 1275 Sententia,
829 1216 989 1281 quae
1019 1197 1243 1263 asserit
1273 1194 1687 1262 sufficientem
1718 1212 1849 1259 esse
1879 1192 2061 1258 fidem
2106 1193 2332 1258 horum
2381 1196 2823 1279 mysteriorum

368 1298 755 1383 implicitam,
791 1299 998 1382 quoad
1026 1298 1455 1365 necessitatem
1486 1296 1693 1370 medii,
1718 1296 1946 1360 dicitur
1969 1314 2005 1358 a
2031 1313 2079 1358 S.
2105 1294 2422 1379 Alphonso
2445 1296 2552 1361 lib.
2582 1300 2642 1361 2.
2668 1318 2727 1363 n.
2758 1301 2817 1365 2.

364 1402 521 1465 satis
538 1400 928 1481 probabilis:
966 1400 1140 1465 addit
1175 1399 1428 1466 eandem
1475 1399 1781 1464 recentius
1828 1397 2111 1463 absolute
2156 1399 2351 1464 teneri
2388 1417 2424 1462 a
2462 1400 2817 1469 doctoribus

364 1502 728 1588 insignibus.
777 1503 956 1588 Lugo
1005 1503 1215 1568 autem
1259 1502 1334 1565 de
1378 1501 1542 1565 Fide
1573 1501 1728 1585 disp.
1767 1502 1869 1565 12.
1904 1521 1963 1565 n.
1999 1500 2104 1564 91.
2138 1504 2323 1567 vocat
2369 1520 2505 1566 eam
2537 1503 2818 1584 probabi-

364 1606 597 1682 liorem,
647 1624 1038 1670 communem
1086 1605 1411 1671 doctorum
1456 1605 1867 1669 recentiorum
1913 1607 1993 1682 et,
2045 1608 2118 1670 ut
2163 1606 2428 1681 videtur,
2476 1608 2571 1669 est
2624 1605 2815 1670 etiam

363 1727 411 1773 a.
446 1709 720 1775 Thomae
750 1709 813 1773 3.
847 1727 907 1791 q.
941 1709 1046 1772 69.
1081 1727 1138 1773 a.
1172 1709 1235 1772 4.
1270 1708 1346 1772 ad
1380 1709 1439 1772 2.

450 1810 746 1875 Rationes
777 1810 985 1893 plures
1023 1811 1189 1887 sunt,
1228 1811 1303 1892 a)
1351 1828 1421 1874 ex
1471 1809 1663 1874 allato
1710 1810 1887 1874 textu
1933 1810 2239 1892 Apostoli,
2278 1809 2406 1891 qui,
2441 1811 2515 1873 ut
2550 1809 2690 1891 quis
2733 1810 2814 1875 ad

366 1912 568 1978 Deum
600 1911 862 1990 accedat,
895 1930 1017 1977 non
1056 1911 1228 1976 aliud
1264 1911 1459 1996 exigit
1502 1930 1690 1992 quam
1722 1910 1905 1976 fidem
1953 1912 2014 1976 in
2061 1912 2264 1977 Deum
2308 1911 2704 1977 exsistentem
2748 1914 2813 1977 et

358 2016 901 2079 remuneratorem.
1133 2086 1139 2092 ,

535 2114 605 2197 b)
644 2115 821 2201 Lugo
853 2116 1017 2181 idem
1046 2116 1293 2181 deducit
1339 2135 1409 2180 ex
1441 2116 1607 2182 facto
1645 2114 1914 2183 Cornelii
1959 2116 2353 2194 centurionis,
2388 2116 2496 2199 qui
2535 2118 2808 2201 gratiam

356 2219 724 2283 consecutus
770 2219 868 2282 est
912 2237 1019 2301 per
1064 2218 1246 2283 fidem
1304 2218 1693 2301 implicitam.
1743 2217 1861 2282 Sed
1909 2217 2058 2283 adeo
2105 2218 2272 2283 clara
2319 2237 2439 2283 non
2485 2219 2582 2283 est
2627 2220 2812 2285 inter-

356 2320 624 2401 pretatio
670 2320 857 2386 huius
902 2321 1043 2385 loci.

527 2425 591 2503 c)
625 2422 692 2488 Si
722 2424 924 2507 reipsa
957 2424 1286 2490 necessitas
1324 2423 1514 2489 medii
1545 2423 1798 2488 dicenda
1846 2423 1941 2488 est
1985 2423 2113 2498 illa,
2148 2441 2307 2503 quae
2337 2442 2408 2489 ex
2444 2424 2670 2487 natura
2717 2424 2806 2488 rei

350 2525 712 2609 requiritur;
755 2526 1000 2609 oportet
1045 2526 1339 2610 profecto,
1388 2528 1460 2592 ut
1506 2526 1605 2592 vel
1651 2545 1945 2610 negemus
1992 2524 2399 2591 necessariam
2445 2543 2575 2590 esse
2620 2525 2804 2592 fidem

351 2626 507 2692 hanc
537 2627 892 2711 explicitam
921 2629 1035 2693 aut
1057 2647 1372 2712 negemuS,
1405 2629 1674 2694 salutem
1713 2629 2054 2694 obtinuisse
2084 2628 2439 2710 quempiam
2469 2629 2612 2692 ante
2635 2647 2805 2710 prae-

352 2727 718 2795 dicationem
748 2730 1197 2814 evangelicam;
1233 2750 1379 2795 nam
1419 2731 1776 2796 oeconomia
1809 2731 2030 2798 salutis
2062 2748 2184 2795 una
2224 2732 2318 2795 est
2347 2730 2413 2793 in
2443 2729 2561 2794 hoc
2593 2730 2803 2796 ordine

348 2835 651 2915 reparato.

523 2933 595 3015 d)
628 2934 787 3014 Quia
834 2935 968 3013 Dei,
1007 2936 1117 3019 qui
1152 2936 1292 3001 vult
1330 2954 1539 3001 omnes
1583 2935 1864 3000 homines
1911 2936 2117 3000 salvos
2161 2935 2314 3012 fieri,
2348 2936 2619 3001 bonitati
2662 2955 2801 3003 oon·

346 3057 572 3121 gruum
597 3041 711 3115 est,
738 3039 894 3104 nihil
927 3039 1097 3104 aliud
1122 3040 1406 3104 absolute
1430 3039 1689 3124 exigere,
1709 3058 1898 3121 quam
1921 3038 2089 3120 quod
2112 3057 2183 3103 ex
2206 3038 2431 3106 morali
2454 3038 2542 3106 rei
2571 3042 2798 3106 natura

345 3143 754 3208 necessarium
786 3144 885 3207 est
921 3142 998 3207 ad
1030 3142 1299 3208 salutem
1347 3141 1857 3224 consequendam.
1896 3142 2090 3224 Atqui
2139 3141 2214 3206 ad
2259 3142 2378 3207 hoc
2422 3141 2545 3207 duo
2592 3143 2800 3225 priora

343 3244 693 3310 sufficiunt:
732 3245 881 3327 quia
911 3244 1233 3310 sufficiunt
1279 3245 1356 3309 ad
1401 3244 1903 3310 iustificationem
1936 3264 2044 3328 per
2075 3246 2280 3310 actum
2330 3245 2560 3310 amoris
2592 3264 2797 3311 conse-

339 3346 666 3428 quendam.

427 3444 496 3517 7.
519 3450 555 3487 *
573 3447 821 3514 Scilicet
846 3450 1051 3515 solent
1073 3450 1351 3535 theologi
1381 3450 1684 3516 rationem
1704 3468 2016 3531 quaerere,
2050 3469 2159 3515 cur
2190 3469 2405 3515 earum
2436 3449 2792 3527 veritatum,

344 3549 457 3615 Dei
502 3551 853 3616 exsistentis
903 3553 968 3617 et
1012 3552 1125 3616 Dei
1170 3553 1670 3628 remuneratoris,
1718 3552 1869 3617 fides
1918 3553 2001 3617 sit
2045 3553 2386 3618 necessaria
2430 3553 2795 3618 necessitate

335 3652 523 3717 medii
558 3655 625 3718 et
653 3673 764 3717 cur
790 3654 907 3719 hae
937 3654 1271 3719 sufficiant.
1296 3655 1484 3719 Ratio
1523 3655 1754 3730 autem,
1781 3674 1970 3736 quam
2007 3654 2290 3732 reddunt,
2323 3655 2474 3719 haec
2506 3657 2617 3731 est,
2646 3655 2793 3736 quia

336 3755 553 3835 nequit
596 3755 781 3820 homo
831 3754 908 3821 ad
956 3757 1157 3821 Deum
1203 3757 1482 3823 converti
1526 3758 1590 3821 et
1635 3755 1982 3833 iustificari,
2029 3758 2152 3821 nisi
2211 3759 2414 3823 Deum
2458 3759 2793 3841 cognoscat

335 3857 529 3939 atque
563 3876 703 3921 eum
733 3857 853 3922 sibi
882 3857 1015 3923 fore
1048 3860 1389 3942 propitium
1426 3860 1647 3942 speret.
1681 3857 1940 3938 Quando
1982 3859 2193 3924 autem
2238 3858 2421 3924 fidem
2467 3859 2792 3942 utriusque

333 3958 618 4023 veritatis
646 3961 711 4024 in
744 3960 952 4025 animo
984 3962 1261 4038 exsistat,
1294 3962 1420 4026 iam
1452 3961 1764 4046 possibilis
1810 3963 1904 4026 est
1949 3966 2126 4028 actus
2173 3962 2454 4029 caritatis
2493 3962 2555 4027 in
2587 3963 2788 4030 Deum

332 4062 521 4143 atque
534 4061 760 4127 idcirco
776 4062 1159 4142 iustificatio.
1176 4062 1400 4130 Confer
1415 4063 1640 4129 Suarez
1658 4063 1733 4127 de
1758 4063 1920 4128 Fide
1935 4065 2090 4148 disp.
2109 4067 2136 4128 1
2151 4067 2210 4129 2.
2225 4067 2371 4130 sect.
2390 4066 2451 4130 3.
2473 4085 2576 4130 nn.
2592 4067 2650 4128 2.
2683 4065 2713 4127 1
2728 4065 2785 4129 1.

331 4164 803 4230 Dubitationem
849 4168 1058 4230 tamen
1104 4155 1316 4232 movet
1345 4166 1523 4251 Lugo
1561 4166 1851 4249 disp.‡12.
1876 4169 2023 4232 sect.
2062 4170 2121 4231 5.
2154 4168 2315 4232 circa
2347 4169 2610 4232 alteram
2636 4166 2790 4231 veri·

330 4268 527 4331 tatem
565 4267 682 4332 Dei
704 4269 1219 4334 remuneratoris:
1244 4287 1368 4351 quo
1394 4271 1576 4351 pacto
1599 4288 1818 4351 nempe
1841 4268 2299 4336 demonstretur
2321 4269 2398 4334 ab
2423 4268 2784 4334 instrinseco

327 4370 660 4434 necessitas
690 4369 833 4434 fidei
864 4370 1184 4453 explicitae
1213 4372 1401 4436 huius
1431 4371 1735 4436 veritatis.
1769 4371 1951 4448 Nam,
1980 4372 2090 4445 ait,
2128 4370 2372 4454 quando
2411 4371 2551 4453 quis
2582 4372 2782 4442 Deum

328 4472 447 4537 sat
489 4492 641 4550 esse,
689 4491 953 4555 eumque
996 4473 1114 4538 sub
1159 4487 1303 4540 vero
1350 4473 1467 4538 Dei
1512 4475 1812 4558 conceptu
1856 4474 2195 4558 cognoscit,
2235 4474 2362 4538 iam
2409 4471 2784 4540 sufficienter

326 4572 724 4641 determinari
760 4577 967 4659 potest
996 4575 1288 4641 voluntas
1318 4576 1452 4641 eius
1484 4577 1562 4640 ad
1600 4579 1811 4641 actum
1858 4576 2085 4641 amoris
2117 4575 2370 4659 perfecti
2401 4593 2548 4658 erga
2579 4573 2780 4638 Deum
