3497 5147
319 379 468 456 [129]
1244 389 1330 428 mr
1373 389 1486 459 piu
1494 388 1651 430 nsum
1659 389 1885 431 prmum
2720 375 2794 432 97

409 487 645 554 Contra
668 505 815 552 vero
840 485 986 550 ibid.
1014 486 1133 548 art.
1156 486 1216 547 2.
1235 483 1315 547 ad
1330 485 1391 548 3.
1417 485 1510 548 ita
1524 484 1599 548 de
1622 504 1773 549 casu
1795 487 2008 551 nostro
2026 487 2331 568 loquitur:
2359 512 2394 545 «
2410 486 2505 550 Ad
2523 487 2783 551 tertium

329 590 675 668 dicendum,
699 587 866 671 quod
896 606 1145 671 peccare
1181 606 1324 649 cum
1336 587 1662 667 proposito
1683 587 2135 667 perseverandi
2164 589 2235 652 in
2256 591 2508 669 peccato
2530 587 2644 651 sub
2680 607 2793 668 spe

316 695 554 767 veniae,
594 691 668 756 ad
710 689 1278 775 praesumptionem
1323 688 1608 772 pertinet.
1642 690 1724 754 Et
1761 691 1877 756 hoc
1923 711 2045 756 non
2092 691 2405 768 diminuit,
2445 691 2549 756 sed
2598 693 2794 775 auget

319 796 664 880 peccatum.
704 793 965 858 Peccare
997 793 1211 856 autem
1241 790 1357 854 sub
1388 811 1494 872 spe
1516 792 1731 855 vem‘ae
1778 793 2147 875 quandoque
2178 792 2621 873 percipiendae
2651 812 2792 856 cum

315 898 635 980 proposito
680 893 1044 959 abstinendi
1087 915 1130 957 a
1164 897 1417 974 peccato
1454 897 1517 958 et
1528 895 1901 975 poenitendi
1944 896 2019 960 de
2051 899 2327 976 peccato,
2362 897 2481 960 hoe
2524 914 2647 960 non
2693 896 2793 959 est

320 998 866 1086 praesumptionis,
893 995 1011 1062 Sed
1034 997 1152 1061 hoc
1169 999 1492 1079 peccatum
1515 996 1837 1074 diminuit;
1860 998 2010 1080 quia
2024 1017 2131 1081 per
2155 999 2272 1063 hoc
2295 997 2542 1063 videtur
2563 998 2792 1062 habere

323 1103 717 1169 voluntatem
745 1100 952 1165 minus
975 1099 1291 1163 firmatam
1316 1098 1395 1163 ad
1418 1099 1794 1181 peccandum
1819 1125 1880 1163 ».
1914 1100 2079 1165 Hinc
2102 1098 2328 1166 Suarez
2358 1101 2690 1164 mutuatus
2713 1117 2791 1163 ea

325 1206 438 1280 est,
472 1222 633 1287 quae
669 1202 861 1267 habet
890 1200 1053 1282 (sup.
1094 1221 1153 1264 n.
1200 1201 1399 1284 127.).

412 1305 476 1370 S.
512 1305 785 1368 Thomas
819 1323 876 1366 a.
914 1303 973 1366 1.
1014 1302 1290 1384 exempla
1328 1302 1584 1368 afferens
1621 1306 2165 1389 praesumptionis,
2204 1308 2393 1390 prout
2435 1305 2790 1370 inordinate

325 1407 618 1472 innititur
653 1405 901 1470 divinae
931 1404 1408 1479 misericordiae,
1447 1404 1571 1469 ait:
1605 1431 1642 1465 «
1665 1407 1830 1472 sicut
1860 1408 1914 1472 si
1946 1408 2175 1490 aliquis
2203 1410 2414 1491 sperat
2444 1426 2508 1472 se
2538 1408 2786 1472 veniam

329 1510 600 1575 obtinere
647 1508 779 1572 sine
825 1507 1208 1590 poenitentia
1246 1508 1343 1571 vel
1387 1508 1655 1592 gloriam
1700 1509 1833 1574 sine
1878 1510 2120 1574 meritis
2153 1536 2215 1573 ».
2268 1511 2350 1575 Et
2394 1511 2459 1575 in
2506 1511 2624 1573 art.
2664 1528 2793 1590 seq.

329 1612 755 1677 demonstrans
802 1609 1368 1692 praesumptionem
1419 1629 1551 1675 esse
1597 1613 1940 1693 peccatum,
1990 1613 2104 1676 hos
2160 1612 2314 1676 duos
2364 1614 2540 1677 actus
2586 1611 2791 1675 solum

328 1715 633 1779 memorat
679 1712 1014 1793 eodemque
1060 1710 1243 1777 modo
1290 1711 1573 1795 loquitur
1618 1715 1736 1777 art.
1788 1715 1849 1776 4.
1897 1713 1957 1776 N
1962 1733 2078 1778 une
2124 1731 2268 1779 vero
2317 1714 2379 1777 in
2431 1714 2603 1777 textu
2650 1730 2797 1776 mox

335 1817 606 1900 allegato
637 1817 754 1879 art.
797 1816 857 1878 2.
899 1814 977 1878 ad
1023 1815 1084 1877 3.
1133 1813 1506 1897 respondens
1552 1818 1921 1899 argumento
1970 1817 2298 1900 desumpto
2346 1835 2417 1880 ex
2464 1814 2793 1899 Magistro,

337 1918 448 1999 qui
476 1917 632 1980 dixit
660 1916 967 1981 Adamum
997 1915 1206 1980 minus
1237 1934 1536 1999 peccasse,
1571 1916 1719 1999 quia
1757 1917 2036 2000 peccavit
2081 1919 2196 1982 sub
2235 1938 2340 2001 spe
2370 1917 2611 1982 veniae:
2652 1936 2797 1981 cum

333 2040 384 2083 s,
423 2020 693 2084 Thomas
723 2018 890 2096 dicit,
927 2017 1003 2082 ad
1041 2019 1608 2102 praesumptionem
1640 2020 1964 2103 pertinere,
2001 2039 2249 2103 peceare
2285 2040 2430 2086 cum
2474 2019 2797 2103 proposito

325 2121 759 2206 perseverandi
789 2121 854 2184 in
884 2121 1135 2204 peceato
1168 2121 1285 2185 sub
1315 2140 1420 2204 spe
1458 2123 1692 2199 veniae,
1719 2122 1793 2187 de
1824 2141 1897 2187 eo
1929 2123 2227 2205 loquatur
2264 2124 2529 2207 oportet,
2556 2122 2654 2187 vel
2685 2121 2796 2202 qui

325 2228 541 2310 sperat
578 2226 824 2290 veniam
855 2225 1085 2306 absque
1116 2224 1516 2306 poenitentia,
1557 2226 1656 2289 vel
1703 2226 1803 2290 cui
1850 2244 1988 2309 spes
2036 2228 2249 2291 veniae
2280 2227 2366 2291 sit
2394 2227 2557 2291 ratio
2596 2243 2799 2309 perse·

321 2327 585 2393 verandi
616 2328 680 2391 in
715 2327 991 2410 peccato.
1025 2324 1183 2391 Sane
1215 2327 1475 2392 recitato
1514 2327 1631 2392 hoc
1654 2329 1832 2392 textu
1869 2348 1918 2392 s.
1944 2329 2241 2406 Thomas,
2268 2328 2785 2393 Salmanticenses

321 2432 402 2498 tr.
441 2432 551 2494 21.
586 2449 640 2494 e.
682 2430 742 2492 5.
776 2449 837 2493 n.
873 2427 978 2492 56.
1013 2427 1320 2493 subdunt:
1363 2455 1396 2488 ‹<
1430 2429 1607 2494 Unde
1639 2431 1747 2512 qui
1778 2433 1986 2513 sperat
2016 2431 2305 2516 gloriam,
2339 2431 2551 2496 nolens
2585 2451 2620 2494 a
2653 2449 2797 2512 pee-

322 2535 466 2599 cato
502 2531 803 2609 recedere,
829 2530 996 2613 quod
1029 2532 1124 2596 est
1154 2531 1310 2596 velle
1343 2550 1731 2615 perseverare
1760 2533 1824 2598 in
1850 2534 2121 2617 peecata,
2147 2533 2379 2598 habens
2418 2533 2625 2597 tamen
2657 2551 2800 2615 pro-

320 2638 610 2720 positum
656 2637 801 2699 ante
847 2636 1113 2700 mortem
1159 2654 1196 2698 a
1243 2635 1509 2717 peccatis
1557 2636 1968 2719 resipiscendi,
2009 2655 2131 2701 non
2179 2638 2423 2721 proprie
2470 2637 2795 2719 peccatum

320 2737 858 2823 praesumptionis
889 2736 1262 2802 committit:
1297 2738 1444 2819 quia
1492 2737 1592 2801 hie
1638 2756 1761 2803 non
1807 2739 2077 2804 destruit
2120 2741 2428 2804 motivum
2460 2740 2587 2823 spei
2620 2764 2680 2801 ».
2716 2738 2803 2801 Et

315 2861 369 2906 s.
418 2840 814 2926 AlphonsuS‚
861 2859 920 2902 n.
973 2839 1077 2902 21.
1126 2838 1430 2922 producta
1491 2840 1703 2904 eadem
1752 2842 2059 2906 sententia
2121 2861 2170 2906 s,
2219 2842 2516 2918 Thomas,
2566 2840 2754 2905 infert
2779 2850 2823 2904 :⁴

325 2969 362 3002 «
395 2963 622 3026 quare,
657 2941 995 3006 secundum
1042 2960 1090 3005 s.
1127 2941 1454 3015 Thomam‚
1485 2960 1609 3007 non
1648 2945 1743 3008 est
1790 2946 2111 3026 peceatum
2158 2946 2375 3009 eontra
2422 2963 2592 3027 spem
2640 2944 2802 3008 velle

315 3062 725 3129 perseverare
756 3043 820 3107 in
852 3045 1124 3126 peccato,
1159 3043 1275 3109 sub
1312 3062 1418 3126 spe
1455 3044 1789 3125 aliquando
1828 3046 2180 3128 poenitendi
2217 3071 2279 3110 ›.

412 3147 581 3221 129.
617 3148 708 3212 At
745 3148 870 3212 alia
901 3148 999 3212 est
1028 3147 1410 3232 hypothesis,
1444 3147 1498 3211 si
1529 3166 1666 3229 spes
1704 3148 1918 3212 veniae
1963 3149 2050 3211 sit
2084 3148 2248 3213 ratio
2280 3148 2708 3232 perseverandi
2738 3148 2805 3212 in

311 3255 611 3338 peccato.
651 3250 830 3315 Hane
860 3250 1256 3334 hypothesim
1299 3268 1514 3332 reapse
1558 3249 1711 3315 facit
1756 3248 1983 3315 Suarez
2017 3252 2060 3314 l.
2095 3270 2145 3315 e.
2181 3271 2240 3315 n.
2277 3253 2381 3314 50.
2431 3251 2495 3315 in
2540 3250 2681 3327 fine,
2714 3251 2805 3315 lo-

310 3374 521 3439 quens
567 3352 648 3418 de
679 3371 773 3430 eo,
814 3353 922 3435 qui
954 3352 1113 3430 inde,
1147 3352 1209 3415 h.
1251 3372 1303 3416 e.
1344 3372 1416 3416 ex
1462 3371 1568 3435 spe
1613 3352 1828 3417 veniae
1873 3353 2252 3417 occasionem
2294 3354 2490 3417 sumit
2530 3370 2806 3436 perseve-

308 3457 499 3523 randi
535 3457 606 3521 in
649 3456 921 3538 peccato.
956 3455 1093 3518 Iam
1124 3472 1269 3519 vero
1304 3455 1686 3521 occasionem
1716 3474 1959 3520 sumere
1991 3455 2416 3538 perseverandi
2454 3456 2516 3518 in
2549 3455 2803 3537 peccato

307 3579 382 3625 ex
415 3578 535 3644 spe
573 3556 799 3622 veniae
829 3557 950 3621 huc
981 3556 1159 3634 redit,
1194 3558 1269 3619 ut
1299 3575 1436 3640 spes
1461 3557 1676 3621 veniae
1700 3576 1808 3622 seu
1831 3558 2040 3621 divina
2071 3557 2491 3623 misericordia
2522 3557 2608 3621 sit
2638 3556 2804 3621 ratio

309 3682 423 3727 cur
463 3660 624 3744 quis
658 3658 811 3723 velit
844 3677 1231 3741 perseverare
1262 3658 1328 3722 in
1359 3661 1630 3742 peccato.
1680 3658 1990 3740 Loquitur
2021 3660 2240 3741 utique
2278 3657 2504 3724 Suarez
2552 3658 2626 3722 de
2671 3677 2807 3742 per-

312 3761 693 3830 severantia
724 3762 787 3824 in
821 3762 1106 3844 peccato;
1140 3761 1245 3826 sed
1283 3761 1432 3844 quia
1478 3761 1805 3825 discrimen
1854 3762 2015 3825 inter
2062 3780 2309 3844 peccare
2356 3763 2419 3825 et
2464 3760 2696 3846 iugiter
2742 3761 2807 3826 in

308 3866 610 3951 peccatis
663 3863 1063 3929 admittendis
1109 3883 1515 3947 perseverare,
1550 3863 1797 3928 videtur
1843 3864 2238 3941 accidentale,
2286 3864 2527 3929 ratione
2573 3864 2812 3929 scilicet

306 3968 579 4033 numeri
614 3968 684 4031 et
720 3966 1052 4049 temporis:
1085 3967 1371 4048 quaestio
1403 3965 1539 4031 fieri
1570 3967 1780 4050 potest
1811 3969 1875 4031 et
1906 3966 1980 4031 de
2012 3986 2105 4045 e0‚
2138 3967 2249 4049 qui
2280 3967 2397 4032 sub
2443 3986 2548 4051 spe
2595 3968 2812 4032 veniae

401 4175 555 4238 Iam
611 4189 764 4236 vero
814 4170 889 4233 ad
936 4171 1094 4236 hanc
1141 4172 1468 4255 specialem
1515 4172 1944 4254 quaestionem
1996 4173 2239 4254 spectat
2284 4170 2565 4236 doctrina
2613 4192 2661 4237 s.
2711 4173 2818 4236 Al-

307 4276 552 4362 phonsi
590 4273 712 4356 qui
743 4293 802 4336 n.
839 4275 943 4337 21.
980 4276 1204 4357 probat
1241 4274 1702 4340 distinctionem
1733 4275 2035 4340 traditam
2068 4294 2104 4338 a
2143 4273 2366 4357 Sporer
2395 4273 2471 4338 de
2503 4273 2643 4355 Spe,
2670 4294 2722 4340 e.
2749 4276 2812 4340 4.

305 4402 368 4445 n.
418 4382 484 4443 1.
525 4380 600 4442 et
639 4394 681 4438 a
712 4372 894 4440 Croix
925 4375 1032 4440 lib.
1062 4378 1122 4440 2.
1156 4398 1216 4441 n.
1257 4378 1424 4454 126..
1460 4378 1726 4443 scilicet:
1760 4396 1881 4443 non
1906 4396 2156 4461 peccare
2186 4396 2259 4441 ex
2289 4378 2812 4461 praesumptione,

304 4482 362 4549 si
396 4482 556 4566 quis
597 4480 840 4562 peccat,
876 4479 1175 4561 sperando
1208 4481 1697 4546 concomitanter
1728 4484 2050 4564 peecatum
2089 4482 2303 4564 postea
2334 4480 2661 4545 remissum
2693 4480 2806 4543 iri:

308 4588 380 4652 at
411 4586 664 4650 contra
700 4600 869 4663 spem
901 4600 1167 4664 peccare,
1194 4583 1247 4647 si
1272 4603 1410 4667 spes
1441 4583 1514 4648 de
1545 4583 1726 4647 venia
1757 4583 1936 4647 facile
1962 4583 2293 4649 obtinenda
2324 4583 2498 4648 fieret
2528 4582 2623 4645 illi
2645 4582 2812 4645 ratio

482 4703 800 4746 nummus.
826 4722 879 4731 -
907 4698 1076 4743 Hor-al.
1104 4700 1255 4744 Tomo
1281 4700 1351 4745 ΙΙ.
2636 4697 2662 4738 ’ΐ
