3497 5147
353 353 538 432 [1093]
1272 373 1357 412 1111
1393 372 1764 415 animvm-r·
1799 373 1908 415 um
2718 363 2824 418 811

357 469 561 546 nibus,
596 487 788 550 quam
837 468 964 545 uni,
1005 468 1104 532 cni
1151 470 1545 551 peculiariter
1576 470 1884 535 desiderat
1930 472 2207 554 probari3
2243 491 2390 557 ergo
2422 474 2540 537 hoc
2578 493 2699 537 non
2731 475 2827 538 est

356 573 490 636 leve
541 571 647 635 sed
693 590 885 656 grave
931 575 1392 637 nocumentum.
1426 573 1615 637 Aliud
1664 575 2103 658 argumentum
2153 574 2229 637 cf.
2264 575 2411 639 ibid.

452 674 688 739 Idcirco
734 673 915 758 Lugo
966 674 1084 737 sibi
1130 675 1459 739 coaherens
1505 677 1569 740 et
1613 676 1912 741 iudicium
1967 677 2367 741 temerarium
2419 678 2482 741 in
2529 696 2595 741 re
2647 678 2826 761 gravi

363 777 426 840 et
472 776 916 840 detractionem
951 777 1064 840 aut
1103 776 1479 841 calumniam
1526 795 1782 861 gravem
1829 778 1928 842 vel
1975 778 2139 861 apud
2193 798 2388 843 unum
2442 780 2648 843 censet
2692 797 2824 845 esse

356 882 609 962 peccata
655 877 895 963 gravia.
931 878 1019 942 At
1049 878 1102 942 si
1133 897 1349 944 verum
1380 883 1494 956 est,
1530 880 1592 943 in
1624 880 1939 944 communi
1973 881 2409 945 aestimatione
2439 900 2561 946 non
2592 883 2824 946 censeri

358 982 748 1047 diffamatum
787 980 895 1063 qni
935 982 1098 1065 apud
1144 1001 1338 1047 unum
1388 983 1484 1047 vel
1532 984 1802 1047 alterum
1837 982 2076 1048 famam
2126 983 2423 1060 amiserit,
2462 984 2666 1048 nescio
2713 1003 2824 1048 cur

362 1086 684 1168 peccatum
730 1104 921 1169 grave
953 1085 1038 1149 sit
1068 1086 1367 1151 iudicium
1405 1087 1825 1162 temerarium,
1861 1106 1969 1170 per
2006 1087 2170 1169 quod
2221 1087 2385 1170 apud
2421 1107 2617 1152 unum
2655 1087 2822 1153 fama

360 1187 697 1260 amittitur,
736 1187 952 1269 utique
997 1188 1411 1270 imputatione
1457 1188 1601 1253 falsi
1632 1188 1942 1254 criminis:
1978 1189 2083 1253 sed
2131 1189 2381 1254 tandem
2414 1190 2726 1254 calumnia
2757 1190 2823 1254 et

359 1288 662 1353 detractio
708 1289 905 1372 specie
950 1308 1074 1355 non
1122 1290 1432 1355 differunt.
1468 1290 1504 1329 ¹⁸

468 1469 584 1522 XV.
611 1470 658 1520 8.
684 1466 882 1524 Crimen
920 1467 1207 1536 simpliciter
1244 1467 1509 1536 publicum,
1538 1468 1642 1523 sive
1679 1468 1744 1523 311
1784 1469 2030 1524 notorium
2067 1468 2174 1522 iure
2200 1469 2307 1523 sive
2335 1473 2476 1533 lactc,
2506 1467 2823 1523 inanirestare

362 1551 440 1617 iis,
466 1551 552 1619 qui
584 1551 821 1615 nesciunt,
848 1568 943 1608 non
969 1561 1044 1607 est
1083 1560 1333 1619 peccatum
1373 1555 1574 1608 mortale
1607 1552 1895 1616 iniustitiam
1924 1553 2035 1619 quia
2077 1558 2171 1608 hoc
2209 1553 2318 1621 ipso
2355 1562 2525 1607 auctor
2551 1553 2712 1607 amisit
2746 1552 2826 1607 ius

359 1640 419 1691 ad
444 1642 633 1702 (amani,
655 1654 764 1692 cum
792 1638 917 1692 ratio
944 1638 1061 1692 iusti
1085 1637 1252 1691 iudicii
1277 1645 1327 1691 et
1351 1637 1595 1691 evidentia
1628 1637 1737 1691 sacti
1767 1639 1924 1700 iaciat,
1952 1653 2011 1693 ne
2039 1642 2100 1691 dc
2124 1638 2302 1692 iniuria
2328 1638 2454 1692 iuste
2481 1638 2621 1704 queri
2650 1638 2822 1705 possit.

362 1724 505 1790 Quod
545 1725 799 1776 coufirmat
834 1724 1155 1784 consuetudo,
1183 1723 1417 1775 mandans
1455 1721 1684 1775 historiae
1725 1722 1916 1788 publica
1956 1721 2177 1776 crimina.

472 1805 614 1859 Dixi:
644 1820 761 1860 non
787 1809 868 1861 ese
891 1806 1126 1861 mortale
1150 1805 1498 1870 iniustitiae-,-
1525 1806 1634 1872 quia
1675 1809 1904 1870 detegere
1941 1822 2003 1860 eo
2041 1809 2168 1871 loco,
2190 1822 2285 1872 qua
2320 1812 2443 1861 rama
2469 1822 2564 1860 uon
2592 1813 2699 1861 erat
2724 1820 2827 1873 per·

366 1893 522 1944 latura
550 1894 628 1943 vel
648 1890 843 1945 nonnisi
868 1898 981 1958 post
1006 1893 1203 1954 longum
1232 1896 1443 1957 tempus,
1468 1892 1548 1945 vel
1573 1889 1717 1945 aliter
1741 1905 1852 1945 cum
1877 1891 2019 1955 gram·
2044 1905 2271 1945 moerore
2297 1891 2418 1953 eius,
2449 1890 2531 1957 qui
2562 1890 2822 1954 commisit,

377 1988 524 2041 saepe
561 1982 723 2042 potest
758 1990 866 2030 esse
904 1979 1109 2031 mortale
1146 1982 1316 2029 contra
1354 1975 1622 2040 caritatem,
1651 1983 1703 2029 ut
1728 1978 1865 2030 Less.
1893 1977 2006 2029 val.
2033 1976 2144 2029 Tol.
2173 1979 2206 2029 Ι.
2236 1977 2286 2029 5.
2314 1991 2358 2030 c.
2385 1977 2469 2030 65.
2497 1981 2666 2029 contra
2704 1977 2824 2031 Νῦν.

362 2065 411 2111 ει
446 2044 602 2113 Οεῗιει.
631 2061 692 2113 V.
717 2062 773 2116 C.
800 2061 920 2125 Lug.
946 2062 993 2113 d.
1034 2063 1112 2113 19.
1138 2062 1351 2125 Fagund.
1380 2077 1427 2128 p.
1456 2064 1503 2113 2.
1535 2066 1564 2114 Ι.
1592 2063 1641 2114 5.
1675 2076 1716 2114 c.
1742 2064 1789 2115 3.

455 2202 665 2276 1⁰92.
698 2208 733 2244 *
767 2205 825 2269 N
829 2207 1127 2271 otarietas
1172 2206 1334 2269 iuri-3
1380 2206 1581 2270 oritur
1626 2225 1663 2269 a
1711 2206 1959 2289 publica
2006 2206 2312 2271 sententia
2342 2207 2564 2271 iudicis
2605 2206 2820 2269 defini-

364 2307 515 2383 tiva,
547 2306 702 2385 facti
746 2327 817 2372 ex
864 2308 997 2391 ipso
1043 2307 1210 2373 facto
1258 2308 1602 2385 hominum,
1643 2309 1752 2390 qui
1797 2327 1927 2372 rem
1974 2309 2198 2372 sciunt.
2235 2307 2326 2371 Cf.
2368 2308 2646 2390 Pirhing.
2681 2306 2722 2370 l.
2759 2307 2820 2370 3.

362 2410 411 2471 t.
447 2411 507 2473 2.
544 2410 602 2493 ξ.
637 2411 696 2473 5.
731 2409 1052 2489 Quaerunt
1088 2411 1224 2474 DD.
1260 2410 1655 2491 quandonam
1689 2410 2007 2493 publicum
2037 2410 2405 2475 censendum
2444 2411 2528 2473 sit
2565 2408 2821 2473 factum.

364 2511 455 2577 De
492 2512 607 2577 hac
638 2532 703 2577 re
727 2530 776 2577 s.
803 2512 987 2596 Alph.
1015 2533 1074 2577 n.
1101 2513 1252 2578 975.
1286 2512 1411 2577 ait:
1453 2535 1489 2571 «
1520 2512 1813 2579 Sufficere
1847 2531 1918 2579 ex
1955 2512 2263 2578 sententia
2295 2514 2455 2589 DD.,
2483 2512 2536 2577 si
2567 2512 2630 2576 in
2663 2530 2825 2577 com-

363 2616 672 2679 munitate
711 2615 771 2678 8.
805 2633 1207 2698 personarum
1254 2616 1454 2680 sciant
1500 2618 1585 2693 4.‚
1625 2617 1688 2680 in
1736 2616 2188 2681 communitate
2240 2617 2386 2680 100.
2422 2633 2825 2698 personarum

367 2716 566 2780 sciant
600 2717 724 2793 15„
758 2716 823 2780 in
854 2718 1299 2782 communitate
1337 2719 1528 2782 1000.
1564 2718 1765 2782 sciant
1798 2720 1902 2782 20.
1939 2718 2183 2782 circiter
2229 2718 2614 2783 diversarum
2651 2716 2829 2781 fami—

364 2817 592 2882 liarum
618 2818 948 2901 plusquam
965 2818 1249 2884 duarum.
1269 2819 1599 2884 Publicum
1626 2823 1838 2884 autem
1856 2838 1986 2884 esse
2009 2821 2076 2885 in
2096 2820 2307 2902 aliqua
2323 2820 2553 2885 vicinia
2571 2820 2678 2882 40.
2698 2837 2829 2902 per·

366 2938 678 2997 sonarum,
714 2921 768 2984 si
800 2922 1000 2985 sciant
1030 2923 1091 2985 8.
1131 2940 1202 2985 ex
1247 2922 1504 2986 diversis
1541 2922 1818 2998 familiia,
1853 2922 2006 2987 item
2054 2923 2108 2987 si
2154 2923 2219 2986 in
2259 2923 2483 3006 oppido
2519 2923 2714 2986 5000.
2750 2922 2830 2986 ci-

366 3024 537 3087 vium
584 3023 785 3088 sciant
828 3024 936 3089 40.
974 3043 1081 3107 per
1124 3024 1282 3088 illud
1327 3024 1605 3108 dispersi.
1645 3025 1903 3091 Addunt
1949 3026 2178 3090 crimen
2226 3026 2345 3091 dici
2393 3026 2726 3100 famosum,
2775 3026 2829 3090 si

364 3127 534 3191 illins
578 3127 750 3192 fama
803 3130 1182 3211 pervagatur
1235 3146 1343 3211 per
1396 3128 1697 3192 maiorem
1756 3129 1996 3211 partem
2057 3127 2286 3211 oppidi,
2336 3127 2826 3204 communitatis,

365 3231 624 3296 viciniae
649 3232 749 3296 vel
771 3232 1116 3314 parochiae.
1146 3230 1305 3294 Item
1329 3230 1448 3294 dici
1474 3230 1846 3295 infamatum
1872 3231 1936 3295 in
1962 3250 2176 3314 regno,
2203 3230 2311 3311 qui
2334 3231 2462 3293 iam
2486 3230 2829 3297 infamatus

366 3335 461 3397 est
504 3335 567 3397 in
614 3334 789 3398 curia
837 3333 934 3396 vel
982 3332 1106 3397 alio
1152 3333 1387 3396 illustri
1430 3333 1589 3410 loco,
1631 3353 1702 3396 ex
1750 3351 1873 3414 quo
1921 3332 2102 3396 facile
2148 3332 2213 3394 in
2250 3350 2513 3414 regnum
2544 3334 2710 3397 fama
2743 3335 2829 3398 di·

368 3437 576 3499 manet
602 3460 661 3496 ».
686 3435 821 3496 Has
845 3433 1095 3516 regulas
1118 3433 1315 3496 tradit
1337 3435 1401 3496 et
1422 3432 1661 3498 Melina
1685 3434 1790 3496 Tr.
1818 3435 1879 3495 4.
1899 3432 2054 3516 disp.
2075 3433 2207 3509 31„
2229 3433 2336 3514 qui
2362 3433 2570 3496 tamen
2597 3434 2831 3499 fatetur

368 3534 561 3600 videri
607 3537 727 3600 sibi
773 3554 877 3599 eas
933 3534 1394 3622 aliquantulum
1442 3536 1692 3599 strictas
1741 3534 2066 3616 minusque
2113 3534 2377 3599 fortasse
2425 3535 2703 3599 sufficere
2753 3537 2830 3601 ad

369 3635 518 3700 facti
549 3637 978 3719 publicitatem
1027 3638 1213 3718 atque
1245 3636 1397 3700 adeo
1430 3636 1762 3714 concludit,
1797 3637 1872 3699 ut
1902 3636 2091 3700 refert
2112 3635 2292 3719 Lugo
2317 3637 2474 3719 disp.
2502 3638 2606 3700 cit.
2635 3659 2693 3701 n.
2726 3639 2829 3703 70.

370 3757 489 3802 non
536 3739 912 3822 improbans,
948 3739 1195 3822 quando
1236 3757 1330 3802 res
1378 3739 1470 3803 ita
1503 3739 1734 3802 limites
1768 3738 1988 3802 secreti
2019 3737 2082 3801 et
2114 3738 2342 3802 occulti
2375 3738 2709 3822 egreditur,
2758 3743 2834 3804 ut

373 3842 615 3904 attenta
662 3841 966 3923 qualitate
1013 3842 1500 3918 communitatiS,
1536 3840 1886 3907 conditione
1931 3839 2274 3918 hominum,
2309 3840 2629 3925 prudentis
2677 3844 2833 3908 arbi-

372 3943 513 4021 trio,
553 3942 874 4008 moraliter
917 3963 1014 4009 res
1061 3946 1146 4010 sit
1190 3945 1454 4010 ulterius
1501 3942 1915 4020 diffundenda,
1952 3942 2077 4007 iam
2124 3946 2405 4026 respectu
2453 3945 2625 4009 1111113
2672 3965 2835 4011 com·

369 4046 700 4112 munitatis
729 4065 859 4111 rem
890 4048 1252 4112 censendam
1284 4068 1414 4113 esse
1444 4047 1758 4131 publicam
1792 4048 1855 4111 et
1900 4045 2134 4110 famam
2165 4045 2231 4110 in
2277 4066 2351 4112 ea
2383 4049 2832 4113 communitate

372 4148 666 4212 amissam
691 4167 840 4213 esse.
866 4148 1008 4214 Huc
1037 4149 1197 4214 redit
1227 4150 1393 4232 quod
1424 4149 1838 4215 communiter
1860 4147 2115 4225 dicitur;
2153 4148 2363 4214 adesse
2386 4149 2830 4215 notorietatem

369 4250 540 4325 facti,
580 4251 825 4334 quando
874 4251 1103 4316 notitia
1147 4253 1236 4316 rei
1264 4252 1353 4316 sit
1389 4251 1552 4335 apud
1591 4253 1690 4316 tot
1721 4251 1795 4316 de
1833 4250 2299 4330 communitate,
2340 4253 2413 4317 ut
2451 4270 2572 4316 non
2610 4253 2827 4335 possit,

371 4355 691 4440 prudentis
736 4355 1015 4431 arbitrio,
1055 4354 1189 4418 ulla
1234 4355 1747 4438 tergiversatione
1795 4354 1982 4420 celari
2029 4355 2143 4418 aut
2187 4356 2423 4440 negari.

465 4455 672 4530 1093.
699 4458 916 4540 Quoad
947 4477 1181 4536 casum,
1217 4476 1400 4540 quem
1434 4458 1611 4540 ponit
1642 4458 1867 4523 ultimo
1898 4458 2035 4523 loco
2060 4458 2158 4535 A„
2185 4477 2328 4523 cum
2358 4477 2576 4542 nempe
2600 4458 2829 4524 crimen

370 4561 436 4627 in
482 4562 693 4645 aliquo
739 4562 876 4626 loco
922 4559 1241 4646 publicum
1286 4560 1725 4625 manifestatur
1768 4560 1834 4624 in
1882 4560 2005 4625 alio
2053 4561 2211 4640 loce,
2251 4579 2373 4643 quo
2422 4561 2554 4626 eius
2599 4561 2830 4627 notitia
