3497 5147
321 325 468 402 [470]
1063 341 1334 383 smomn.
1372 341 1457 381 nn
1495 341 1864 381 1131111131κο3
1904 342 2069 383 vnxn
2677 332 2786 388 357

414 438 635 503 Posita
659 439 776 502 hac
799 437 1016 522 regula
1038 440 1103 503 et
1125 437 1435 520 applicata
1469 436 1546 501 ad
1578 436 1960 515 beneficium,
1997 438 2294 503 Doctores
2324 438 2447 502 duo
2473 441 2781 505 statuunt.

511 541 576 603 1⁰
615 537 681 603 Si
709 543 937 624 agatur
974 538 1047 603 de
1087 538 1456 604 redimendis
1487 538 1791 603 molestiis
1815 540 1879 602 et
1924 539 2371 617 vexationibus,
2420 560 2578 622 quae
2626 541 2787 607 fiunt

326 645 474 727 post
503 644 603 707 ius
635 643 700 706 in
737 641 1028 707 beneficio
1060 642 1184 706 iam
1224 640 1596 724 quaesitum,
1644 641 2002 706 huiusmodi
2048 643 2435 707 vexationem
2483 643 2786 710 redimens

328 745 571 811 nullam
617 743 959 809 committit
1004 743 1353 809 simoniam.
1403 743 1503 807 Ita
1549 743 1788 808 Theoll.
1838 745 1901 808 et
1947 741 2318 809 Canonistae
2354 747 2782 812 communiter.

324 847 516 912 Ratio
566 847 682 922 est,
732 846 880 928 quia
926 845 1184 928 pecunia
1230 845 1296 910 in
1341 845 1457 910 hoc
1501 864 1649 910 casu
1694 864 1816 911 non
1863 845 2050 911 datur
2087 866 2195 929 pro
2231 847 2440 929 aliquo
2472 849 2786 931 spirituali
2920 842 2924 845 ’

322 950 502 1030 (113111
539 949 656 1014 hoc
700 949 829 1012 iam
876 947 1247 1030 supponitur
1288 966 1423 1012 esse
1469 947 1650 1031 plane
1696 947 2068 1030 obtentum),
2117 949 2222 1013 sed
2268 950 2473 1014 solum
2504 969 2615 1032 pro
2663 970 2786 1016 ces-

323 1051 568 1116 satione
592 1049 670 1114 ab
702 1049 932 1113 iniuria
963 1051 1026 1113 et
1055 1049 1378 1124 molestiis,
1418 1049 1481 1112 et
1510 1049 1631 1113 huc
1662 1049 1798 1113 DD.
1824 1051 2117 1115 revocant
2146 1070 2280 1115 can.
2325 1051 2690 1132 Quaesitum
2719 1055 2781 1118 4.

328 1171 499 1218 caus.
547 1154 604 1216 1.
640 1153 882 1233 quaest.
917 1151 1002 1228 3.,
1037 1151 1101 1214 01
1137 1169 1270 1233 cap.
1302 1148 1591 1214 Dilectus
1630 1151 1732 1215 28.
1767 1150 1842 1214 de
1879 1150 2178 1217 Simorum.

504 1257 575 1319 2⁰
606 1255 672 1320 Si
705 1272 850 1319 vero
884 1255 1112 1338 agatur
1141 1252 1216 1318 de
1246 1253 1613 1318 redimendis
1636 1255 1941 1319 molestiis
1973 1257 2036 1319 et
2055 1257 2482 1321 vexationibus
2513 1258 2779 1338 (Theoll.

320 1360 390 1423 et
418 1357 612 1423 Cann.
653 1357 869 1421 dicunt
911 1357 1148 1440 vexas),
1196 1375 1354 1438 quae
1403 1358 1800 1439 opponuntur
1844 1358 1986 1421 ante
2033 1357 2131 1423 ius
2164 1359 2337 1442 plene
2384 1360 2779 1441 acquisitum,

326 1480 387 1524 v.
420 1480 515 1544 gr.
552 1460 630 1523 ad
662 1457 1110 1542 impediendam
1143 1457 1672 1523 confirmationem
1720 1459 1918 1535 electi,
1968 1460 2080 1522 aut
2124 1460 2584 1525 institutionem
2613 1481 2782 1543 prae·

321 1562 590 1638 sentati3
626 1563 777 1625 tunc
807 1560 941 1625 DD.
977 1559 1167 1624 aliam
1199 1559 1493 1625 adhibent
1522 1560 2001 1637 distinctionem,
2027 1580 2217 1642 quam
2242 1564 2304 1626 et
2334 1561 2572 1626 Auctor
2600 1581 2782 1626 usur-

326 1666 459 1748 pat,
501 1682 718 1746 nempe
752 1681 830 1726 an
868 1661 1111 1725 vexatio
1145 1663 1209 1726 et
1243 1662 1566 1726 molestiae
1598 1663 1990 1745 opponantur
2021 1662 2098 1726 ab
2131 1680 2222 1739 eo,
2255 1662 2364 1744 qui
2397 1663 2474 1726 ad
2506 1663 2782 1729 beneficii

323 1765 828 1831 consecutionem
868 1762 1166 1843 prodesse
1213 1767 1440 1843 potest,
1488 1782 1566 1827 an
1621 1782 1766 1828 vero
1821 1764 1899 1827 ab
1952 1764 2094 1842 alio,
2146 1765 2254 1846 qui
2290 1765 2540 1829 tantum
2574 1770 2786 1846 potest

321 1867 559 1934 obesse.
2615 1859 2625 1867 '

419 1970 488 2037 Si
519 1971 709 2055 prius,
753 1971 1092 2053 redemptio
1141 1988 1328 2034 vexae
1374 1970 1470 2033 est
1514 1969 1873 2033 simoniaca.
1917 1969 2107 2034 Ratio
2154 1971 2268 2046 est,
2317 1970 2466 2052 quia
2503 1971 2608 2051 qui
2656 1990 2778 2037 non

319 2075 519 2139 habet
561 2074 660 2138 ius
706 2073 1048 2156 spirituale,
1099 2071 1264 2154 quod
1312 2071 1624 2152 acquirere
1678 2070 1962 2149 intendit,
2010 2071 2157 2136 licet
2198 2071 2550 2139 redimendo
2603 2094 2780 2140 vexa-

317 2182 559 2247 tionem
605 2180 884 2263 pecunia,
909 2178 1267 2243 immediate
1297 2196 1419 2242 non
1450 2177 1555 2241 det
1584 2177 1908 2260 pecuniam
1938 2196 2049 2260 pro
2080 2197 2147 2242 re
2177 2178 2508 2261 spirituali,
2536 2178 2642 2242 sed
2666 2198 2776 2261 pro

321 2283 669 2357 vexatione,
717 2281 875 2346 hanc
912 2283 1122 2346 tamen
1151 2278 1460 2344 mediante
1506 2278 1765 2360 pecunia
1801 2279 2189 2350 removendo.
2231 2280 2368 2343 vult
2405 2280 2524 2343 sibi
2560 2299 2777 2362 parare

316 2385 488 2449 viam
527 2383 606 2448 ad
636 2402 767 2448 rem
799 2381 1208 2465 spiritualem,
1247 2399 1434 2462 quam
1466 2399 1587 2445 non
1623 2381 1839 2456 habet;
1887 2380 2053 2462 quod
2076 2401 2218 2446 cum
2250 2382 2426 2445 unice
2457 2382 2540 2446 sit
2578 2383 2775 2466 pretio

320 2485 714 2552 aestimabile
745 2484 905 2565 (scil.
933 2485 1202 2548 sternere
1225 2482 1343 2547 sibi
1366 2482 1543 2546 1113111
1571 2483 1767 2566 viam)
1800 2485 2051 2566 propter
2081 2502 2212 2547 rem
2242 2483 2651 2566 spiritualem,
2685 2484 2777 2548 ita

318 2591 626 2656 redimens
660 2607 898 2666 vexam,
932 2588 1215 2652 censetur
1245 2605 1442 2650 emere
1488 2586 1645 2650 velle
1688 2605 1819 2650 rem
1865 2586 2067 2668 ipsam
2113 2586 2211 2651 vel
2255 2586 2354 2652 1113
2399 2586 2558 2652 illud
2603 2588 2779 2670 spiri-

318 2692 514 2769 tuale,
563 2691 728 2773 quod
776 2690 1088 2771 acquirere
1119 2688 1310 2771 cupit.
1350 2688 1431 2751 Et
1467 2688 1742 2752 confirm.
1776 2689 2016 2754 ratione
2062 2688 2264 2753 adhuc
2306 2688 2572 2754 clariori.
2610 2689 2775 2753 Nam

320 2798 659 2879 impetrare
710 2794 776 2857 in
806 2812 955 2857 casu
1008 2792 1265 2875 pecunia
1298 2791 1375 2855 ab
1412 2791 1641 2856 iniuste
1686 2794 1966 2868 vexante,
2015 2794 2089 2855 ut
2132 2792 2642 2875 impedimentum
2685 2812 2776 2858 re-

312 2900 590 2976 moveat,
641 2895 887 2979 perinde
932 2896 1028 2959 est
1060 2913 1130 2958 ac
1160 2893 1366 2976 petere
1396 2894 1469 2958 ut
1501 2893 1696 2977 eligat
1740 2893 1840 2957 vel
1885 2893 2160 2959 conferat
2204 2894 2592 2973 beneficium3
2627 2915 2776 2960 nam

318 3001 569 3067 vexatio
606 2998 719 3062 illa
770 2996 1057 3062 consistit
1109 2996 1173 3059 in
1226 2996 1467 3059 iniusta
1511 2996 1842 3080 negatione
1888 2995 2131 3061 debitae
2175 2998 2272 3061 vel
2316 2996 2632 3061 electionis
2676 2999 2775 3061 vel

318 3100 821 3184 confimationi-s-
864 3098 965 3163 vel
1010 3098 1459 3163 institutimzis:
1506 3099 1756 3179 negatio
1800 3099 2013 3162 autem
2055 3099 2180 3163 ista
2216 3118 2338 3164 non
2362 3100 2610 3164 tollitur
2654 3100 2775 3164 nisi

314 3226 426 3292 per
471 3207 685 3269 actum
729 3200 1131 3276 contrarium,
1180 3199 1288 3281 qui
1331 3200 1397 3263 in
1441 3218 1590 3263 casu
1633 3199 1797 3264 foret
1840 3199 1975 3283 ipsa
2020 3200 2407 3265 confirmatio
2454 3219 2564 3265 seu
2601 3201 2775 3266 insti-

322 3309 510 3375 tutio.
546 3305 751 3389 Igitur
796 3303 942 3368 dare
986 3301 1311 3385 pecuniam
1341 3320 1450 3384 pro
1482 3301 1835 3367 redimenda
1873 3321 2024 3367 vexa
2061 3302 2437 3379 huiusmodi,
2485 3302 2648 3367 idem
2678 3305 2774 3368 est

318 3432 396 3478 ac
439 3410 589 3475 dare
633 3425 745 3490 pro
790 3407 926 3489 ipsa
957 3403 1424 3470 confirmatione
1455 3405 1567 3467 aut
1594 3404 2011 3482 institutione,
2044 3403 2210 3485 quod
2240 3406 2337 3467 est
2365 3405 2774 3469 simoniacum

322 3514 553 3580 saltem
584 3510 801 3575 contra
829 3508 927 3572 ius
957 3507 1299 3590 positivum
1336 3504 1839 3569 ecclesiasticum.
1878 3504 2181 3570 Schmalz.
2206 3526 2267 3568 n.
2306 3506 2450 3569 136.

404 3614 470 3681 Si
503 3614 717 3678 autem
748 3609 1061 3694 posterius
1108 3610 1316 3674 locum
1362 3606 1609 3683 habeat,
1642 3625 1860 3689 nempe
1913 3607 1966 3671 si
1999 3608 2218 3670 vexent
2253 3606 2366 3683 illi,
2416 3607 2523 3688 qui
2570 3607 2775 3672 solum

314 3717 584 3804 possunt
611 3714 841 3790 obesse,
890 3710 1229 3793 redemptio
1278 3729 1315 3774 a
1353 3709 1675 3773 vexatione
1720 3709 2000 3790 non,erit
2030 3708 2385 3785 slmoniaca,
2426 3711 2499 3773 ut
2544 3709 2774 3774 habent

316 3823 458 3888 DD.
492 3816 923 3884 communiter.
959 3814 1147 3879 Ratio
1180 3814 1293 3890 est,
1337 3811 1405 3876 1⁰
1436 3811 1583 3893 quia
1627 3811 1774 3874 talis
1812 3809 2151 3893 redemptio
2191 3810 2361 3875 nullo
2407 3811 2540 3875 iure
2572 3812 2776 3894 prohi—

312 3927 534 4001 betu13
569 3940 718 4007 ergo
763 3939 885 3985 non
932 3920 1028 3983 est
1071 3916 1288 3981 contra
1334 3914 1432 3979 ius
1472 3913 1974 3990 ecclesiasticum,
2024 3912 2087 3975 vi
2123 3911 2299 3977 cuius
2336 3912 2561 3977 evadat
2591 3912 2776 3978 simo-

314 4029 528 4093 niaca:
566 4021 644 4088 2⁰
689 4023 835 4104 quia
881 4021 970 4086 sic
1013 4018 1337 4095 redimen8‚
1387 4018 1632 4081 tantum
1680 4018 1960 4080 removet
2003 4014 2315 4091 iniuriam,
2355 4014 2523 4079 viam
2561 4017 2773 4080 autem

313 4130 398 4195 ad
443 4125 810 4193 beneficium
842 4141 964 4187 non
1001 4121 1153 4186 facit
1183 4119 1640 4203 expeditiorem,
1670 4137 1861 4201 quam
1905 4116 2095 4181 fuerit
2140 4118 2282 4181 ante
2323 4116 2773 4199 oppositionem

316 4228 783 4316 impedimenti:
833 4227 903 4289 3⁰
932 4225 1081 4307 quia
1124 4224 1244 4301 1113,
1294 4222 1459 4305 quod
1504 4223 1621 4286 hoc
1665 4240 1814 4287 casu
1850 4219 2099 4285 intendo
2138 4239 2245 4302 per
2291 4218 2774 4301 redemptionem

310 4331 685 4407 vexationiS,
711 4347 834 4394 non
859 4327 1074 4393 estius
1098 4326 1369 4409 primum
1405 4323 1843 4406 quaerendum,
1878 4322 1982 4387 sed
2005 4323 2131 4386 iam
2155 4320 2526 4403 quaesitum.
2555 4319 2771 4386 Habeo

306 4438 467 4503 enim
514 4436 620 4500 ius
669 4431 1043 4514 quaesitum,
1096 4431 1171 4493 ut
1215 4427 1370 4491 mihi
1415 4445 1536 4491 non
1582 4425 1696 4489 fiat
1741 4426 1835 4488 vis
1868 4427 1930 4488 01
1960 4424 2207 4499 iniuria,
2239 4442 2350 4486 seu
2382 4423 2454 4485 ut
2486 4422 2644 4486 alter
2673 4442 2772 4488 me

310 4558 431 4605 non
462 4533 796 4620 impediat,
845 4551 903 4595 v.
937 4550 1031 4615 gr.
1081 4548 1118 4594 a
1162 4546 1467 4594 concursu
1498 4526 1575 4590 ad
1606 4545 1878 4603 examen,
1930 4544 1966 4589 a
2011 4524 2273 4609 petenda
2321 4522 2615 4587 electione
2662 4526 2774 4586 aut
