3497 5147
317 361 461 436 [608]
714 377 880 425 QUAE
916 379 1317 427 Rr-:anA‘run
1358 382 1497 423 vom
1535 385 1955 429 namna-nano
1992 390 2070 429 m
2105 391 2393 433 mmmm
2678 382 2783 436 471

314 474 667 558 hypothesi,
716 475 825 540 ubi
873 477 968 540 est
1013 495 1201 541 causa
1233 478 1423 556 dubii,
1467 483 1841 564 supponitur
1873 484 2082 550 adesse
2115 507 2294 552 casus
2326 489 2432 554 ille
2462 508 2661 566 rarus,
2713 491 2787 555 de

313 594 437 658 quo
485 577 550 640 in
600 577 799 660 prima
848 578 1197 662 hypothesi,
1247 580 1320 644 de
1367 583 1515 646 voto
1565 584 1730 649 facto
1767 588 1910 651 ante
1957 590 2363 671 septennium.
2406 592 2571 677 Ergo
2621 593 2785 656 ratio

311 679 572 743 maioris
602 679 775 743 illius
809 679 1268 763 probabilitatis
1302 683 1476 747 nulla
1510 690 1786 768 apparet.

403 781 601 845 Addit
630 782 764 846 heic
790 801 838 845 s.
866 782 1051 866 Alph.
1085 804 1145 848 n.
1186 785 1330 848 196.
1367 805 1437 849 ex
1463 785 2054 856 Salmanticensibus
2086 793 2149 856 in
2176 801 2567 877 quocumque
2599 796 2786 861 dubio

311 883 477 946 circa
525 882 771 966 plenam
810 884 1338 960 deliberationem,
1384 888 1629 953 affuerit
1664 891 1799 974 ipsa
1833 912 2038 971 necne,
2074 894 2202 960 sive
2249 897 2326 961 ob
2373 899 2612 963 metum
2659 900 2789 962 sive

312 986 439 1049 alia
478 985 553 1049 de
590 1004 797 1061 causa,
832 1005 892 1050 v.
927 1007 1020 1071 gr.
1055 987 1150 1052 ira
1182 990 1319 1066 etc„
1354 994 1561 1053 votum
1592 992 1817 1058 valere.

402 1087 624 1167 Quoad
662 1088 813 1152 haec
844 1088 1153 1172 sapienter
1184 1110 1325 1155 cum
1358 1091 1583 1158 Suarez
1618 1094 1691 1158 de
1748 1097 1880 1162 Vot.
1913 1098 2021 1162 lib.
2057 1101 2118 1164 4.
2154 1119 2286 1183 cap.
2323 1102 2382 1165 6.
2418 1122 2476 1166 11.
2530 1105 2633 1167 10.
2686 1103 2788 1167 ad-

312 1190 717 1255 vertendum:
780 1217 815 1249 «
850 1189 1065 1256 Solum
1115 1192 1389 1271 adverto,
1439 1195 1503 1260 in
1550 1197 1666 1262 hoc
1713 1218 1862 1264 casu
1909 1200 2009 1282 (ac
2053 1202 2217 1266 idem
2253 1204 2379 1269 fere
2427 1205 2523 1269 est
2568 1206 2641 1270 de
2689 1225 2789 1269 ce-

312 1293 516 1375 teris),
554 1292 874 1358 aliud⁸esse
898 1313 1208 1376 quaerere,
1246 1316 1321 1360 an
1348 1300 1554 1362 stante
1586 1319 1732 1364 vero
1766 1300 1954 1366 dubio
1992 1303 2064 1368 de
2096 1323 2217 1369 usu
2259 1306 2519 1370 rationis
2553 1307 2789 1371 actuali

311 1399 376 1459 et
410 1395 757 1460 sufficiente
791 1396 868 1459 ad
900 1395 1164 1461 liberum
1190 1416 1574 1478 consensum,
1596 1406 1892 1467 nascatur
1924 1405 2255 1489 obligatio:
2284 1407 2454 1471 aliud
2485 1427 2630 1472 vero
2658 1427 2788 1472 esse

311 1517 632 1580 quaerere,
681 1498 925 1580 quando
975 1499 1059 1565 sit
1106 1501 1203 1564 vel
1240 1521 1362 1565 non
1397 1502 1480 1565 sit
1517 1504 1644 1567 tale
1676 1504 1955 1570 dubium.
1991 1507 2064 1570 In
2095 1507 2286 1589 priori
2320 1508 2602 1590 quaesito
2637 1529 2790 1572 sem-

214 1664 223 1670 ,
311 1621 424 1684 per
470 1621 688 1665 verum
736 1604 849 1678 est,
890 1605 1097 1667 stante
1144 1602 1492 1687 hypothesi,
1530 1605 1693 1686 quod
1728 1608 1855 1671 tale
1888 1608 2146 1673 dubium
2177 1611 2543 1694 negativum
2574 1631 2791 1675 verum

312 1704 422 1780 sit,
462 1704 684 1767 votum
729 1722 850 1768 non
901 1704 1203 1789 obligare3
1240 1705 1387 1786 quia
1413 1708 1510 1770 est
1555 1706 1815 1771 dubium
1863 1728 1939 1772 an
1988 1709 2074 1774 sit
2120 1712 2404 1775 votum...
2439 1712 2610 1776 Dicti
2641 1731 2791 1795 ergo

311 1808 622 1871 Auctore-s
654 1809 898 1891 proprie
945 1809 1221 1873 tractant
1268 1809 1598 1874 secundam
1647 1812 2073 1893 quaestionem
2121 1816 2184 1878 et
2236 1813 2300 1877 in
2357 1833 2427 1879 eo
2475 1834 2658 1880 sensu
2705 1816 2792 1880 di-

316 1911 492 1984 cunt,
540 1912 758 1974 votum
805 1910 1041 1975 factum
1080 1911 1143 1975 in
1183 1912 1386 1976 calore
1434 1913 1808 1988 iracundiae,
1859 1915 1911 1979 si
1958 1935 2081 1980 non
2127 1919 2371 1981 constet
2415 1918 2679 2001 positive
2727 1921 2794 1983 et

314 2031 433 2095 per
479 2012 773 2076 iudicium
808 2012 932 2078 fere
981 2015 1239 2092 certum,
1276 2014 1607 2078 abstulisse
1638 2015 1768 2078 vim
1815 2017 2098 2096 rationiS,
2136 2018 2439 2103 obligare3
2475 2020 2622 2101 quia
2656 2021 2787 2085 scil.

311 2114 493 2179 solus
540 2114 707 2180 calor
742 2115 1098 2180 iracundiae
1146 2135 1252 2199 per
1300 2135 1362 2180 se
1412 2135 1535 2181 non
1583 2118 1818 2182 sufficit
1871 2119 1950 2183 ad
2003 2121 2507 2187 constituendum
2552 2124 2792 2186 morale

308 2216 580 2281 dubium
627 2217 700 2281 de
737 2217 1081 2296 sufficienti,
1118 2237 1235 2282 usu
1283 2219 1545 2283 rationis
1586 2222 1699 2284 etc.
1737 2246 1799 2285 ».

402 2318 575 2404 Ergo
622 2320 746 2384 ista
794 2319 1146 2403 accipienda
1184 2323 1331 2384 sunt
1379 2321 1495 2386 hoc
1542 2342 1744 2400 sensu,
1796 2324 1960 2405 quod
2007 2324 2071 2388 in
2119 2325 2284 2390 hisce
2316 2324 2520 2391 dubiis
2567 2329 2788 2392 votum

305 2423 525 2486 valere
576 2422 822 2498 dicitur,
855 2442 978 2487 non
1010 2423 1190 2504 quasi
1222 2425 1441 2488 votum
1473 2424 1733 2489 dubium
1767 2425 2020 2511 obliget,
2048 2427 2152 2491 sed
2186 2429 2492 2509 quatenus
2522 2433 2792 2513 negatur

306 2525 534 2590 adesse
582 2525 889 2591 rationem
936 2525 1263 2591 dubitandi
1310 2526 1383 2591 de
1432 2528 1615 2592 voto:
1665 2547 1825 2610 quae
1862 2528 2025 2594 ratio
2074 2528 2126 2594 si
2175 2529 2357 2609 adsit,
2398 2532 2619 2596 votum
2666 2550 2789 2597 non

303 2627 555 2693 valebit
593 2630 658 2692 et
693 2628 909 2692 utrum
958 2628 1244 2705 adfuerit,
1286 2629 1361 2693 ad
1394 2630 1759 2713 prudentem
1789 2632 2233 2715 inspectionem
2265 2632 2624 2698 confessarii
2662 2654 2792 2717 per-

300 2730 564 2808 tinebit,
600 2730 1043 2815 interrogando
1091 2750 1170 2796 an
1220 2750 1375 2796 onus
1409 2733 1847 2797 assumendum
1884 2734 2003 2798 rite
2051 2735 2115 2798 et
2146 2734 2524 2800 sufficienter
2567 2755 2792 2821 cogno·

302 2835 517 2899 sceret
556 2835 620 2898 et
650 2832 1051 2898 difficultates
1076 2833 1423 2916 pervideret
1455 2834 1570 2897 etc.

428 2970 538 3022 vn.
569 2969 618 3022 4.
644 2972 774 3023 Vota
802 2973 923 3023 tacta
957 2969 1005 3023 in
1032 2971 1288 3036 ebrietate,
1323 2971 1468 3025 etiam
1509 2980 1621 3025 ante
1655 2971 1879 3038 praevisa
1921 2978 1970 3026 et
1996 2972 2066 3026 sic
2094 2973 2243 3026 volita
2271 2972 2319 3026 in
2358 2989 2521 3039 causa,
2550 2990 2645 3029 non
2674 2983 2788 3029 sunt

303 3053 517 3117 validm
545 3069 655 3107 cum
683 3070 777 3108 non
804 3055 902 3109 sint
932 3054 1083 3109 volita
1120 3054 1169 3108 in
1211 3055 1386 3122 seipsis
1425 3063 1473 3109 ct
1513 3055 1726 3109 directe:
1757 3059 1934 3110 bonum
1962 3065 2124 3111 autem
2153 3073 2246 3111 non
2287 3066 2560 3123 consurgat,
2590 3059 2682 3112 nisi
2723 3075 2785 3113 ex

296 3142 513 3204 integra
543 3155 705 3205 causa,
735 3139 959 3208 quamvis
986 3143 1045 3194 ad
1086 3148 1336 3208 peccatum
1365 3141 1483 3195 satis
1523 3141 1586 3195 sit
1616 3141 1938 3195 voluntarium
1977 3141 2212 3196 indirecte
2251 3151 2299 3197 et
2336 3142 2384 3195 in
2423 3158 2584 3196 causa.
2615 3146 2784 3207 Laym.

297 3232 331 3280 Ι.
366 3228 429 3281 4.
460 3234 494 3279 ι.
529 3226 574 3279 4.
602 3240 647 3278 c.
680 3228 723 3280 Ι.
752 3240 799 3279 n.
828 3226 876 3279 4.

400 3331 589 3405 608.
617 3336 993 3419 Explicanda
1016 3337 1167 3401 haec
1189 3355 1262 3400 ex
1292 3336 1540 3400 traditis
1563 3338 1629 3399 in
1661 3338 1846 3399 tract.
1881 3336 1955 3399 de
1988 3336 2197 3400 Actib.
2241 3336 2524 3400 Human.
2544 3336 2578 3374 *
2619 3336 2790 3400 Haec

294 3443 537 3505 autem
575 3439 671 3502 est
717 3437 999 3503 doctrina
1034 3438 1377 3523 Laymann,
1411 3437 1451 3500 1.
1488 3458 1538 3501 c.
1582 3463 1615 3495 «
1649 3438 1745 3501 Ad
1782 3439 2003 3502 votum
2042 3457 2166 3503 non
2213 3437 2447 3502 sufficit
2493 3439 2786 3503 voluntas

292 3541 625 3607 indirecta
670 3541 734 3605 in
783 3559 970 3605 causa
1017 3560 1149 3606 sua.
1183 3540 1457 3623 Explico.
1500 3540 1564 3604 Si
1597 3538 1793 3603 sciens
1826 3542 1888 3604 te
1935 3541 2175 3604 ebrium
2221 3540 2439 3605 stricto
2478 3539 2688 3624 gladio
2721 3539 2787 3602 in

293 3645 480 3710 alios
528 3661 706 3709 ruere
753 3643 1029 3717 solitum,
1065 3642 1470 3706 nihilominus
1519 3642 1581 3704 te
1625 3640 1909 3716 inebries,
1949 3641 2352 3707 homicidium
2384 3642 2451 3705 in
2488 3641 2790 3706 ebrietate

292 3745 726 3813 commissum
771 3745 889 3809 tibi
920 3747 1222 3826 tanquam
1268 3743 1562 3807 indirecte
1594 3742 2023 3807 voluntarium
2069 3743 2449 3826 imputatur:
2484 3762 2604 3808 non
2638 3744 2792 3808 item

290 3850 351 3914 si
408 3847 618 3912 sciens
664 3848 728 3911 te
775 3846 1016 3911 ebrium
1072 3845 1427 3910 hominibus
1497 3845 1860 3928 promittere
1906 3845 2006 3909 vel
2053 3846 2182 3911 Deo
2231 3845 2406 3911 edere
2452 3848 2602 3912 vota
2651 3848 2795 3912 soli·

293 3954 479 4027 tum,
531 3948 934 4013 nihilominus
980 3950 1044 4013 te
1081 3948 1363 4025 inebries,
1399 3949 1546 4013 voto
1588 3947 1789 4012 aliave
1821 3949 2226 4031 promissione
2262 3949 2325 4014 in
2360 3950 2658 4015 ebrietate
2691 3970 2796 4035 po-

290 4058 455 4120 stea
504 4051 672 4116 facta
721 4051 1146 4136 adstringeris.
1186 4048 1380 4116 Cuius
1414 4050 1786 4116 discriminis
1833 4052 1996 4117 ratio
2045 4055 2159 4130 est,
2193 4054 2341 4137 quia
2387 4053 2790 4119 homicidium

290 4160 366 4222 in
407 4154 718 4220 ebrietate
754 4154 991 4219 factum
1024 4173 1164 4219 vere
1196 4154 1599 4219 homicidium
1622 4158 1717 4220 est
1739 4155 2001 4238 ideoque
2027 4156 2104 4220 ad
2136 4157 2386 4238 culpam
2415 4155 2790 4237 imputatur,

289 4261 356 4325 si
385 4259 482 4323 sit
517 4256 728 4339 aliquo
761 4256 946 4320 modo
980 4255 1266 4321 videlicet
1288 4256 1583 4321 indirecte
1608 4261 1670 4321 et
1700 4258 1766 4321 in
1797 4277 2006 4335 causa,
2040 4257 2488 4323 voluntarium.
2522 4256 2610 4320 At
2647 4274 2790 4319 vero

290 4363 542 4427 votum
574 4361 637 4425 et
674 4359 989 4442 quaelibet
1027 4359 1151 4423 alia
1182 4359 1508 4441 promissio
1541 4359 1810 4424 hominis
1836 4361 1989 4425 ebrii
2022 4361 2120 4425 vel
2144 4359 2505 4424 dormientis
2542 4378 2665 4424 non
2698 4359 2793 4423 est

288 4483 538 4530 verum
584 4464 824 4540 votum,
882 4460 1382 4544 quandoquidem
1432 4461 1508 4524 ad
1563 4463 1697 4526 voti
1752 4463 2172 4527 substantiam
2217 4461 2544 4527 intrinsece
2588 4462 2790 4543 requi-

292 4570 500 4632 ratur
528 4564 764 4639 directa
811 4583 875 4628 se
924 4562 1240 4647 obligandi
1288 4562 1579 4625 voluntas
1628 4589 1688 4640 »,
1730 4582 1889 4644 quae
1922 4566 2018 4627 est
2052 4565 2188 4646 ipsa
2236 4564 2590 4628 substantia
2638 4564 2789 4636 voti,

292 4686 483 4752 quae
505 4667 797 4731 tamenin
828 4666 996 4730 ebrio
1029 4665 1218 4729 deest.
1253 4661 1345 4726 Cf.
1386 4663 1630 4728 Filliuc.
1665 4664 1738 4727 de
1789 4664 1940 4727 Voto
1970 4685 2029 4729 n.
2070 4665 2171 4728 16.
2214 4664 2437 4729 Subdit
2466 4665 2788 4748 Laymann
