3497 5147
683 309 790 363 532
824 319 1130 362 ‘maci-‚vn
1151 316 1312 360 sacr.
1327 317 1391 357 11.
1413 315 1499 355 nn
1522 312 1803 357 anonimo
1823 311 2039 353 manc.
2058 309 2387 351 omanem.
2411 309 2546 351 cn».
2567 309 2658 350 111.
2677 310 2821 351 nun.
2835 309 2968 351 vm.
3007 294 3149 370 [702]

774 418 988 482 Movet
1019 416 1153 479 heic
1186 434 1233 479 s.
1269 414 1503 478 Doctor
1537 433 1595 476 n.
1638 412 1788 475 251.
1823 409 2269 491 quaestionem,
2307 427 2384 471 an
2416 408 2628 471 valeat
2657 407 3055 490 dispensatim
3096 408 3149 472 si

683 521 845 585 bona
878 519 993 583 fide
1040 504 1328 582 credatur
1353 514 1565 579 adesse
1603 514 1772 577 iusta
1809 531 2017 583 causa,
2045 530 2202 593 quae
2239 529 2455 574 revera
2495 528 2618 574 non
2643 510 2745 574 sit.

770 621 900 686 Nos
934 620 1085 684 alibi
1115 620 1189 683 de
1221 616 1441 699 Leqib.
1477 637 1536 680 n.
1577 616 1726 679 424.
1764 633 1931 695 seqq.
1964 614 2124 677 hanc
2169 612 2596 694 quaestionem
2641 611 2770 674 iam
2817 611 3147 695 attigimus

684 726 746 789 et
771 723 1151 789 ostendimus
1180 723 1247 783 1⁰
1278 720 1503 792 valere,
1532 719 1584 783 si
1616 736 1785 781 error
1820 716 1943 781 fuit
1974 715 2134 779 circa
2156 715 2604 795 sufficientiam
2638 733 2898 778 causae:
2926 715 2995 777 2⁰
3026 733 3149 779 non

683 827 914 904 valere,
949 825 1001 888 si
1034 823 1319 888 totaliter
1352 822 1516 885 absit
1546 838 1754 895 causa,
1789 837 1948 900 quae
1981 817 2192 882 adesse
2228 816 2588 899 putabatur.

1669 996 1733 1063 U
1726 996 1848 1060 nde
1879 994 2165 1060 resolves,

768 1111 769 1114 Ἴ
799 1140 1073 1193 Lxxvm.
1104 1139 1149 1190 4.
1176 1135 1299 1190 Cum
1339 1149 1483 1189 causa
1513 1149 1607 1188 non
1636 1133 1816 1187 sufficit
1843 1133 1903 1185 ad
1933 1132 2168 1196 integram
2195 1131 2626 1198 dispensationem,
2657 1132 2832 1200 partim
2861 1131 3149 1198 dispensari,

687 1225 864 1291 partim
904 1221 1194 1277 commutari
1235 1227 1412 1288 potest.
1437 1222 1557 1272 Bon.
1589 1222 1619 1270 Ι.
1646 1234 1688 1271 c.

776 1327 955 1401 702.
983 1329 1241 1411 Quando
1273 1347 1462 1393 causa
1484 1346 1608 1391 non
1631 1324 1867 1390 sufficit
1897 1325 1974 1389 ad
2006 1325 2503 1408 dispensandum,
2530 1326 2781 1391 adverte
2807 1326 2950 1390 addi
2973 1344 3149 1409 posse

689 1435 965 1516 aliquam
996 1431 1572 1498 commutationem.

775 1536 915 1599 Hoc
946 1554 1127 1617 saepe
1163 1532 1257 1609 fit,
1307 1531 1552 1614 quando
1583 1531 1936 1614 iniungitur
1967 1532 2112 1593 taxa
2145 1548 2256 1613 pro
2289 1530 2868 1613 dispensationibus,
2911 1549 3069 1613 quae
3118 1551 3152 1595 a

688 1637 751 1702 S.
785 1636 1275 1703 Poenitentiaria
1307 1635 1407 1699 vel
1438 1634 1700 1698 Dataria
1731 1634 2050 1716 petuntur.

804 1781 1037 1833 Lxxlx.
1067 1782 1116 1831 2.
1144 1779 1399 1831 praetatus
1433 1775 1603 1829 videns
1630 1791 1685 1828 ac
1714 1781 1842 1837 (cuni
1874 1775 2011 1828 tacite
2039 1775 2214 1843 possit)
2243 1790 2337 1828 non
2364 1775 2714 1839 contradicens,
2746 1776 2941 1829 videtur
2967 1776 3157 1844 dispen-

694 1881 822 1926 sare,
851 1865 917 1918 ait
954 1865 1034 1917 Sa.

781 1965 959 2039 703.
996 1968 1281 2031 Diximus
1328 1967 1400 2030 de
1432 1967 1547 2029 hac
1577 1985 1642 2030 re
1673 1966 1736 2029 in
1770 1967 1848 2029 tr.
1889 1965 1964 2028 de
2001 1965 2155 2046 Ley.
2190 1985 2249 2027 n.
2285 1965 2436 2028 432.
2470 1984 2666 2047 seqq.;
2699 1966 2907 2047 ibique
2946 1965 3155 2030 distin·

690 2073 894 2138 ximus
927 2070 1232 2153 duplicem
1278 2068 1535 2133 modum
1582 2067 1810 2132 tacitae
1858 2066 2354 2151 dispensationis,
2405 2067 2534 2130 scil.
2579 2067 2648 2129 1⁰
2684 2086 2791 2150 per
2837 2067 3157 2132 scientiam

690 2178 755 2241 et
801 2173 1169 2257 patientiam
1218 2170 1511 2254 praelati:
1562 2170 1632 2232 2⁰
1662 2189 1770 2251 per
1816 2169 2053 2233 factum
2099 2169 2296 2251 ipsius
2342 2168 2626 2261 praelati,
2676 2169 2924 2233 scientis
2956 2170 3157 2254 legem

690 2279 823 2344 voti
872 2278 935 2342 et
980 2274 1385 2340 nihilominus
1423 2271 1810 2337 concedentis
1855 2272 1954 2335 vel
2007 2272 2438 2354 praecipientis
2503 2270 2758 2353 aliquid,
2799 2272 2964 2354 quod
3028 2273 3156 2337 sine

690 2382 825 2447 voti
856 2379 1311 2462 dispensatione
1356 2394 1479 2440 non
1528 2377 1623 2439 est
1666 2374 1931 2444 licitum,
1971 2393 2030 2436 v.
2065 2393 2158 2457 gr.
2192 2374 2444 2437 habenti
2475 2375 2695 2438 votum
2724 2374 2941 2439 ieiunii
2987 2393 3161 2458 supe·

689 2485 818 2550 rior
849 2482 954 2547 det
984 2481 1152 2545 cibos
1185 2481 1248 2544 et
1287 2478 1364 2542 ad
1402 2474 1844 2542 comedendum
1874 2476 2117 2559 urgeat.

801 2625 1009 2679 LXXX.
1040 2625 1088 2675 3.
1117 2625 1338 2675 Potestas
1378 2619 1523 2672 etiam
1563 2618 1781 2681 delegata
1822 2616 2139 2684 dispensandi
2177 2618 2225 2672 in
2266 2619 2396 2673 votis
2434 2620 2654 2673 extendit
2680 2636 2733 2674 se
2760 2621 2903 2674 etiam
2944 2624 3006 2675 ad
3044 2632 3156 2676 vota

697 2708 858 2763 iurata
879 2714 928 2760 et
952 2706 1218 2759 iuramenta
1242 2704 1320 2771 pia
1341 2702 1435 2757 soli
1458 2704 1560 2755 Deo
1583 2705 1721 2754 tacta.
1746 2704 1810 2755 V.
1834 2704 1971 2755 Suar.
1996 2703 2027 2756 1.
2056 2705 2104 2755 6.
2126 2700 2191 2757 de
2222 2704 2352 2757 Voto
2374 2706 2548 2757 Sanch.
2570 2708 2601 2757 Ι.
2625 2707 2674 2757 8.
2695 2703 2761 2759 de
2780 2705 2949 2759 Matr.
2963 2706 3092 2774 disp.
3109 2710 3159 2766 3.

785 2825 876 2888 De
900 2822 1064 2887 votis
1096 2821 1320 2885 iuratis
1359 2821 1456 2885 vel
1492 2819 1859 2884 iuramentis
1907 2819 2037 2884 Deo
2085 2820 2286 2898 factm,
2323 2824 2533 2885 actum
2565 2824 2679 2899 est,
2730 2823 2837 2888 ubi
2869 2823 2942 2887 de
2975 2824 3158 2889 modo

610 2949 615 2955 ·
695 2925 954 2993 tollendi
987 2925 1431 3009 obligationem
1464 2923 1821 2987 Iuramenti
1849 2942 1981 3005 cap.
2019 2924 2077 2986 2.
2114 2922 2258 2988 dub.
2297 2924 2354 2986 7.
2389 2925 2570 2988 resol.
2606 2925 2666 2988 3.

804 3070 1033 3124 LXXXI.
1062 3069 1110 3121 4.
1139 3071 1264 3121 Ante
1301 3065 1408 3119 voti
1445 3065 1825 3131 acceptationem
1860 3080 1885 3117 a
1925 3071 2055 3118 certa
2097 3079 2303 3131 persona
2343 3072 2428 3118 aut
2464 3066 2698 3130 Ecclesia,
2739 3082 2833 3120 non
2862 3077 3094 3125 censetur
3117 3070 3162 3123 ei

694 3155 775 3209 ius
802 3154 1119 3221 acquisitum
1146 3152 1354 3218 ideoque
1392 3149 1496 3204 sine
1536 3149 1643 3203 eius
1680 3149 1858 3203 iniuria
1897 3155 2059 3216 potest
2097 3148 2389 3216 dispensari,
2417 3152 2494 3204 vel
2533 3154 2836 3206 commutari.

785 3259 966 3334 704.
1003 3262 1270 3347 Egregia
1309 3261 1472 3335 sunt,
1507 3278 1665 3340 quae
1697 3257 1776 3322 ad
1799 3258 1962 3321 hunc
1985 3257 2060 3321 A.
2086 3257 2294 3322 locum
2325 3258 2577 3324 subiicit
2607 3279 2656 3324 s.
2690 3260 2877 3344 Alph.
2912 3283 2972 3326 n.
3010 3264 3158 3327 255.

696 3369 761 3432 et
792 3386 863 3431 ex
894 3365 1065 3430 brevi
1101 3362 1533 3428 indicabimus.

783 3470 833 3533 I.
884 3466 1101 3548 Quoad
1140 3464 1513 3531 sententiam
1543 3463 1641 3539 Α..
1670 3482 1718 3527 S.
1753 3463 2110 3546 Alphonsus
2143 3482 2281 3529 eam
2305 3464 2875 3531 communissimam
2908 3487 3038 3533 esse
3067 3468 3160 3532 fa-

693 3574 864 3639 tetur
895 3573 957 3636 et
989 3569 1258 3652 quidem.

887 3677 953 3738 1⁰
991 3672 1238 3738 etiamsi
1269 3668 1618 3754 promissio,
1658 3668 1930 3734 nondum
1964 3671 2303 3751 acceptata,
2329 3687 2450 3734 non
2483 3670 2546 3734 in
2579 3671 2784 3737 solum
2821 3674 3026 3738 Deum
3057 3673 3160 3738 sed

696 3777 1089 3861 peculiariter
1122 3774 1312 3839 etiam
1344 3774 1407 3836 in
1440 3791 1765 3856 personam
1798 3771 2031 3837 directa
2069 3771 2276 3847 fuerit,
2310 3792 2369 3834 v.
2395 3793 2488 3857 gr.
2524 3775 2823 3857 promitto
2849 3794 2992 3840 cum
3016 3778 3165 3841 voto

696 3879 842 3942 dare
876 3877 993 3940 tali
1030 3875 1285 3958 pauperi
1312 3877 1427 3938 etc.

880 3978 948 4041 2⁰
980 3978 1063 4041 Et
1108 3976 1354 4040 etiamsi
1388 3976 1715 4059 promissio
1751 3976 1916 4040 facta
1955 3976 2039 4040 sit
2067 3976 2132 4039 in
2172 3976 2466 4043 honorem
2500 3980 2747 4062 patroni
2780 3980 3046 4047 alicuius
3078 4002 3166 4046 ec-

699 4081 948 4158 clesiae3
985 4078 1321 4160 requiritur
1353 4079 1694 4161 acceptatio
1730 4079 1807 4142 ab
1843 4078 2014 4141 illius
2044 4080 2300 4143 rectore.

882 4185 951 4246 3⁰
988 4182 1071 4245 Et
1116 4181 1361 4247 etiamsi
1399 4183 1752 4264 acceptetur
1777 4180 1855 4243 ab
1888 4180 2096 4261 aliquo
2144 4201 2410 4265 paupere
2446 4184 2794 4267 promissio,
2829 4205 2988 4267 quae
3023 4188 3170 4251 alio·

699 4288 849 4370 quin
894 4286 969 4349 fit
1014 4284 1131 4350 soli
1179 4284 1329 4361 Deo,
1364 4283 1549 4348 dandi
1582 4281 1818 4364 aliquid
1853 4281 2348 4351 indeterminatis
2378 4287 2770 4370 pauperibus.
2799 4288 2991 4353 Ratio
3025 4289 3162 4354 infr.

698 4413 760 4456 n.
803 4410 927 4472 seq.

881 4493 950 4556 4⁰
981 4490 1216 4558 Contra
1241 4492 1292 4556 si
1316 4488 1643 4573 promissio
1669 4486 1836 4553 facta
1867 4488 1953 4554 sit
1981 4489 2045 4555 in
2079 4490 2422 4558 utilitatem
2454 4491 2647 4577 solius
2693 4493 2965 4559 hominis
2999 4495 3063 4559 et
3084 4494 3168 4558 sit

702 4598 1041 4679 acceptata.
