3497 5147
401 357 545 433 [986]
926 369 1008 410 An
1046 371 1125 410 m
1161 370 1409 419 QUANTA
1448 369 1723 412 mecam
1763 370 1898 411 smr
1935 370 2164 415 oscum
2203 371 2334 412 mo.
2759 360 2864 414 727

402 470 646 533 tactum
671 467 973 550 (partium
1023 466 1456 550 verendarum)
1504 467 1636 532 sola
1675 468 2040 532 curiositate
2083 469 2392 546 habitum,
2425 470 2738 534 interdum
2772 490 2867 535 ex·

404 570 607 635 cusari
639 588 818 653 posse
857 588 893 633 a
923 569 1177 634 mortali
1216 572 1486 652 peccat0‚
1522 569 1686 651 quod
1735 571 1944 634 tamen
1989 589 2202 636 rarum
2250 574 2344 636 est
2375 574 2625 655 propter
2658 572 2871 636 adiun-

405 676 577 738 ctum
610 672 953 757 periculum
983 696 1047 735 ιο.
1082 670 1351 737 Sanchez
1383 672 1665 754 loquitur
1696 672 1771 737 de
1808 673 1904 737 his
1936 674 2208 738 tactibus
2243 694 2313 739 ex
2344 674 2602 741 levitate
2634 677 2698 740 et
2734 676 2870 740 ioco

408 778 593 860 atque
627 775 974 858 exemplum
1013 774 1188 857 ponit
1220 774 1283 838 in
1317 775 1521 858 pueris
1555 775 1687 840 ioco
1722 776 2005 859 pudenda
2037 777 2155 841 sibi
2187 776 2646 860 arripientibus,
2682 777 2872 844 Ratio

408 878 675 944 Sanchez
724 879 854 952 est3
905 876 1053 958 quia
1101 876 1271 940 deest
1320 877 1565 940 animus
1611 876 1981 942 libidinosus
2027 898 2136 943 nec
2174 879 2354 943 tanta
2392 882 2678 944 versatur
2709 879 2873 943 inde-

408 981 609 1046 centia
641 982 703 1044 et
725 979 1085 1044 inhonestas
1112 998 1181 1042 ac
1205 979 1367 1042 inter
1390 998 1681 1062 personas
1714 979 1941 1044 diversi
1962 999 2159 1045 sexus.
2187 982 2596 1064 Prosequitur
2615 982 2869 1066 Laym.:

416 1109 451 1143 α
483 1084 786 1166 Aspectus
810 1101 954 1146 vero
980 1080 1256 1165 partium
1280 1081 1687 1146 verendorum
1720 1082 1995 1147 eiusdem
2019 1102 2197 1148 sexus
2236 1103 2307 1148 ex
2338 1085 2473 1149 sola
2505 1085 2871 1150 curiositate

409 1185 653 1250 facilius
702 1204 738 1248 a
784 1185 1035 1267 peccato
1083 1184 1334 1248 mortali
1384 1185 1713 1249 excusatur
1761 1211 1795 1244 »
1850 1187 1914 1249 et
1951 1185 2107 1250 citat
2152 1205 2369 1250 rursus
2403 1185 2672 1250 Sanchez
2721 1185 2869 1250 ibid.

408 1308 511 1355 nn.
549 1288 653 1350 27.
690 1287 794 1349 28.
828 1285 1017 1350 Ratio
1050 1285 1164 1358 est,
1205 1286 1352 1368 quia
1384 1286 1532 1350 talis
1573 1291 1877 1371 aspectus,
1913 1288 2033 1351 nisi
2067 1288 2365 1372 aspiciens
2404 1307 2742 1372 propensus
2790 1288 2876 1351 sit

408 1392 470 1455 in
507 1389 869 1463 sodomiam‚
905 1407 1013 1471 per
1043 1406 1107 1451 se
1145 1406 1268 1452 non
1312 1387 1501 1453 infert
1536 1389 1889 1473 proximum
1928 1390 2268 1472 periculum
2318 1390 2745 1454 delectationis
2776 1409 2876 1453 ve-

410 1511 625 1557 nereae
658 1492 721 1555 et
752 1509 1083 1556 consensus
1116 1491 1179 1554 in
1212 1509 1368 1554 eam.

501 1595 865 1660 Doctrinam
895 1594 1055 1658 hanc
1087 1595 1310 1678 probat
1335 1613 1381 1658 s,
1419 1593 1626 1676 Alph.,
1663 1594 1771 1675 qui
1803 1614 1861 1657 n.
1892 1595 2042 1659 420.
2080 1595 2202 1659 ait:
2245 1621 2279 1654 «
2313 1594 2452 1660 Non
2485 1596 2814 1659 excusatur
2839 1613 2876 1657 a

411 1697 684 1774 mortali,
719 1697 825 1780 qui
859 1696 986 1762 sine
1019 1697 1135 1761 tali
1169 1696 1533 1761 necessitate
1567 1695 1626 1758 h.
1663 1716 1713 1759 e.
1751 1715 1841 1773 ea,
1882 1696 1955 1760 de
1988 1716 2110 1779 qua
2140 1695 2338 1761 locuti
2386 1716 2602 1760 sumus
2634 1715 2694 1758 n.
2723 1695 2873 1759 984.

413 1801 619 1886 tangit
652 1799 909 1863 alterius
940 1799 1243 1882 pudenda,
1280 1799 1469 1863 etiam
1503 1816 1796 1881 personae
1830 1798 2102 1863 eiusdem
2134 1818 2333 1875 sexus,
2368 1799 2487 1862 nisi
2534 1798 2693 1862 forte
2732 1797 2878 1877 (hoc

416 1905 702 1978 alterum,
735 1900 1050 1985 intelligo)
1083 1901 1194 1966 fiat
1232 1921 1339 1984 per
1369 1901 1576 1965 iocum
1610 1902 1722 1965 aut
1760 1921 1832 1965 ex
1862 1902 2213 1985 petulantia
2251 1903 2349 1966 vel
2386 1900 2770 1976 curiositate,
2806 1900 2881 1963 ut

415 2026 556 2071 cum
588 2006 1009 2070 Busembaum
1041 2005 1254 2068 tenent
1286 2003 1503 2068 Tamb.
1553 2006 1617 2067 et
1649 2001 1832 2068 Croix
1865 2029 1926 2067 ».
1962 2003 2207 2069 Rursus
2239 2004 2386 2069 ibid.
2416 2004 2579 2067 aits.
2607 2002 2877 2067 Doctor:

424 2135 455 2164 «
488 2107 850 2172 Notandum
882 2127 1023 2171 cum
1057 2106 1348 2170 Busemb.
1385 2106 1517 2170 heic
1551 2108 1613 2171 et
1652 2105 1978 2185 Salmant,
2009 2108 2214 2189 quoad
2251 2111 2558 2191 aspectuS‚
2591 2126 2716 2172 non
2749 2124 2880 2170 esse

419 2211 489 2275 de
547 2230 607 2274 se
661 2210 946 2284 mortale,
996 2210 1152 2274 citra
1199 2209 1541 2293 periculum
1591 2227 1923 2273 consensus
1971 2211 2233 2285 venerei,
2285 2210 2553 2292 aspicere
2600 2207 2884 2292 pudenda

418 2331 712 2397 personae
759 2312 1031 2377 eiusdem
1078 2331 1275 2388 sexus,
1325 2311 1448 2375 nisi
1495 2310 1795 2394 aspiciens
1843 2315 2005 2376 esset
2052 2311 2232 2375 valde
2279 2330 2617 2395 propensus
2667 2308 2743 2373 ad
2791 2328 2886 2373 so-

419 2417 691 2481 domiam
724 2441 784 2479 ».
835 2414 1058 2481 Subdit
1104 2435 1154 2479 s.
1193 2415 1456 2478 Doctor:
1499 2439 1533 2472 ‹<
1567 2414 1663 2478 vel
1711 2414 1849 2490 nisi,
1886 2413 2193 2489 adderem,
2244 2414 2499 2497 pulcher
2532 2412 2883 2477 adolescens

419 2519 796 2603 aspiceretur
842 2517 1044 2582 nudus
1076 2541 1137 2580 ».
1165 2513 1358 2581 Cuius
1390 2516 1480 2581 rei
1509 2514 1709 2581 facilis
1759 2519 1853 2582 est
1883 2517 2081 2594 rati03
2117 2537 2261 2583 nam
2293 2517 2393 2581 hic
2426 2518 2712 2601 aspectus
2759 2533 2882 2580 non

420 2642 592 2688 secus
626 2640 1009 2687 commovere
1048 2620 1206 2684 solet
1240 2639 1310 2683 ac
1344 2622 1627 2704 aspectus
1660 2621 1885 2685 diversi
1919 2640 2118 2686 sexus.

510 2721 680 2795 986.
716 2723 874 2788 Cum
920 2723 1017 2787 his
1066 2722 1269 2787 affinis
1303 2726 1397 2786 est
1431 2723 1712 2804 quaestio
1755 2723 1828 2787 de
1877 2725 2132 2806 aspectu
2180 2723 2567 2807 picturarum
2601 2724 2885 2787 obscena-

420 2849 597 2893 rum:
633 2827 706 2892 de
739 2825 1133 2910 sculptilibus
1180 2824 1337 2887 nihil
1370 2824 1598 2887 dicitur
1645 2825 1998 2907 speciatim:
2039 2825 2197 2889 forte
2231 2826 2380 2907 quia
2413 2844 2526 2908 par
2572 2826 2666 2890 est
2697 2824 2883 2899 ratio,

422 2930 538 2995 etsi
570 2932 686 2995 hae
709 2929 915 2994 minus
940 2947 1187 2992 movere
1214 2927 1473 2991 soleant.
1502 2925 1735 2990 Verum
1762 2930 1900 2990 tum
1924 2928 1988 2990 in
2013 2928 2110 2991 his
2138 2929 2271 2991 tum
2305 2928 2511 2993 inillis
2537 2929 2887 3010 frequenter

424 3051 542 3096 non
575 3038 708 3096 tam
738 3050 835 3096 res
874 3050 1065 3113 quam
1095 3030 1317 3094 modus
1364 3030 1949 3113 repraesentationis
1998 3030 2168 3094 valet
2200 3030 2277 3094 ad
2325 3031 2888 3114 concupiscentiam

423 3133 950 3199 commovendam.
1000 3133 1223 3214 Itaque
1249 3132 1299 3196 si
1332 3132 1607 3213 picturas
1656 3132 1919 3215 aspicias
1959 3151 2030 3197 ex
2067 3133 2431 3197 curiositate
2464 3134 2527 3197 et
2558 3132 2887 3196 delectatio

425 3237 624 3319 turpis
658 3236 910 3317 eiusque
942 3235 1284 3318 periculum
1333 3234 1514 3309 absit,
1556 3233 1720 3316 quod
1767 3233 1934 3297 haud
1966 3233 2215 3298 difficile
2255 3235 2465 3299 abesse
2498 3234 2725 3317 potest,
2764 3252 2888 3297 non

427 3342 520 3403 est
553 3338 836 3403 mortale.
872 3336 971 3400 Ita
1004 3354 1053 3399 s.
1088 3335 1271 3416 Alph.
1321 3356 1381 3398 n.
1417 3337 1565 3397 424.
1603 3333 1721 3412 Qui
1760 3338 1969 3400 tamen
2009 3335 2278 3411 subiicit,
2312 3334 2646 3400 difficulter
2678 3355 2741 3399 se
2776 3356 2891 3417 pu-

428 3443 560 3504 tare
592 3438 869 3503 excusari
918 3454 953 3498 a
1001 3440 1250 3518 peccato
1298 3436 1503 3498 virum
1550 3455 1791 3499 morose
1843 3436 2239 3517 aspicientem
2276 3436 2635 3500 inhonestas
2681 3438 2889 3517 partes

428 3545 690 3609 feminae
723 3545 1032 3626 depictae3
1074 3541 1219 3624 quia
1259 3541 1590 3605 difficulter
1622 3561 1684 3605 se
1725 3542 1972 3606 liberari
2012 3543 2111 3606 hic
2143 3543 2376 3624 poterit
2415 3562 2450 3606 a
2483 3542 2888 3606 delectatione

428 3648 599 3727 turpi
645 3646 743 3709 vel
792 3644 869 3708 ab
915 3644 1046 3709 eius
1094 3642 1399 3727 probabili
1447 3643 1739 3726 periculo,
1802 3643 1921 3707 nisi
1971 3644 2233 3727 aspiciat
2294 3664 2401 3727 per
2454 3643 2890 3707 brevissimum

430 3753 673 3831 tempus
722 3747 854 3829 (sed
901 3747 1015 3811 hoc
1062 3748 1156 3811 est
1192 3746 1408 3811 contra
1455 3745 1878 3829 hypothesim)
1911 3748 1974 3811 et
2004 3746 2068 3809 in
2100 3765 2329 3831 magna
2363 3743 2680 3809 distantia.
2717 3743 2891 3807 Idem

430 3850 753 3915 dicendum
784 3850 856 3913 de
882 3848 1176 3932 sculptili,
1213 3848 1261 3913 si
1291 3867 1362 3913 ex
1395 3848 1796 3931 dispositione
1830 3848 2090 3912 subiecti
2114 3848 2275 3912 idem
2310 3846 2652 3931 periculum
2676 3846 2889 3910 instet.

430 3954 703 4017 Billuart
748 3972 888 4016 cum
938 3951 1076 4016 aliis
1124 3951 1317 4035 (apud
1365 3950 1541 4036 Gury
1574 3952 1620 4014 t.
1662 3951 1717 4013 1.
1759 3951 1816 4033 g.
1851 3950 2000 4013 418.
2038 3952 2130 4034 5.)
2162 3951 2414 4015 excusat
2445 3970 2481 4014 a
2512 3949 2787 4026 mortali,
2839 3948 2892 4013 si

429 4059 712 4141 aspectus
743 4055 858 4119 fiat
893 4075 965 4120 ex
1009 4055 1287 4133 levitate,
1325 4054 1543 4131 obiter,
1582 4074 1652 4118 ex
1701 4053 2064 4117 curiositate
2105 4053 2217 4118 aut
2248 4054 2300 4119 si
2332 4054 2576 4138 pictura
2623 4052 2893 4116 infantes

426 4162 675 4225 tantum
709 4159 1158 4243 repraesentet3
1195 4158 1342 4239 quia
1382 4158 1547 4241 picta
1581 4176 1701 4221 non
1737 4157 2130 4221 commovent
2162 4157 2324 4221 sicut
2356 4156 2672 4220 naturalia
2706 4158 2893 4237 atque

428 4264 543 4328 hoc
573 4283 695 4328 non
727 4260 1133 4345 improbabile
1165 4260 1429 4335 videtur,
1466 4262 1556 4324 ait
1590 4260 1783 4344 Gury,
1827 4259 1944 4323 nisi
1976 4259 2135 4323 forte
2168 4261 2245 4325 ob
2279 4259 2630 4342 aspicientis
2662 4257 2896 4342 fragili-

432 4369 629 4431 tatem
663 4366 846 4429 aliter
866 4362 1267 4428 iudicandum
1300 4362 1401 4425 sit.
1438 4361 1727 4426 Ceterum
1761 4362 1811 4426 si
1843 4362 2209 4426 necessitate
2257 4363 2394 4445 quis
2429 4362 2668 4445 aspicit,
2718 4362 2892 4444 puta,

434 4470 751 4534 studiosus
776 4465 1133 4540 medicinae,
1160 4464 1366 4545 potest
1390 4463 1634 4527 nullum
1658 4482 1790 4526 esse
1821 4467 2160 4545 peccatum,
2189 4463 2523 4528 dummodo
2550 4464 2893 4547 periculum

435 4589 764 4635 consensus
811 4568 988 4652 pravi
1026 4566 1211 4632 absit.
