3497 5147
366 345 546 421 [1084]
797 358 951 407 Qum
988 360 1082 403 srr
1119 361 1198 401 m
1234 361 1408 409 QUAM
1445 360 1658 402 enum
1695 362 2018 405 racemum
2057 364 2404 405 DDTRACTIO
2720 352 2832 409 808

369 458 667 523 damnum
714 459 896 521 tuum
944 458 1393 542 effugiendum3
1444 459 1594 540 quia
1625 459 1789 524 actio
1826 460 2080 539 iniusta,
2114 480 2238 542 qua
2274 464 2347 525 tu
2393 463 2698 527 secretum
2736 483 2831 527 ac-

369 560 607 642 cepisti,
643 559 886 642 obligat
931 560 995 623 te
1028 559 1103 623 ad
1137 560 1520 624 restituenda
1554 562 1761 625 omnia
1798 561 2024 627 damna
2057 564 2307 645 propter
2343 563 2516 627 illam
2551 565 2827 646 proximo

374 662 782 726 obventura...
817 661 991 725 Tunc
1038 662 1287 726 tantum
1317 663 1482 727 recte
1529 662 1816 727 admittit
1845 666 1908 727 te
1939 682 2117 746 posse
2148 664 2378 728 crimen
2409 665 2827 743 manifestare,

370 764 616 847 quando
665 767 828 829 esset
872 764 989 828 tibi
1035 765 1406 847 permissum
1453 765 1644 830 etiam
1690 785 1798 848 per
1828 766 1956 830 vim
2003 769 2067 832 et
2111 766 2391 831 fraudem
2423 768 2580 832 illud
2627 770 2833 850 exqui-

368 886 501 932 rere
548 870 610 931 et
658 867 905 931 litteras
950 867 1185 949 aperire
1232 867 1419 951 (Lug.
1467 867 1527 932 d.
1576 887 1627 932 0.
1676 887 1736 931 11.
1793 870 1971 951 103.)
2001 894 2063 931 ».
2112 870 2213 933 Ita
2261 888 2407 935 sane
2453 870 2632 955 Lugo
2680 871 2828 936 ibid.

252 1037 260 1046 ,
369 990 430 1035 11.
464 971 641 1034 101.:
682 994 718 1027 «
750 969 883 1053 Ego
919 970 1101 1033 aliter
1131 969 1637 1054 distinguendum
1669 971 1843 1053 puto.
1868 969 2033 1034 Nam
2057 971 2156 1035 vel
2178 986 2275 1034 res
2308 970 2387 1035 ad
2418 990 2561 1036 eum
2593 973 2833 1038 statum

372 1072 634 1137 deducta
679 1074 794 1148 est,
835 1073 909 1137 ut
954 1090 1069 1156 ego
1117 1072 1170 1136 si
1216 1071 1373 1136 illud
1420 1074 1724 1136 secretum
1771 1072 2087 1147 nescirem,
2121 1090 2366 1154 possem
2395 1073 2530 1137 iure
2560 1092 2720 1149 meo,
2760 1076 2835 1139 ut

378 1174 534 1239 mihi
579 1173 961 1238 consulerem
1008 1176 1071 1238 et
1115 1193 1213 1237 me
1245 1173 1518 1257 periculo
1551 1174 1868 1256 eriperem,
1901 1176 2207 1239 secretum
2236 1174 2387 1240 illud
2440 1177 2739 1258 expiscari
2772 1178 2836 1241 et

376 1275 567 1341 etiam
615 1276 757 1342 dolo
804 1275 961 1340 illud
1006 1276 1315 1358 inquirere
1361 1296 1419 1340 v.
1453 1296 1547 1361 gr.
1583 1275 1910 1358 aperiendo
1942 1278 2209 1341 secretas
2253 1277 2518 1355 litteraS,
2554 1278 2652 1342 vel
2692 1297 2834 1344 vere

375 1378 490 1442 hoc
535 1396 658 1443 non
705 1396 949 1461 possem
994 1378 1211 1442 facere.
1254 1378 1328 1441 In
1374 1378 1574 1461 primo
1621 1397 1771 1443 casu
1807 1378 1963 1455 dico,
1997 1397 2175 1461 posse
2221 1398 2319 1443 me
2366 1380 2556 1445 etiam
2589 1380 2687 1444 uti
2718 1380 2836 1445 tali

376 1481 692 1558 notitia...,
723 1480 872 1545 licet
917 1480 1363 1563 per-iniuriam
1408 1481 1587 1544 illam
1630 1481 1981 1557 habuerim
2031 1482 2095 1545 in
2144 1481 2409 1546 secundo
2443 1485 2651 1547 autem
2686 1502 2836 1547 casu

374 1602 498 1648 non
545 1602 742 1666 posse,
790 1582 896 1647 sed
942 1582 1159 1647 debere
1205 1602 1303 1647 me
1355 1601 1584 1667 gerere,
1633 1583 1795 1648 sicut
1842 1582 1897 1646 si
1941 1582 2136 1647 talem
2199 1583 2492 1647 notitiam
2554 1602 2676 1648 non
2723 1584 2837 1649 ha·

379 1686 586 1751 berem
616 1710 678 1749 ».

465 1787 804 1871 Comparat
829 1789 1040 1853 autem
1066 1787 1244 1872 Lugo
1277 1806 1409 1852 rem
1433 1806 1574 1852 cum
1601 1805 1693 1863 eo,
1721 1787 1832 1868 qui
1855 1788 2122 1853 alienam
2146 1789 2566 1853 substantiam
2589 1788 2837 1854 furatus

378 1890 497 1967 sit3
532 1909 722 1972 quam
749 1890 919 1955 licite
942 1890 1280 1955 absumere
1318 1891 1524 1972 potest
1568 1890 1633 1952 in
1681 1908 1753 1953 ea
1801 1890 2289 1967 circumstantia,
2337 1892 2401 1955 in
2452 1909 2577 1973 qua
2613 1891 2734 1974 ipsi
2763 1892 2836 1955 li·

375 1995 541 2059 ceret
571 2012 708 2057 eam
741 2011 1044 2076 usurpare
1082 1992 1274 2056 etiam
1304 2010 1412 2074 per
1441 1991 1656 2056 dolum
1680 1993 1742 2055 et
1774 1992 1921 2070 vim,
1957 1992 2202 2073 quando
2234 1992 2471 2058 scilicet
2499 1993 2565 2058 id
2596 2011 2838 2058 necesse

272 2115 276 2119 ⁴
374 2096 478 2173 sit,
529 2098 602 2160 ut
648 2097 710 2161 te
760 2096 838 2160 ab
885 2096 1159 2160 extremo
1207 2093 1479 2178 periculo
1527 2094 1773 2177 eripias.
1824 2093 2359 2173 Quemadmodum
2406 2097 2617 2161 autem
2665 2096 2837 2160 extra

377 2198 911 2263 circumstantiam
935 2197 1193 2263 extremi
1223 2197 1393 2261 illius
1417 2196 1677 2279 periculi
1700 2214 1822 2261 non
1845 2198 2114 2262 cessaret
2139 2216 2293 2262 onus
2316 2197 2684 2263 restituendi
2706 2216 2838 2262 rem

378 2300 673 2377 ablatam,
701 2301 788 2365 sic
818 2301 883 2365 in
915 2319 1062 2364 casu
1093 2300 1292 2364 restat
1325 2298 1626 2383 obligatio
1652 2296 1938 2363 servandi
1971 2298 2238 2363 alterum
2259 2300 2609 2364 indemnem
2632 2299 2838 2382 quoad

380 2404 630 2483 famam,
665 2406 903 2471 scilicet
933 2405 1249 2471 occultum
1272 2402 1558 2468 servandi
1588 2403 1745 2468 illud
1784 2405 2108 2491 secretum,
2144 2405 2309 2485 quod
2333 2405 2561 2470 iniuste
2583 2404 2836 2470 novisti.

464 2507 600 2588 Qua
646 2508 864 2594 regula
914 2507 1138 2591 posita,
1178 2508 1540 2589 repetantur
1586 2524 1658 2569 ea
1705 2523 1863 2588 quae
1912 2504 1986 2569 ad
2021 2506 2360 2571 extremam
2406 2507 2839 2572 necessitatem

384 2612 535 2676 alibi
580 2612 857 2676 revocari
901 2611 1120 2686 solent,
1170 2630 1229 2673 v.
1268 2629 1362 2694 gr.
1404 2609 1748 2692 periculum
1796 2609 2112 2692 probabile
2156 2609 2507 2675 incurrendi
2550 2611 2835 2690 mortem,

389 2714 487 2778 vel
521 2713 848 2778 amittendi
876 2713 1226 2776 membrum
1255 2711 1610 2794 principale,
1645 2712 1758 2776 aut
1783 2711 2053 2793 aliquem
2085 2730 2333 2777 sensum
2359 2733 2417 2776 v.
2443 2732 2537 2797 gr.
2567 2712 2835 2789 oculum,

383 2818 495 2881 aut
539 2816 844 2881 incidendi
889 2815 952 2880 in
998 2817 1361 2897 perpetuam
1391 2813 1843 2896 captivitatem,
1879 2816 1993 2879 aut
2022 2834 2286 2898 poenam
2323 2815 2691 2892 triremium,
2727 2816 2840 2880 aut

378 2918 822 3003 gravissimum
868 2918 981 2981 aut
1009 2918 1375 3000 perpetuum
1406 2916 1715 2990 morbum,
1756 2916 1856 2979 vel
1884 2915 2227 2994 infamiam,
2264 2921 2378 2982 aut
2408 2917 2644 2999 aliquid
2676 2917 2840 2984 eius·

377 3021 547 3085 modi
592 3020 996 3104 probabiliter
1024 3019 1367 3096 immineat,
1403 3019 1517 3083 aut
1547 3018 1963 3102 prostituendi
1991 3019 2186 3084 filiam
2219 3039 2547 3086 uxoremve
2580 3022 2695 3085 etc.
2722 3018 2840 3085 Sed

380 3123 515 3188 heic
545 3142 790 3206 quoque
821 3122 1236 3206 comparanda
1273 3122 1369 3186 est
1397 3121 1677 3206 gravitas
1710 3120 1941 3200 damni,
1976 3122 2142 3204 quod
2182 3123 2383 3195 alteri,
2418 3123 2578 3189 idest
2607 3141 2732 3200 reo,
2769 3141 2841 3187 ex

375 3226 751 3291 revelatione
796 3225 1100 3291 imminet.

466 3329 892 3394 Veruntamen
939 3344 1173 3402 vereor,
1204 3328 1278 3389 ut
1323 3326 1476 3389 haec
1521 3325 1829 3390 sententia
1865 3325 1930 3390 in
1960 3325 2333 3389 sententiam
2364 3324 2563 3390 Lessii
2597 3326 2722 3392 fere
2753 3347 2843 3392 re·

382 3430 566 3494 cidat.
608 3430 825 3507 CaSUS,
875 3446 1032 3510 quos
1078 3447 1127 3491 s.
1162 3427 1519 3509 Alphonsus
1564 3447 1623 3491 n.
1660 3427 1811 3490 969.
1861 3427 2200 3501 enumerat,
2249 3426 2312 3488 in
2360 3426 2585 3507 quibus
2628 3426 2843 3493 liceret

384 3530 573 3594 etiam
621 3551 727 3614 per
774 3531 902 3595 vim
949 3530 1014 3594 et
1056 3529 1336 3594 fraudem
1387 3529 1621 3611 aperire
1666 3528 1933 3603 litterae,
1966 3529 2113 3591 sunt
2148 3527 2212 3590 10
2251 3528 2304 3590 si
2349 3527 2648 3592 revelatio
2681 3531 2845 3595 esset

384 3636 724 3699 necessaria
771 3635 850 3699 ad
896 3636 1127 3701 bonum
1173 3632 1575 3716 reipublicae:
1616 3632 1686 3695 2⁰
1717 3631 1772 3696 si
1819 3631 1978 3696 alter
2015 3631 2326 3695 teneretur
2364 3649 2435 3695 ex
2471 3631 2717 3695 iustitia
2753 3651 2843 3696 re-

385 3735 590 3799 velare
624 3736 700 3800 ad
738 3736 1035 3801 damnum
1072 3738 1257 3801 tuum
1302 3730 1746 3818 reparandum:
1783 3733 1853 3796 3⁰
1884 3734 1937 3798 si
1978 3733 2141 3798 alius
2187 3732 2416 3797 iniuste
2462 3734 2524 3797 te
2570 3734 2840 3798 vexaret.

386 3835 609 3902 Subdit
655 3859 702 3904 s.
742 3839 1127 3923 Alphonsus:
1167 3863 1204 3899 ‹
1235 3839 1410 3904 Alias
1441 3856 1563 3902 non
1608 3837 1756 3901 licet
1785 3837 1903 3901 tibi
1935 3836 2167 3901 alienas
2213 3836 2458 3900 litteras
2498 3836 2732 3919 aperire
2765 3835 2844 3902 ad

385 3941 618 4005 bonum
654 3944 837 4007 tuum
883 3942 1337 4025 procurandum
1368 3941 1468 4005 vel
1499 3939 1578 4004 ad
1606 3940 1846 4003 malum
1886 3939 2137 4021 aliquod
2167 3939 2515 4018 vitandum,
2547 3939 2697 4021 quia
2726 3940 2845 4006 hoc

384 4048 547 4109 esset
584 4045 799 4109 contra
831 4063 1156 4111 commune
1191 4045 1425 4109 bonum
1447 4042 1705 4107 humani
1736 4041 2120 4116 commercii3
2148 4042 2400 4106 tantum
2423 4042 2587 4106 enim
2618 4040 2683 4106 id
2713 4061 2845 4124 per-

385 4147 650 4211 mittunt
685 4147 819 4212 AA.
861 4146 939 4211 ad
970 4165 1035 4211 se
1082 4147 1381 4212 tuendum
1428 4146 1506 4210 ab
1542 4145 1776 4210 iniusta
1822 4144 2146 4209 vexatione
2192 4144 2427 4209 inimici
2466 4146 2539 4210 ut
2569 4143 2841 4225 LessiuS,

385 4249 727 4334 Laymann,
764 4249 1100 4325 Bonacina,
1134 4250 1197 4313 et
1244 4249 1353 4313 alii
1399 4247 1810 4313 communiter
1840 4272 1902 4311 ».
1937 4245 2055 4312 Sed
2101 4247 2381 4312 doctrina
2413 4246 2590 4330 Lugo
2640 4248 2844 4332 magis

382 4354 478 4417 est
509 4351 765 4417 definita
797 4355 860 4418 et
890 4351 1101 4416 innixa
1130 4351 1381 4427 rationi,
1416 4370 1575 4433 quae
1606 4350 1901 4435 ambages
1934 4369 2145 4415 omnes
2177 4352 2474 4414 removet.

474 4450 685 4525 1⁰84.
721 4455 878 4521 Heic
909 4457 1122 4519 autem
1159 4453 1546 4518 subnectitur
1575 4454 1860 4535 quaestio
1884 4452 1959 4518 de
1991 4454 2223 4517 secreto
2257 4452 2580 4531 servando,
2606 4453 2659 4518 si
2683 4453 2843 4518 circa

294 4593 298 4597 -
384 4556 696 4622 occultum
743 4558 974 4623 crimen
1022 4557 1134 4623 aut
1179 4555 1370 4621 etiam
1416 4556 1577 4620 circa
1625 4555 1876 4637 aliquod
1923 4555 2246 4640 negotium
2292 4556 2430 4640 lege
2476 4556 2695 4621 secreti
2742 4555 2844 4620 ob-
