3497 5147
692 338 801 392 274
909 349 1121 389 Tssacr.
1151 350 1229 389 vr.
1259 348 1423 388 31101.
1450 348 1490 386 1.
1518 347 1603 386 mn
1629 346 1822 388 numo
1853 346 2071 388 PnAnc.
2105 345 2436 388 Dmcnnool.
2460 345 2594 387 car.
2623 345 2687 385 11.
2713 345 2856 386 non.
2882 344 2920 382 1.
3022 330 3165 398 [371]

693 450 758 513 et
788 449 853 512 in
891 445 1196 511 occultam
1226 463 1335 508 seu
1382 442 1764 519 insidiosam,
1805 443 1972 506 sicut
2017 442 2338 507 Pharisaei
2384 444 2447 506 et
2495 440 2742 506 Scribae
2790 442 2933 524 plus
2981 442 3170 505 semel

694 548 1014 614 Christum
1047 547 1386 611 Dominum
1433 546 1759 609 tentarunt
1790 547 1851 608 et
1899 545 2100 609 verbis
2133 547 2195 608 et
2226 544 2435 608 factis:
2472 564 2528 608 v.
2564 565 2658 628 gr.
2699 543 3165 627 interrogandO,

694 651 861 733 quod
907 649 1274 713 mandatum
1322 648 1484 711 esset
1529 645 1873 710 maximum
1921 647 1983 709 in
2030 647 2166 730 lege
2201 673 2283 702 =
2317 646 2415 711 vel
2451 673 2532 702 =
2568 665 2644 708 an
2678 645 2893 709 liceret
2925 645 3166 709 tributa

693 752 843 817 dare
882 750 1132 815 Caesari
1168 777 1248 805 =
1284 749 1381 813 vel
1415 776 1496 804 =
1531 768 1673 812 curn
1705 748 2094 813 adduxerunt
2132 749 2499 813 adulteram.

786 851 940 924 371.
976 850 1379 917 Communior
1416 854 1479 914 et
1528 850 1600 914 ad
1636 870 1823 915 usum
1869 851 2182 915 conferens
2230 853 2324 915 est
2371 852 2498 915 alia
2542 850 2883 926 distincti0‚
2923 855 2998 915 ut
3038 851 3160 915 alia

692 956 777 1020 sit
807 954 1076 1019 tentatio
1112 951 1403 1032 formalis
1431 971 1542 1016 seu
1586 972 1902 1032 expressa,
1937 952 2061 1016 alia
2109 956 2320 1017 autem
2365 952 2661 1017 virtualis
2705 973 2815 1017 seu
2860 955 3160 1035 interpre-

695 1058 911 1133 tativa,
960 1057 1034 1120 de
1079 1056 1305 1138 quibus
1336 1057 1411 1119 A.

785 1160 967 1223 Prior
997 1179 1067 1222 ex
1100 1178 1148 1222 s.
1185 1158 1425 1221 Thema
1465 1159 1524 1220 2.
1562 1159 1620 1220 2.
1648 1177 1706 1239 q.
1744 1158 1850 1220 97.
1885 1160 2003 1221 art.
2042 1158 2100 1220 1.
2127 1156 2250 1222 duo
2283 1157 2564 1235 includit,
2603 1158 2670 1220 1⁰
2701 1158 3156 1224 dubitationem

690 1261 763 1326 de
796 1280 887 1337 eo,
921 1261 1083 1343 quod
1127 1261 1267 1342 quis
1304 1279 1411 1342 per
1449 1260 1936 1342 experimentum
1983 1260 2121 1323 vult
2153 1260 2504 1342 explorare;
2549 1262 2616 1323 2⁰
2648 1260 2886 1326 dictum
2930 1262 3032 1325 vel
3068 1260 3156 1325 fa»

694 1366 884 1440 ctum,
919 1364 1085 1446 quod
1132 1382 1201 1428 00
1251 1363 1457 1426 01111110
1497 1364 1785 1445 ponatur,
1827 1364 1899 1425 111
1945 1365 2231 1426 sumatur
2276 1361 2512 1427 dictum
2561 1364 3069 1446 experimentum.

783 1467 997 1530 Altera
1037 1466 1123 1529 sic
1156 1485 1192 1529 a
1225 1484 1273 1528 s.
1302 1464 1542 1528 Thoma
1588 1463 1915 1547 exponitur
1962 1465 2002 1526 l.
2037 1484 2111 1527 c.:
2152 1489 2188 1522 «
2220 1463 2411 1543 Quasi
2446 1465 2918 1547 interpretative
2958 1467 3158 1531 Deum

692 1571 916 1646 tentat,
968 1569 1077 1651 qui
1123 1568 1240 1631 etsi
1286 1585 1408 1631 non
1455 1566 1724 1630 intendit
1770 1566 2256 1648 experimentum
2301 1567 2374 1630 de
2422 1568 2551 1631 Deo
2608 1588 2868 1644 sumere,
2921 1568 3160 1650 aliquid

697 1674 904 1736 tamen
943 1672 1101 1755 petit
1132 1671 1230 1733 vel
1268 1669 1437 1744 facit,
1464 1668 1631 1750 quod
1663 1668 1739 1732 ad
1772 1668 1928 1732 nihil
1961 1668 2130 1732 aliud
2176 1668 2333 1733 utile
2370 1672 2483 1745 est,
2511 1670 2630 1733 nisi
2663 1670 2741 1734 ad
2773 1670 3159 1753 probandam

695 1776 811 1839 Dei
857 1775 1233 1857 potestatem
1281 1772 1377 1835 vel
1425 1771 1772 1835 bonitatem
1818 1770 1916 1834 vel
1963 1770 2380 1855 cognitionem
2412 1796 2473 1833 ».

782 1877 1020 1939 Verum
1064 1875 1214 1938 haec
1258 1873 1540 1957 indigent
1584 1873 1871 1937 ulteriori
1916 1873 2341 1955 explicatione.

780 1978 861 2039 Et
901 1975 1104 2057 quoad
1143 1994 1520 2053 expressam,
1560 1974 1904 2055 exploratio
1937 1975 2069 2037 fieri
2103 1977 2310 2057 potest
2341 1975 2694 2058 dupliciter:
2735 1976 2801 2039 1⁰
2825 1976 2903 2041 ad
2935 1996 3161 2061 cogno-

694 2078 946 2143 scendas
977 2076 1399 2159 perfectiones,
1434 2094 1593 2156 quae
1640 2075 2004 2139 intrinsecae
2038 2077 2168 2140 Deo
2216 2078 2363 2140 sunt
2408 2096 2480 2140 ac
2524 2078 2923 2155 necessariae,
2957 2080 3158 2143 cuius-

693 2181 862 2246 modi
895 2181 1061 2254 sunt,
1103 2197 1257 2260 quas
1306 2178 1543 2241 Auctor
1589 2180 1923 2241 memorat:
1967 2179 2035 2241 2⁰
2068 2179 2144 2242 ad
2190 2180 2643 2263 cognoscendas
2691 2181 2996 2263 quasdam
3042 2183 3157 2246 Dei

697 2284 1083 2367 operationes
1132 2283 1245 2345 aut
1309 2281 1565 2345 affectus
1613 2282 1726 2344 aut
1787 2281 2131 2345 locutiones
2177 2281 2256 2346 ad
2310 2284 2501 2359 extra,
2550 2302 2709 2364 quae
2767 2285 3075 2366 pendeant
3122 2305 3157 2349 a

690 2387 885 2449 libera
911 2385 1026 2449 Dei
1056 2384 1400 2448 voluntate.
1428 2383 1606 2448 Prior
1638 2383 2001 2465 simpliciter
2039 2384 2389 2465 appellatur
2423 2387 2682 2448 tentatio
2703 2384 2834 2450 Dei
2843 2407 2868 2463 ,·
2891 2388 3158 2452 alteram

692 2489 894 2571 placet
940 2486 1230 2551 Suarezio
1279 2485 1587 2568 appellare
1637 2486 2038 2548 tentationem
2081 2484 2423 2550 voluntatis
2466 2507 2577 2549 sen
2619 2488 2934 2551 actionum
2981 2489 3159 2554 Dei:

689 2590 853 2674 quod
902 2590 1149 2671 quidem
1196 2587 1522 2650 discrimen
1571 2587 1916 2651 videbimus
1950 2606 2070 2652 11011
2110 2608 2240 2666 0330
2286 2588 2440 2652 levis
2488 2591 2789 2654 momenti
2820 2591 2940 2674 (Ex
2978 2589 3158 2656 Suar.

690 2693 792 2759 De
823 2693 997 2755 vitiis·
1042 2694 1238 2754 contr.
1277 2689 1489 2770 Reliy.
1529 2690 1637 2754 lib.
1677 2691 1734 2754 1.
1770 2711 1820 2755 c.
1859 2693 1916 2754 2.
1953 2712 2010 2755 n.
2047 2693 2158 2774 3.).
2199 2691 2495 2775 Exempla
2530 2697 2741 2758 autem
2777 2695 2853 2758 ab
2885 2696 3160 2760 Auctore

692 2798 887 2862 allata
940 2794 1269 2878 pertinent,
1319 2793 1590 2877 primum
1645 2793 1894 2876 quidem
1949 2795 2136 2872 1111113,
2186 2796 2294 2876 qui
2339 2795 2632 2861 dubitans
2679 2797 2753 2863 de
2815 2798 2933 2862 fide
2998 2799 3159 2881 petit

690 2898 1064 2962 miraculum
1112 2896 1188 2960 ad
1236 2895 1790 2968 confirmationem,
1823 2917 1880 2960 v.
1929 2917 2022 2980 gr.
2058 2917 2135 2961 an
2183 2916 2328 2961 vera
2375 2898 2459 2962 sit
2505 2898 2777 2964 Ecclesia
2824 2901 3154 2977 catholica,

689 3001 768 3066 ad
811 3001 1083 3084 primum
1130 2998 1414 3063 modum:
1455 2998 1790 3062 secundum
1840 3001 2050 3062 autem
2094 2999 2285 3076 illius,
2334 3000 2443 3081 qui
2489 3002 2887 3085 praecipitem
2933 3022 3002 3068 se
3046 3005 3158 3069 dat

688 3123 723 3168 a
773 3103 952 3181 turri,
1002 3104 1075 3165 ut
1120 3101 1471 3184 experiatur
1533 3119 1609 3163 an
1657 3101 1824 3163 Deus
1872 3100 1955 3163 sit
2010 3101 2377 3179 111130110013,
2428 3105 2524 3168 031
2570 3104 2958 3188 ambiguum,
3008 3125 3149 3169 cum

684 3206 896 3269 referri
960 3223 1150 3287 aeque
1206 3205 1405 3287 possit
1452 3203 1547 3266 vel
1612 3203 1689 3265 ad
1734 3202 2172 3284 perfectionem
2217 3205 2333 3269 Dei
2394 3205 2460 3270 in
2515 3225 2580 3271 se
2627 3209 2994 3289 spectatam,
3054 3209 3147 3273 vel

686 3309 896 3391 potius
921 3306 997 3370 ad
1024 3307 1309 3370 affectum
1336 3307 1465 3369 Deo
1491 3305 1756 3369 liberum
1782 3324 1927 3388 erga
1954 3306 2147 3370 talem
2180 3307 2513 3372 hominem.
2537 3308 2905 3392 Exemplum
2937 3314 3150 3376 autem

682 3410 869 3494 primi
899 3407 1066 3473 modi
1099 3408 1286 3471 habes
1325 3407 1387 3470 in
1423 3406 1624 3470 verbis
1657 3406 1892 3469 Psalmi
1923 3407 2240 3472 LXXVII.
2272 3410 2373 3473 19.
2403 3411 2530 3474 20.:
2557 3411 2892 3492 Numquid
2915 3415 3155 3492 poterit

685 3512 866 3578 Deus
899 3531 1139 3591 parare
1186 3529 1463 3572 mensam
1499 3509 1569 3572 in
1614 3507 1856 3572 deserto
1873 3509 1908 3570 ,9
1948 3511 2259 3590 Quoniam
2291 3515 2611 3590 percussit
2639 3518 2892 3594 petram
2939 3520 3004 3578 et
3036 3515 3151 3596 flu-

683 3620 917 3679 xerunt
957 3633 1156 3694 aquae
1203 3614 1265 3674 et
1310 3613 1615 3675 torrentes
1668 3611 2156 3689 inundaverunt,
2209 3613 2502 3694 nunquid
2543 3618 2605 3678 et
2632 3635 2869 3695 panem
2912 3619 3156 3696 poterit

686 3716 837 3781 dare
883 3719 999 3779 aut
1030 3735 1268 3794 parare
1314 3734 1590 3778 mensam
1628 3713 1859 3794 populo
1905 3735 2017 3779 suo
2035 3715 2070 3777 ,9

769 3819 1097 3881 Praeterea
1134 3836 1254 3881 non
1304 3837 1542 3899 semper
1573 3837 1868 3895 eoepressa
1910 3818 2175 3881 tentatio
2214 3819 2537 3900 procedere
2575 3820 2821 3887 videtur
2866 3842 2940 3887 ex
2979 3824 3155 3888 dubi·

684 3922 939 3985 tatione.
980 3919 1143 3982 Nam
1190 3921 1338 3984 licet
1369 3920 1595 3999 aliquis
1642 3921 1846 3982 certus
1895 3920 1996 3994 sit,
2032 3921 2239 4000 potest
2269 3923 2426 3987 velle
2473 3924 2604 3989 fieri
2650 3925 2877 3989 certior
2908 3927 3042 3992 sive
3074 3927 3150 3992 ad

683 4023 1067 4107 expellendas
1115 4022 1357 4085 facilius
1408 4021 1803 4090 tentationes,
1839 4021 1966 4083 sive
2012 4039 2083 4083 ex
2130 4041 2290 4086 vana
2335 4026 2576 4090 ratione
2623 4046 2730 4092 seu
2763 4029 3149 4096 curiositate.

682 4127 840 4193 Sane
885 4126 1203 4191 Abraham
1265 4122 1418 4186 Gen.
1468 4121 1606 4184 XV.
1659 4121 1765 4184 8.:
1817 4121 1973 4184 dixit
2018 4121 2092 4186 de
2139 4126 2305 4190 terra
2352 4146 2389 4190 a
2437 4129 2566 4193 Deo
2615 4129 2734 4193 sibi
2796 4132 3146 4213 promissa:

682 4257 717 4288 «
782 4228 957 4293 Unde
1016 4227 1177 4291 scire
1228 4243 1505 4303 possum,
1570 4222 1738 4303 quod
1783 4243 2194 4302 possessurus
2253 4227 2373 4291 sim
2420 4249 2556 4293 eam
2578 4230 2615 4292 ,9
2662 4256 2698 4290 »
2750 4231 2834 4297 Et
2898 4232 3151 4299 Gedeon

679 4330 871 4394 Iudic.
906 4329 1017 4391 VI.
1069 4328 1174 4389 39.
1222 4325 1368 4388 licet
1414 4326 1547 4389 Deo
1595 4326 1894 4390 revelanti
1943 4327 2317 4406 credidisset,
2367 4331 2590 4413 petivit
2639 4334 2847 4398 tamen
2896 4334 3147 4419 signum

678 4431 942 4508 velleris,
978 4429 1165 4512 quod,
1199 4432 1510 4493 arescente
1556 4428 1950 4494 circumcirca
1998 4423 2183 4509 terra,
2219 4432 2535 4497 madidum
2584 4434 2744 4499 foret-
2792 4455 2992 4518 neque
3033 4438 3148 4503 hoc

678 4533 961 4620 prodigio
994 4534 1321 4599 contentus
1356 4532 1578 4614 petivit
1609 4532 1780 4596 aliud
1814 4533 2185 4617 prodigium,
2212 4536 2287 4598 ut
2317 4554 2533 4617 nempe
2559 4536 2948 4603 madescente
2983 4541 3146 4605 terra

673 4639 874 4704 vellus
920 4638 1149 4702 siccum
1197 4638 1374 4701 esset.
