3497 5147
369 334 477 412 [11]
847 346 997 394 Qum
1034 347 1121 388 on
1157 344 1428 393 nummis
1464 343 1843 387 unomsama
1882 346 1959 385 m*
1997 346 2354 388 runcano
2798 334 2834 388 9

370 449 517 513 actu
564 446 727 511 fidei.
776 445 921 511 Dixi
963 444 1317 520 iustificari;
1359 444 1506 527 quia
1553 445 1607 509 si
1652 445 1923 527 ponatur
1970 445 2196 527 aliquis
2233 465 2383 529 puer
2427 446 2658 510 habens
2703 446 2832 511 iam

370 550 661 615 habitum
688 548 930 633 gratiae
962 548 1026 612 in
1058 547 1370 631 baptismo
1402 547 1690 629 suscepto
1739 548 1802 611 et
1849 546 1956 628 qui
2002 549 2337 629 postquam
2385 546 2462 611 ad
2508 566 2694 612 usum
2739 567 2834 612 ra-

372 652 559 717 tionis
590 651 779 727 venit‚
819 650 1039 715 statim
1068 650 1336 715 moritur
1365 649 1596 731 absque
1642 668 1711 713 eo
1761 648 1925 730 quod
1965 649 2253 715 habuerit
2285 650 2664 717 occasionem
2710 670 2832 715 cre-

369 753 549 819 dendi
581 754 681 817 vel
710 752 996 837 negandi,
1029 752 1157 817 imo
1189 770 1299 816 nec
1335 749 1651 835 cogitandi
1682 749 1757 815 de
1788 751 1969 815 rebus
2002 751 2178 816 fidei:
2214 771 2337 817 non
2362 752 2537 816 video
2572 772 2681 816 cur
2711 753 2829 817 iste

370 875 492 921 non
523 856 801 921 salvetur
836 854 968 919 sine
998 856 1144 920 actu
1189 853 1363 930 fidei3
1396 872 1543 917 nam
1589 853 1736 917 licet
1782 854 2091 918 moriatur
2137 853 2412 931 adultus,
2448 874 2570 920 non
2617 857 2828 920 tamen

370 957 490 1021 fuit
536 956 809 1031 adultus,
859 955 1039 1038 quasi
1084 955 1451 1032 formaliter,
1502 954 1563 1018 in
1612 955 1721 1018 illa
1769 956 2051 1031 materia,
2093 975 2234 1020 cum
2280 957 2440 1021 circa
2489 976 2627 1021 eam
2675 977 2826 1021 nun-

368 1079 553 1142 quam
600 1061 674 1124 ut
720 1058 973 1124 adultus
1012 1058 1299 1123 habuerit
1345 1058 1727 1122 occasionem
1786 1057 2096 1141 operandi,
2147 1058 2312 1141 quod
2358 1058 2521 1124 idem
2579 1060 2828 1124 notavit

366 1165 592 1231 Suarez
631 1190 694 1231 ».

454 1269 694 1333 Rursus
724 1267 929 1332 Diana
964 1268 1030 1332 et
1064 1285 1114 1331 s.
1153 1266 1510 1350 Alphonsus
1546 1267 1613 1331 ll.
1655 1287 1739 1332 cc.
1775 1271 2124 1333 memorant
2171 1270 2521 1353 opinionem
2553 1269 2823 1335 Sanchez

363 1368 582 1435 Decal.
616 1370 725 1434 lib.
762 1371 823 1433 2.
858 1388 990 1452 cap.
1025 1370 1087 1432 3.
1126 1388 1187 1432 n.
1227 1369 1351 1447 18„
1387 1369 1551 1451 quod
1581 1369 1764 1434 rudes
1803 1370 2040 1435 dicendi
2088 1372 2217 1437 sint
2247 1373 2530 1455 explicite
2561 1373 2824 1447 credere,

365 1471 610 1538 etiamsi
655 1470 1075 1536 substantiam
1121 1470 1529 1536 articulorum
1575 1472 1883 1555 percipere
1930 1475 2256 1555 nequeant.
2307 1472 2465 1553 Quia
2514 1473 2681 1538 aliud
2732 1476 2826 1539 est

363 1577 540 1649 scire,
581 1574 752 1640 aliud
782 1572 1050 1638 eredere.
1084 1573 1320 1638 Verum
1350 1571 1619 1639 Sanchez
1651 1594 1759 1657 per
1796 1576 1861 1639 to
1894 1576 2055 1638 scire
2087 1575 2388 1660 intelligit
2418 1576 2511 1640 ita
2541 1577 2826 1659 explicite

364 1678 534 1757 seim,
583 1680 657 1741 ut
698 1676 843 1758 quis
886 1676 1313 1757 interroyatus
1348 1676 1511 1739 sciat
1543 1677 1852 1739 rationem
1897 1676 2173 1740 reddere.
2224 1676 2427 1757 Quare
2471 1695 2594 1742 non
2639 1679 2827 1743 habet

363 1782 537 1845 illam
584 1781 883 1845 absonam
926 1778 1245 1845 notionem
1277 1777 1440 1859 quod
1479 1779 1618 1859 quis
1650 1779 1935 1862 explicite
1966 1779 2195 1856 credat,
2230 1780 2361 1845 sine
2392 1782 2692 1863 conceptu
2736 1782 2826 1847 rei

366 1882 716 1947 credendae.

458 1982 534 2055 11.
570 1985 788 2051 Monet
821 2004 869 2050 e.
902 1985 1261 2069 Alphonsus
1292 1984 1400 2048 lib.
1428 1985 1486 2048 2.
1508 2005 1568 2049 n.
1604 1986 1663 2048 2.
1692 1984 1811 2049 sibi
1835 2004 1957 2050 non
1985 1984 2269 2065 arridere,
2297 1984 2461 2067 quod
2487 1985 2641 2050 dixit
2660 1986 2822 2053 Viva

362 2087 427 2152 in
457 2105 632 2170 prop.
669 2086 774 2151 64.
808 2086 1153 2152 Innocentii
1184 2086 1295 2150 XI.
1320 2107 1381 2151 n.
1413 2088 1515 2151 10.
1549 2088 1693 2170 post
1717 2087 1894 2161 alios,
1921 2087 2157 2152 scilicet
2187 2106 2330 2152 cum
2367 2087 2452 2151 sit
2483 2088 2817 2170 probabile,

358 2192 715 2278 ignorantes
748 2192 1049 2277 mysteria
1086 2191 1415 2256 Trinitatis
1447 2191 1511 2255 et
1539 2192 1992 2257 Incarnationis
2017 2192 2220 2257 valide
2251 2191 2512 2264 absolvi,
2534 2191 2672 2256 ideo
2696 2211 2819 2257 non

356 2294 717 2378 repetendas
748 2293 1160 2359 confessiones
1193 2292 1641 2376 praecedentes,
1682 2312 1842 2375 quae
1874 2293 2277 2376 probabiliter
2309 2292 2551 2358 validae
2588 2294 2820 2359 censeri

358 2396 615 2480 possint.

443 2498 715 2583 Reponit
735 2514 785 2562 s.
810 2497 1186 2582 Alphonsus,
1206 2497 1391 2580 quod,
1416 2522 1452 2557 ‹
1467 2497 1755 2580 quamvis
1779 2497 2096 2580 poenitens
2121 2496 2522 2579 probabiliter
2547 2498 2817 2562 validam

358 2603 801 2668 confessionem
846 2601 1202 2684 expleverit,
1250 2600 1342 2666 ita
1390 2601 1463 2665 ut
1509 2599 1796 2665 videatur
1842 2598 1981 2665 dein
2028 2599 2338 2682 possidere
2386 2601 2690 2683 exemptio
2740 2602 2818 2665 ab

360 2704 639 2770 iteranda
685 2702 1161 2784 confessione...;
1210 2704 1489 2767 attamen
1534 2705 1818 2785 respectu
1867 2703 1943 2767 ad
1990 2722 2152 2781 eum,
2187 2702 2297 2784 qui
2326 2703 2603 2787 graviter
2647 2705 2815 2768 certo

358 2807 652 2890 peccavit,
684 2824 925 2889 semper
953 2807 1140 2889 urget
1176 2824 1248 2871 ac
1293 2804 1566 2887 possidet
1612 2805 2040 2870 antecedenter
2077 2805 2379 2890 obligatio
2412 2805 2651 2871 facendi
2679 2825 2818 2871 con-

356 2908 681 2974 fessionem
712 2926 835 2974 non
868 2908 1117 2973 tantum
1142 2907 1546 2990 probabiliter
1568 2907 1676 2972 sed
1698 2909 1867 2974 certo
1893 2907 2163 2971 validam
2185 2931 2200 2984 ;
2234 2907 2383 2989 quia
2407 2907 2814 2974 confessiones

358 3010 782 3094 praecedentes
813 3011 962 3075 sunt
992 3008 1248 3074 etiam...
1290 3009 1693 3092 probabiliter
1727 3009 1934 3073 nullae
1967 3035 2027 3073 ».

441 3111 559 3178 Sed
589 3113 742 3177 haec
771 3130 893 3177 non
931 3111 1219 3177 videntur
1254 3112 1579 3177 cohaerere
1623 3131 1766 3178 cum
1812 3111 2113 3190 doctrina,
2146 3130 2335 3193 quam
2373 3132 2422 3177 s.
2456 3112 2812 3196 Alphonsus

356 3215 505 3280 alibi
533 3214 732 3281 tradit
762 3213 836 3278 dc
867 3213 1120 3278 Pocnit.
1154 3214 1262 3278 lib.
1298 3215 1357 3277 6.
1384 3235 1444 3279 n.
1474 3215 1645 3291 505„
1680 3234 1803 3280 non
1837 3232 2015 3297 posse
2053 3215 2289 3298 imponi
2313 3235 2468 3281 onus
2498 3217 2812 3299 repetendi

356 3318 819 3395 confessionem,
841 3317 963 3382 nisi
983 3319 1149 3382 certo
1174 3317 1473 3400 probetur
1505 3317 1698 3381 nulla.
1731 3342 1766 3375 «
1785 3315 2031 3394 Sedulo,
2060 3318 2169 3394 ait,
2198 3317 2661 3397 advertendum,
2689 3338 2811 3384 non

353 3440 483 3486 esse
528 3420 835 3505 cogendos
880 3419 1263 3502 poenitentes
1309 3419 1386 3483 ad
1432 3418 1793 3501 repetendas
1847 3419 2275 3497 confessioneS‚
2324 3421 2447 3485 nisi
2490 3421 2812 3486 moraliter

352 3525 518 3589 certo
565 3523 807 3588 constet
852 3539 954 3586 eas
1002 3520 1193 3587 fuisse.
1236 3520 1561 3598 invalidas,
1597 3522 1671 3585 ut
1715 3523 1880 3586 recte
1926 3521 2141 3586 dicunt
2186 3520 2371 3587 Croix
2417 3524 2530 3588 etc.
2566 3548 2628 3585 ».
2804 3598 2808 3601 ‚

440 3624 684 3691 Notant
727 3622 979 3689 tandem
1016 3624 1194 3709 Lugo
1226 3623 1301 3687 de
1336 3622 1500 3687 Fide
1537 3623 1693 3707 disp.
1733 3625 1834 3688 12.
1876 3645 1936 3688 n.
1979 3626 2082 3688 51.
2119 3627 2183 3690 et
2213 3623 2493 3709 Struggl.
2527 3627 2711 3690 tract.
2745 3627 2809 3690 4.

358 3747 418 3809 q.
451 3729 508 3790 1.
547 3748 607 3793 n.
643 3728 772 3804 22„
811 3745 845 3791 e
891 3725 1197 3791 sententia
1243 3726 1368 3790 ista
1414 3726 1723 3791 asserente
1769 3726 2202 3791 necessitatem
2249 3727 2442 3792 solius
2489 3728 2812 3811 explicitae

360 3829 500 3894 fidei
514 3831 575 3894 in
594 3831 796 3896 Deum
820 3829 1214 3896 exsistentem
1240 3830 1303 3896 et
1326 3828 1874 3906 remuneratorem,
1890 3846 2068 3911 posse
2087 3829 2319 3894 salvari
2335 3830 2527 3896 etiam
2551 3831 2812 3898 Iudaeos

354 3933 421 3997 et
456 3931 963 4010 MahumedanoS‚
998 3931 1106 4014 qui
1138 3931 1263 3996 sint
1308 3932 1371 3996 in
1403 3949 1607 3996 errore
1653 3931 1968 3996 materiali
2000 3934 2063 3996 et
2093 3932 2476 4016 inculpabili.
2511 3933 2675 3998 Nam
2706 3935 2814 3998 isti

353 4053 474 4100 non
505 4036 714 4099 carent
745 4033 976 4099 notitia
1010 4033 1198 4100 unius
1244 4034 1360 4098 Dei
1405 4033 1908 4112 remuneratoris,
1950 4053 2141 4116 quam
2189 4035 2438 4116 utrique
2475 4035 2707 4100 habent
2743 4053 2814 4100 ex

351 4137 724 4204 revelatione
752 4136 1047 4201 mosaica.
1079 4135 1421 4204 Accedente
1453 4154 1601 4220 ergo
1633 4135 1918 4200 interiori
1939 4137 2147 4220 gratia
2192 4136 2423 4200 habent
2455 4136 2620 4217 quod
2658 4137 2812 4202 satis

354 4241 436 4306 sit
481 4241 559 4306 ad
605 4259 746 4306 eam
791 4238 994 4317 fidem,
1041 4255 1165 4320 qua
1204 4237 1451 4321 perduci
1500 4238 1740 4320 possint
1787 4238 1864 4302 ad
1911 4238 2291 4321 baptismum
2339 4238 2626 4306 flaminis.

436 4341 605 4408 Nota
636 4343 868 4419 tamen,
900 4353 950 4404 s.
985 4338 1052 4404 G.
1086 4359 1136 4405 s.
1169 4339 1243 4405 O.
1277 4341 1417 4422 plus
1454 4341 1586 4405 vioe
1617 4340 1886 4423 simplici
1931 4340 2271 4408 declarasse
2318 4359 2440 4405 non
2487 4341 2668 4405 licere
2699 4341 2809 4405 ba·-

351 4443 649 4525 ptismum
695 4441 966 4508 conferre
1008 4441 1464 4509 mahumedano
1499 4441 1715 4508 adulto
1754 4442 2099 4508 constituto
2147 4443 2212 4507 in
2259 4441 2522 4508 articulo
2561 4442 2801 4518 mortiS‚

348 4546 457 4628 qui
500 4547 565 4611 in
609 4545 742 4610 suis
779 4544 1087 4614 erroribus
1125 4544 1497 4626 supponitur
1544 4546 1607 4609 in
1654 4545 1818 4610 bona
1864 4544 2002 4621 fide,
2052 4546 2116 4609 et
2159 4544 2429 4626 quidem,
2477 4544 2531 4608 si
2577 4542 2804 4605 habeat
