3497 5147
792 319 900 374 484
936 332 1149 374 111551.
1170 333 1251 374 vr.
1278 329 1439 374 85151.
1460 330 1525 370 11.
1556 330 1641 370 nn
1660 329 1939 372 anonimo
1957 329 2174 370 ruane.
2193 328 2522 372 omanem.
2547 329 2674 372 (11111.
2693 330 2776 370 111.
2801 329 2926 372 nun.
2953 332 3021 373 1v.
3051 316 3168 393 [628]

882 425 1054 499 628.
1104 429 1248 492 Dixi
1291 428 1575 512 regulam
1621 446 1743 492 non
1791 446 1921 492 esse
1970 426 2303 491 admodum
2350 427 2604 492 claram.
2647 426 2724 490 Et
2758 444 2891 491 sane
2912 446 3033 491 cum
3060 428 3168 492 tota

795 531 1095 615 obligatio
1165 532 1229 594 et
1286 530 1448 594 ratio
1513 529 1913 613 obligationis
1969 528 2234 611 pendeat
2278 529 2356 593 ab
2420 529 2757 594 intentione
2804 528 3049 594 voventis
3087 530 3168 610 (cf.

792 653 852 697 11.
889 632 1037 696 626.
1044 634 1090 715 ),
1123 633 1264 697 111115
1310 631 1576 695 maxime
1622 630 1883 714 petenda
1915 633 2009 695 est
2045 631 2344 696 resolutio
2391 631 2787 714 quaestionis.
2823 631 2899 694 Et
2925 631 2972 695 81
3008 651 3057 695 v.
3096 652 3167 715 gr.

793 735 931 818 quis
978 737 1221 812 voveat,
1270 733 1516 798 nullum
1562 732 1725 797 diem
1770 752 1834 797 85
1881 752 2212 816 passurum
2257 733 2420 798 elabi
2464 733 2594 798 sine
2627 751 2800 818 opere
2833 732 3015 814 aliquo
3054 733 3174 796 cari·

793 838 944 901 tatis
982 857 1089 920 per
1120 835 1593 920 eleemosynam
1617 835 1766 900 licet
1797 838 2016 901 votum
2053 835 2139 900 sit
2166 836 2350 913 reale,
2388 834 2686 902 materiae
2714 853 2831 900 non
2864 834 3172 899 coalescunt.

793 936 1027 1004 Contra
1058 939 1112 1002 si
1148 938 1287 1021 quis
1328 937 1403 1001 ad
1441 937 1641 1001 carnis
1688 931 2060 1002 domandam
2107 937 2478 1021 superbiam,
2525 937 2787 1022 8111911115
2843 935 3174 1001 hebdomadis

793 1044 961 1105 certa
992 1040 1297 1123 quaedam
1342 1039 1573 1104 ieiunia
1619 1039 1814 1122 (quod
1860 1040 1955 1103 est
1984 1040 2204 1105 votum
2233 1039 2583 1124 personale)
2628 1041 2865 1116 voveat,
2901 1039 3031 1102 haec
3067 1055 3172 1102 coa-

791 1145 1017 1209 lescere
1063 1143 1460 1208 videbuntur.

885 1247 1111 1312 Suarez
1157 1244 1231 1310 de
1280 1245 1411 1310 Vot.
1450 1245 1558 1309 lib.
1601 1248 1659 1309 5.
1701 1265 1833 1328 cap.
1876 1247 1936 1309 5.
1969 1265 2029 1309 n.
2067 1246 2170 1309 11.
2205 1245 2437 1329 duplici
2481 1245 2667 1311 modo
2715 1244 3024 1310 coalescere
3059 1242 3175 1306 dicit

796 1348 1109 1425 materiae,
1180 1367 1290 1413 seu
1358 1348 1567 1430 potius
1633 1368 1704 1412 ex
1765 1348 1996 1432 duplici
2064 1347 2266 1431 capite
2334 1347 2547 1432 colligi
2606 1346 2998 1412 intentionem
3046 1345 3173 1408 dicit.

801 1451 869 1515 1⁰
904 1450 1161 1531 Quando
1206 1451 1425 1515 votum
1472 1453 1565 1515 581
1611 1450 1760 1514 talis
1805 1449 2050 1526 indoIiS‚
2111 1450 2186 1514 ut
2244 1449 2411 1514 leves
2466 1449 2842 1514 violationes
2893 1448 3181 1529 relinquant

796 1553 1240 1638 obligationem
1288 1553 1736 1617 resarciendam
1783 1553 1846 1617 et
1892 1553 2072 1635 qnasi
2101 1551 2577 1631 restituendam3
2625 1552 2769 1617 tum
2799 1550 2954 1616 enim
2992 1567 3183 1634 praece·

792 1656 939 1721 dens
973 1656 1273 1740 obligatio
1320 1655 1721 1739 coniungitur
1758 1674 1901 1718 cum
1932 1654 2214 1736 sequenti
2251 1656 2315 1719 et
2349 1672 2422 1719 ex
2451 1653 2574 1718 levi
2609 1653 2747 1719 fieri
2783 1651 3181 1737 1101581915118,

794 1780 854 1824 v.
909 1780 1003 1844 gr.
1060 1760 1168 1842 qui
1215 1759 1468 1824 obolum
1514 1757 1791 1840 quotidie
1837 1757 2079 1822 voverit
2123 1775 2235 1841 pro
2279 1757 2675 1841 pauperibus.
2741 1759 2812 1821 2⁰
2853 1755 3080 1836 Quando
3117 1773 3185 1817 85-

794 1862 1063 1926 cundum
1108 1861 1407 1925 moralem
1456 1860 1955 1925 aestimationem
2001 1879 2074 1925 ex
2118 1860 2338 1925 multis
2383 1859 2668 1925 materiis
2714 1860 2922 1926 divisis
2963 1861 3187 1924 censetur

794 1964 1081 2047 componi
1126 1982 1287 2028 unns
1333 1967 1511 2029 actus
1540 1963 1817 2028 moralis.
1859 1964 1959 2027 Ita
1983 1984 2039 2027 v.
2074 1982 2168 2047 gr.
2208 1962 2316 2046 qui
2362 1964 2549 2028 vovet
2575 1962 2896 2050 integrum
2921 1962 3188 2033 rosarium,

796 2067 923 2129 tres
981 2067 1188 2149 partes
1241 2066 1442 2130 tribus
1511 2065 1726 2131 diebus
1785 2066 2142 2150 assignans:
2205 2065 2565 2131 omissiones
2636 2066 2805 2131 enim
2864 2065 3192 2151 singulorum

793 2167 1033 2233 dierum
1079 2169 1431 2233 coalescunt
1474 2169 1732 2233 relative
1787 2167 1862 2232 ad
1908 2168 2225 2253 integrum
2269 2168 2579 2234 rosarium
2623 2171 2868 2234 votum.
2900 2166 2994 2232 Sic
3032 2161 3190 2248 quoad

793 2272 978 2336 horas
1010 2271 1353 2348 canonicae,
1388 2290 1529 2335 cnm
1567 2273 1889 2336 censeatur
1920 2289 2110 2335 unum
2163 2270 2436 2336 officium
2467 2270 2653 2336 unius
2684 2272 2811 2336 diei
2858 2289 3022 2344 onus,
3052 2267 3195 2333 omis-

793 2374 994 2439 siones
1028 2375 1095 2439 in
1131 2374 1322 2439 variis
1348 2375 1515 2439 horis
1551 2374 1716 2438 leves
1747 2375 2074 2438 censentur
2103 2374 2468 2451 coalescere;
2502 2391 2680 2440 secus
2715 2393 2862 2441 vero
2894 2372 3196 2440 omissiones

794 2477 981 2541 unius
1009 2477 1132 2542 diei
1183 2497 1326 2542 cum
1373 2476 1810 2541 omissionibus
1858 2475 2116 2540 alterius
2151 2476 2218 2539 et
2268 2476 2356 2541 sic
2406 2495 2466 2540 v.
2505 2496 2600 2561 gr.
2647 2477 2822 2542 leves
2881 2474 3194 2541 violationes

791 2579 1007 2645 ieiunii
1050 2581 1116 2644 in
1162 2581 1352 2646 variis
1398 2580 1613 2645 diebus
1644 2598 1769 2644 non
1802 2579 2178 2644 coalescunt.

900 2704 1109 2757 XXVH.
1131 2706 1182 2757 2.
1207 2705 1259 2757 ln
1286 2702 1490 2757 materia
1513 2701 1669 2767 gravi,
1700 2701 1793 2755 etsi
1818 2700 1930 2768 quis
1968 2700 2122 2769 possit
2156 2716 2211 2756 85
2241 2700 2462 2767 obligare
2489 2707 2680 2756 tantum
2712 2703 2910 2768 leviter,
2934 2700 3202 2757 communiter

792 2798 951 2843 tamen
989 2795 1212 2842 censetur
1241 2789 1460 2844 voluisse
1483 2803 1539 2842 85
1560 2788 1780 2852 obligare
1805 2787 2039 2853 graviter,
2068 2786 2162 2842 nisi
2185 2787 2382 2842 aliunde
2406 2794 2612 2843 constet.
2637 2791 2785 2845 Unde
2821 2790 3005 2844 violans
3042 2787 3122 2841 tale
3143 2797 3203 2834 vo·

794 2880 895 2927 tum
933 2880 1103 2939 peccat
1139 2872 1350 2939 graviter
1388 2889 1451 2927 ex
1486 2888 1666 2937 genere
1705 2887 1818 2925 suo.
1846 2873 1911 2925 V.
1942 2871 2075 2927 ibid.

882 2979 1057 3054 629.
1103 2984 1442 3049 Prudentia
1500 2982 1858 3047 confessarii
1894 2982 2107 3067 exigit,
2163 2985 2237 3047 ut
2281 2983 2745 3067 poenitentibus
2793 2983 3046 3050 suadeat
3089 2981 3204 3044 vota

791 3086 1201 3170 nuncupanda
1232 3087 1348 3150 sub
1392 3086 1517 3150 levi
1548 3084 1953 3169 obligatione.

880 3189 952 3252 Id
984 3188 1117 3253 fieri
1162 3190 1387 3272 potest,
1422 3186 1669 3253 etiamsi
1700 3187 1983 3264 materia,
2032 3189 2310 3269 spectato
2357 3187 2491 3252 iure
2527 3188 2817 3268 naturae,
2860 3189 3084 3273 obliget
3119 3183 3205 3249 sub

790 3289 970 3375 gravi
994 3311 1051 3353 v.
1078 3310 1171 3375 gr.
1203 3291 1268 3355 111
1300 3292 1447 3356 voto
1473 3289 1805 3354 castitatis.
1834 3289 1867 3327 *
1900 3289 2036 3353 Etsi
2068 3289 2231 3354 enim
2252 3290 2351 3356 ius
2374 3292 2636 3356 naturae
2664 3309 2795 3357 non
2827 3291 3131 3376 permittat
3153 3288 3206 3349 ut

793 3389 857 3453 in
887 3392 1151 3455 materia
1167 3392 1288 3456 levi
1322 3392 1611 3476 obligeris
1643 3391 1758 3456 sub
1789 3391 1995 3477 gravi;
2022 3392 2331 3474 permittit
2353 3395 2582 3471 tamen,
2609 3395 2685 3460 ut
2708 3396 3038 3482 obligatio,
3060 3410 3209 3477 quam

792 3492 980 3559 libere
1025 3495 1287 3578 suscipis
1334 3494 1397 3558 in
1428 3513 1492 3558 re
1528 3494 1725 3578 gravi,
1761 3494 1844 3558 sit
1876 3494 2063 3559 levis:
2090 3495 2610 3576 quemadmodum
2639 3499 2891 3565 nullam
2920 3516 3106 3583 posses
3131 3513 3209 3558 su·

786 3598 1018 3680 scipere
1044 3597 1508 3682 obligationem.
1536 3598 1571 3634 *

878 3699 1102 3765 Gravis
1141 3700 1424 3764 censetur
1450 3700 1736 3777 materia,
1771 3719 1948 3781 quae,
1988 3720 2130 3765 cum
2155 3701 2232 3765 ab
2254 3700 2529 3766 Ecclesia
2559 3704 2967 3789 praecipitur,
2983 3702 3217 3791 graviter

790 3801 1049 3884 obligat,
1081 3803 1154 3865 ut
1175 3800 1497 3878 ieiunium,
1531 3801 1725 3867 Missa
1759 3803 1896 3878 etc„
1923 3802 2022 3866 vel
2038 3822 2196 3885 quae
2221 3807 2582 3888 comparata
2612 3826 2757 3872 cum
2785 3808 2915 3874 alio
2934 3808 3220 3892 praecepto

786 3907 998 3991 gravis
1040 3906 1289 3972 videtur
1334 3908 1432 3973 vel
1475 3908 1839 3973 notabiliter
1876 3908 1955 3973 ad
1999 3909 2184 3974 finem
2221 3911 2356 3975 voti
2401 3912 2500 3977 vel
2546 3912 2663 3977 Dei
2712 3915 2966 3981 cultum
3000 3912 3222 3980 confert.

786 4008 981 4095 Gury,
1020 4010 1078 4093 §-
1121 4009 1271 4073 326.
1308 4029 1368 4092 q.
1409 4012 1468 4075 1.

894 4154 1124 4207 xxvm.
1150 4155 1201 4207 3.
1228 4152 1322 4220 Qui
1350 4160 1603 4220 postquam
1628 4151 1768 4217 gravi
1794 4160 1912 4206 voto
1936 4167 1988 4206 85
2027 4153 2307 4217 obstrinxit,
2335 4155 2466 4210 serio
2504 4156 2680 4212 deinde
2717 4161 2874 4225 dolet,
2906 4160 3038 4228 quod
3065 4155 3224 4217 teceri!-

786 4253 880 4292 non
920 4246 1087 4305 peccat
1122 4237 1356 4303 graviter,
1385 4239 1528 4288 modo
1567 4235 1776 4289 retineat
1812 4237 2022 4291 animum
2059 4237 2310 4306 implendi.
2338 4240 2400 4295 V.
2427 4242 2491 4295 Sd
2529 4256 2578 4295 v.
2610 4249 2798 4299 votum.

877 4340 1052 4416 630.
1102 4345 1334 4410 Eodem
1379 4343 1563 4409 modo
1611 4363 1733 4409 non
1782 4350 1877 4411 est
1922 4366 2110 4431 grave
2156 4349 2498 4432 peccatum,
2549 4353 2713 4434 quod
2758 4354 2908 4436 quis
2942 4354 3139 4421 doleat
3169 4351 3228 4415 de

784 4447 1189 4530 promissione
1235 4447 1401 4512 facta
1432 4446 1702 4523 homini;
1736 4448 1858 4512 nisi
1905 4469 1976 4513 ex
2008 4451 2323 4517 aversione
2369 4471 2478 4517 seu
2526 4453 2666 4521 odio
2698 4455 2755 4520 id
2793 4458 3189 4543 contingeret.

876 4551 910 4588 ‘⁸‘
934 4550 1106 4615 Haec
1131 4554 1225 4615 est
1255 4549 1654 4633 poenitentia,
1690 4570 1879 4631 quam
1911 4550 2136 4617 Suarez
2175 4553 2249 4618 de
2299 4554 2450 4620 Voto
2479 4556 2522 4621 1.
2564 4558 2623 4622 5.
2659 4578 2709 4623 5.
2747 4558 2808 4623 7.
2850 4580 2913 4625 11.
2955 4562 3017 4625 4.
3068 4560 3230 4625 vocat
