3497 5147
685 319 797 373 232
1060 332 1280 373 1111101.
1322 332 1401 374 w.
1442 332 1603 374 sacr.
1642 333 1681 373 1.
1722 335 1808 373 nn
1843 334 2035 375 0111110
2073 334 2430 376 mancum
2464 334 2776 375 pacamur
3015 321 3164 399 [317]

686 430 985 512 petimus,
1020 427 1455 505 humilitatem,
1488 449 1611 511 qua
1643 434 1924 495 nostram
1954 432 2363 516 indigentiam
2394 450 2860 516 cognoscamus,
2882 453 3163 511 perseve-

687 534 1016 610 rantiam;
1049 533 1354 614 quaedam
1387 535 1549 598 enim
1580 553 1703 598 non
1727 539 2055 619 negantur,
2090 535 2195 600 sed
2218 539 2293 600 ut
2317 554 2591 621 congruo
2616 536 2840 599 dentur
2863 538 3157 618 tempore,

688 636 1077 701 differuntur.
1134 662 1170 696 α
1203 636 1363 716 Quia
1409 656 1574 714 vero,
1625 638 1836 702 subdit
1883 638 2045 703 idem
2092 640 2346 717 Doctor‚
2387 640 2572 703 homo
2621 656 2742 702 non
2790 640 2999 721 potest
3053 640 3160 704 alii

688 740 912 802 mereri
961 739 1165 804 vitam
1200 742 1514 804 aeternam
1546 759 1617 803 ex
1649 739 1974 824 condigno,
2007 740 2143 805 ideo
2178 760 2282 823 per
2315 759 2690 822 consequens
2727 759 2837 804 nec
2875 760 2967 815 ea,
3003 760 3158 824 quae

690 840 769 905 ad
816 841 1015 905 vitam
1067 845 1386 907 aeternam
1430 843 1756 925 pertinent,
1808 844 2015 925 potest
2060 843 2394 925 aliquando
2451 843 2678 925 aliquis
2725 862 2797 906 ex
2853 843 3156 927 condigno

691 942 875 1007 alteri
899 944 1139 1007 mereri.
1166 943 1249 1007 Et
1275 947 1523 1027 propter
1539 945 1656 1008 hoc
1679 963 1802 1009 non
1828 964 2066 1028 semper
2090 946 2194 1008 ille
2219 946 2492 1018 auditur,
2519 945 2627 1026 qui
2647 963 2760 1027 pro
2787 944 2912 1009 alio
2939 948 3154 1012 orat».

686 1042 1023 1110 Concludit
1055 1046 1260 1127 quoad
1292 1046 1807 1111 infallibilitatem
1841 1047 2172 1112 orationis:
2214 1072 2249 1104 ⁴<
2274 1049 2337 1110 et
2369 1045 2504 1110 ideo
2538 1047 2856 1129 ponuntur
2886 1049 3156 1128 quatuor

687 1150 1094 1230 conditione&
1129 1154 1355 1235 quibus
1387 1155 1891 1219 concurrentibus
1915 1174 2154 1238 semper
2179 1154 2404 1236 aliquis
2435 1154 2732 1236 impetrat
2763 1153 2928 1234 quod
2957 1153 3150 1236 petit:

687 1258 762 1318 ut
797 1256 1032 1320 scilicet
1056 1276 1163 1339 per
1197 1277 1260 1321 se
1292 1258 1467 1340 petat
1496 1257 1840 1321 necessaria
1865 1257 1942 1320 ad
1980 1257 2247 1320 salutem
2278 1255 2585 1340 (intellige
2616 1257 2681 1319 et
2704 1255 2936 1338 utilia),
2960 1255 3058 1338 pie
3089 1257 3154 1319 et

688 1360 1170 1440 perseveranter.

779 1460 872 1524 Ne
904 1464 1114 1524 tamen
1145 1460 1372 1525 inferas
1404 1478 1526 1524 non
1563 1479 1694 1524 esse
1727 1479 1838 1543 pro
1864 1460 2003 1524 aliis
2038 1458 2338 1525 orandum
2386 1461 2498 1523 aut
2543 1478 2668 1523 non
2713 1477 2844 1523 esse
2893 1459 3150 1542 petenda

686 1562 1059 1645 temporalia
1092 1564 1273 1626 bona.
1308 1562 1471 1625 Nam
1502 1562 1668 1644 quod
1706 1564 1947 1646 spectat
1979 1561 2056 1626 ad
2086 1563 2375 1645 primum,
2410 1562 2589 1626 docet
2619 1580 2668 1624 S.
2706 1560 2981 1625 Thomas
3005 1560 3150 1624 ibid.

686 1684 743 1728 a.
784 1666 840 1728 7.
886 1692 919 1724 «
952 1665 1111 1729 illud
1148 1665 1439 1730 debemus
1474 1664 1703 1730 orando
1736 1668 1943 1747 petere
1974 1664 2139 1745 quod
2172 1664 2466 1728 debemus
2503 1662 2868 1726 desiderare.
2910 1663 3154 1726 Deside-

684 1787 821 1831 rare
862 1771 1074 1833 autem
1112 1769 1406 1833 debemus
1444 1769 1604 1833 bona
1642 1787 1765 1832 non
1804 1768 2009 1834 solum
2040 1768 2237 1843 nobiS‚
2270 1766 2375 1831 sed
2407 1767 2597 1830 etiam
2633 1765 2793 1829 aliis.
2828 1766 2967 1830 Hoc
2991 1767 3151 1831 enim

684 1871 954 1951 pertinet
993 1870 1070 1933 ad
1112 1871 1420 1935 rationem
1466 1871 1833 1947 dilectioniS‚
1869 1889 2056 1952 quam
2104 1870 2398 1953 proximis
2445 1869 2736 1933 debemus
2782 1868 3149 1952 impendere.

684 1970 767 2033 Et
812 1971 948 2035 ideo
999 1958 1228 2035 caritas
1264 1972 1546 2053 requirit,
1581 1974 1654 2035 ut
1685 1991 1796 2053 pro
1838 1972 1977 2036 aliis
2011 1991 2254 2036 oremus
2287 1998 2348 2034 ».
2383 1972 2589 2052 Atque
2621 1971 2742 2035 huc
2772 1971 2929 2034 citat
2967 1971 3150 2035 verba

682 2073 892 2137 Iacobi
924 2094 980 2136 v.
1022 2074 1123 2137 16.
1175 2072 1363 2137 Orate
1385 2095 1507 2152 pro
1543 2075 1826 2147 invicem,
1860 2078 1934 2137 ut
1960 2074 2308 2138 salvemini.
2342 2074 2470 2138 Nec
2504 2075 2715 2139 obstat
2746 2073 2907 2155 quod
2933 2094 3056 2153 pro
3086 2094 3148 2138 se

683 2194 868 2240 orare
900 2178 1155 2260 ponitur
1202 2180 1275 2241 ut
1323 2178 1594 2242 conditio
1644 2177 1978 2242 orationis:
2027 2197 2173 2242 nam
2223 2197 2295 2241 ea
2332 2201 2367 2236 «
2400 2177 2653 2260 ponitur
2699 2176 2973 2241 conditio
3023 2195 3151 2241 ora-

687 2278 895 2357 tionis,
933 2300 1055 2345 non
1089 2280 1337 2361 quidem
1383 2281 1726 2345 necessaria
1775 2280 1853 2344 ad
1899 2281 2184 2344 effectum
2229 2279 2500 2344 merendi
2545 2279 2685 2361 (seu
2728 2280 3148 2362 impetrandi),

685 2381 794 2444 sed
820 2382 983 2446 sicut
1006 2384 1349 2447 necessaria
1374 2383 1446 2447 ad
1474 2383 1954 2448 indeficientiam
1977 2382 2114 2464 (seu
2132 2381 2673 2463 infallibilitatem)
2689 2381 3065 2464 impetrandi
3087 2406 3147 2445 ».

771 2482 946 2548 Unde
995 2485 1249 2549 videtur
1296 2484 1461 2567 quod
1508 2486 1854 2549 infallibilis
1903 2484 2260 2568 impetratio
2309 2504 2381 2547 ex
2427 2483 2832 2567 promissione
2880 2484 2997 2547 Dei
3043 2502 3151 2566 po-

681 2587 877 2651 stulet
917 2589 1267 2652 orationem
1300 2607 1430 2652 esse
1461 2607 1569 2669 pro
1602 2607 1666 2652 se
1705 2607 1827 2652 non
1866 2607 1976 2671 pro
2010 2588 2155 2664 0110,
2193 2589 2379 2669 atque
2401 2587 2494 2651 ita
2526 2587 2716 2651 sentit
2754 2586 3148 2671 Augustinus

677 2690 742 2753 in
791 2691 1091 2754 Ioannem
1139 2691 1310 2753 XVI.
1346 2691 1581 2754 Verum
1613 2691 1834 2756 eximio
1868 2690 2094 2754 Suarez
2126 2690 2168 2754 1.
2196 2709 2247 2753 0.
2276 2710 2325 2753 0.
2355 2691 2458 2753 27.
2495 2691 2647 2754 satis
2694 2691 2796 2773 pia
2828 2691 2892 2753 et
2924 2691 3147 2773 proba-

677 2792 820 2855 bilis
860 2793 1105 2856 videtur
1151 2794 1476 2872 sententia,
1519 2813 1676 2874 quae
1724 2795 1946 2858 asserit
1993 2793 2407 2857 conditionem
2456 2793 2613 2857 hanc
2658 2792 2797 2875 (pro
2829 2812 2895 2857 se
2945 2795 3148 2874 orare)

678 2912 801 2957 non
835 2913 965 2958 esse
998 2897 1427 2974 necessariam,
1456 2897 1559 2959 sed
1580 2897 2051 2979 promissionem
2086 2895 2199 2958 Dei
2230 2914 2360 2959 esse
2392 2894 2825 2972 universalem,
2851 2895 2984 2959 sive
3009 2897 3146 2977 quis

676 3015 788 3078 pro
822 3017 904 3073 se,
941 2997 1069 3061 sive
1110 3018 1218 3080 pro
1259 2999 1397 3062 aliis
1431 3002 1592 3074 oret;
1627 3000 1691 3062 et
1727 2999 1964 3082 allegat
1995 3017 2203 3062 secum
2241 2997 2572 3062 sentientes
2605 2998 2900 3062 Toletum
2931 3000 2997 3062 et
3029 3000 3149 3064 Va-

674 3098 888 3162 lentia.
934 3099 1124 3163 Ratio
1159 3101 1254 3164 est
1284 3100 1430 3181 quia
1469 3120 1540 3164 ex
1572 3120 1695 3164 una
1734 3103 1910 3183 parte
1935 3100 2120 3164 verba
2140 3100 2566 3183 promissionis
2597 3101 2747 3165 sunt
2769 3101 3144 3167 universalia

677 3200 892 3264 Ioann.
927 3201 1098 3265 XIV.
1153 3203 1255 3265 13.
1300 3201 1729 3282 Quodcumque
1762 3203 2081 3282 petiehtis
2120 3201 2389 3266 Patrem
2433 3204 2504 3266 in
2547 3204 2796 3267 nomine
2841 3223 2998 3279 mcv,
3038 3204 3146 3269 hoc

675 3300 929 3380 faciam,
964 3305 1026 3367 et
1064 3304 1129 3366 1⁰
1160 3305 1377 3368 1001111.
1414 3304 1488 3367 V.
1529 3305 1630 3368 14.
1660 3303 1838 3367 Haec
1870 3309 1964 3367 est
1990 3303 2244 3384 fidetem,
2272 3325 2462 3386 quam
2484 3304 2778 3369 habemus
2798 3304 2889 3368 ad
2914 3305 3143 3380 Deum,

674 3405 829 3486 quia
860 3405 1279 3487 quodcumque
1299 3407 1671 3486 petierimus
1700 3406 2040 3470 secu-ndum
2067 3405 2446 3470 voluntatem
2475 3407 2628 3482 eius,
2659 3406 2844 3470 audit
2887 3428 3039 3472 nos:
3076 3429 3145 3474 ex

677 3508 801 3572 alia
837 3511 1015 3592 parte
1048 3512 1215 3574 Deus
1248 3510 1386 3574 vult
1418 3528 1531 3574 nos
1568 3529 1743 3575 orare
1777 3529 1886 3592 pro
1914 3510 2071 3574 aliis.
2108 3510 2438 3592 Perperam
2462 3528 2606 3573 vero
2640 3509 2953 3587 obiicitur,
2981 3511 3144 3593 quod

680 3613 881 3676 oratio
922 3613 1140 3694 nequit
1171 3632 1302 3677 esse
1333 3613 1548 3677 efficax
1580 3632 1689 3696 pro
1724 3614 1869 3688 ali0,
1904 3613 2052 3693 quia
2089 3613 2188 3676 hic
2225 3630 2348 3677 non
2380 3631 2616 3694 semper
2647 3614 2743 3676 est
2778 3611 3041 3678 idoneus
3072 3617 3143 3680 ut

679 3714 943 3794 accipiat
976 3715 1140 3794 quod
1174 3716 1435 3796 petitum
1471 3735 1617 3780 nam
1647 3716 1711 3780 id
1748 3716 1917 3781 valet
1954 3733 2219 3796 quoque,
2252 3733 2394 3777 cum
2425 3713 2565 3794 quis
2597 3732 2707 3797 pro
2746 3733 2810 3778 se
2859 3718 3038 3780 orat:
3071 3718 3144 3781 ut

674 3813 900 3878 idcirco
922 3814 985 3878 id
1009 3817 1259 3880 tantum
1285 3817 1369 3881 sit
1391 3837 1787 3899 consequens,
1806 3817 1971 3900 quod
1988 3817 2149 3881 inter
2164 3818 2398 3880 ceteras
2416 3815 2797 3881 conditiones
2817 3819 3137 3894 orationiS,

676 3934 833 3996 quae
865 3918 1287 3998 requiruntur,
1321 3922 1384 3983 et
1421 3939 1493 3985 ea
1533 3921 1633 3996 sit,
1669 3920 1834 4001 quod
1867 3921 2234 3996 subiectum,
2270 3939 2379 4002 pro
2410 3939 2533 4001 quo
2561 3923 2796 3996 oratur,
2830 3922 2918 3986 sit
2949 3942 3142 4006 capax

670 4019 1005 4101 accipiendi
1043 4021 1206 4098 boni,
1254 4021 1419 4102 quod
1466 4022 1717 4102 petitur.
1761 4020 1889 4085 Nec
1935 4022 2207 4085 Thomas
2253 4021 2654 4098 contradicit;
2703 4042 2851 4087 nam
2882 4024 2924 4087 l.
2962 4045 3014 4089 0.
3049 4045 3141 4089 ra-

671 4120 925 4200 tionem,
946 4142 1055 4186 cur
1079 4122 1326 4186 deficiat
1348 4123 1704 4203 impetratio
1730 4141 1841 4204 pro
1870 4122 2015 4198 ali0,
2033 4123 2190 4187 hanc
2214 4125 2418 4189 solum
2440 4125 2634 4201 affert,
2654 4125 2803 4206 quia
2827 4128 3138 4213 contingit

672 4221 1185 4304 impedimentum
1217 4242 1348 4285 esse
1386 4241 1457 4285 ex
1488 4225 1664 4304 parte
1695 4224 1827 4288 eius
1852 4243 1962 4307 pro
1989 4244 2112 4307 quo
2141 4229 2382 4303 oratur;
2411 4246 2556 4311 ergo
2590 4227 2645 4291 si
2660 4228 2777 4291 hoc
2802 4228 2990 4308 absit,
3015 4249 3136 4296 non

674 4326 863 4405 negat
895 4343 943 4387 s.
978 4325 1250 4387 Thomas
1283 4323 1796 4390 infallibilitatem
1831 4327 2288 4410 impetrationis
2320 4348 2430 4412 pro
2464 4330 2622 4394 aliis.

759 4421 914 4494 317.
956 4424 1132 4488 Bona
1164 4443 1409 4506 quoque
1447 4428 1814 4508 temporalia
1847 4431 1973 4512 peti
2006 4431 2287 4512 possunt.
2323 4432 2422 4494 Ita
2454 4451 2503 4497 s.
2539 4432 2810 4497 Thomas
2834 4434 2877 4497 l.
2905 4455 2958 4499 c.
2987 4455 3043 4500 a.
3071 4436 3128 4498 ὃ.

676 4550 712 4584 «
744 4525 1087 4602 dicendum,
1129 4527 1290 4609 quod
1341 4529 1502 4594 sicut
1549 4531 1942 4614 Augustinus
1990 4534 2159 4611 dicit,
2199 4535 2317 4599 hoc
2363 4535 2507 4599 licet
2545 4554 2740 4611 orare,
2775 4539 2942 4619 quod
2989 4539 3130 4604 licet
