3497 5147
317 330 454 401 [565]
759 340 840 379 AN
880 341 1102 380 meam·
1141 340 1239 380 UTI
1280 339 1819 386 Amuivoca‘rioxss
1858 341 1920 381 lx
1961 342 2320 384 11'RAMENTO
2649 331 2757 384 433

480 441 594 503 27⁰
645 463 679 496 «
717 435 918 501 Causa
952 437 1119 500 iusta
1150 435 1366 500 utendi
1396 435 1493 498 his
1533 436 2011 522 amphibologiis
2045 440 2140 501 est
2171 437 2415 519 quotics
2448 439 2509 502 id
2557 459 2762 504 neces-

309 544 527 609 sarium
576 543 688 604 aut
734 539 887 603 utile
935 541 1030 602 est
1077 538 1153 601 ad
1214 538 1484 602 salutem
1539 539 1834 620 corporiS,
1899 540 2215 617 honorem,
2266 559 2361 604 res
2420 541 2759 606 familiares

306 644 552 710 tuendas
585 642 683 705 vel
716 640 792 704 ad
824 639 1164 722 quemlibet
1196 640 1389 704 alium
1431 640 1683 703 virtutis
1711 643 1922 705 actum
1969 642 2060 705 ita
2108 643 2182 706 ut
2227 641 2510 707 veritatis
2562 644 2760 708 occul-

307 748 454 812 tatio
500 745 823 810 censeatur
846 745 996 806 tunc
1034 742 1354 824 expediens
1387 745 1450 806 et
1482 742 1762 806 studiosa
1803 769 1864 806 ».

474 848 591 911 28⁸
633 872 668 904 «
700 844 821 925 Qui
852 844 1161 909 mediante
1194 843 1724 909 commendatione
1760 846 1857 909 vel
1904 866 2156 910 munere
2206 845 2284 910 ad
2313 847 2763 931 magistratum

306 952 394 1016 vel
440 950 715 1015 officium
763 947 1081 1030 publicum
1127 949 1452 1028 promotus
1491 949 1603 1022 est,
1655 949 1864 1030 potest
1895 968 2036 1012 cum
2083 949 2472 1014 restrictione
2505 950 2764 1014 mentali

304 1055 610 1138 praestare
651 1052 1092 1126 iuramentum,
1143 1048 1307 1131 quod
1355 1048 1428 1112 de
1466 1049 1762 1114 mandato
1813 1050 2001 1135 Regis
2051 1051 2212 1135 exigi
2261 1052 2439 1129 solet,
2489 1070 2613 1116 non
2660 1053 2767 1115 ha-

304 1157 427 1222 bito
473 1155 756 1237 respectu
805 1152 881 1216 ad
928 1152 1334 1216 intentionem
1377 1152 1713 1236 exigentis;
1766 1154 1911 1234 quia
1957 1172 2078 1218 non
2128 1155 2376 1218 tenetur
2420 1154 2606 1219 fateri
2652 1154 2763 1217 cri-

301 1279 432 1324 men
466 1257 779 1323 occultum
820 1280 880 1318 ».

381 1362 578 1426 Porro
612 1357 816 1442 quoad
847 1356 1003 1421 duas
1058 1357 1309 1439 prioreS,
1351 1358 1635 1421 convenit
1681 1359 1845 1421 inter
1907 1358 2042 1421 DD.
2100 1377 2203 1421 eas
2264 1357 2566 1437 damnari,
2615 1358 2763 1440 quia

300 1483 491 1530 sermo
540 1462 629 1550 ibi
677 1462 772 1525 est
818 1460 891 1523 de
936 1459 1323 1524 restrictione
1354 1479 1505 1541 pure
1542 1461 1821 1537 mentali,
1861 1462 1936 1523 ut
1972 1460 2150 1525 docet
2197 1480 2245 1525 s.
2273 1460 2458 1544 Alph.
2499 1482 2558 1524 n.
2611 1461 2759 1523 152.

296 1568 357 1632 in
386 1565 525 1630 fine.
564 1563 721 1628 Vide
753 1562 945 1626 etiam
976 1560 1139 1624 Viva
1173 1561 1234 1623 in
1269 1560 1423 1624 duas
1456 1561 1637 1625 hasce
1678 1562 2131 1644 propositiones
2166 1583 2225 1625 n.
2259 1563 2316 1625 1.

383 1670 442 1734 S.
476 1666 665 1750 Alph.
704 1664 852 1728 ibid.
888 1664 1068 1728 docet
1098 1663 1289 1726 etiam
1321 1665 1701 1746 postremam
1735 1664 2097 1727 damnat-am
2133 1684 2284 1737 esse,
2326 1665 2474 1746 quia
2519 1664 2607 1728 ibi
2640 1665 2768 1750 agi-

295 1775 397 1838 tur
429 1771 502 1836 de
534 1768 925 1836 restrictione
973 1786 1124 1850 pure
1171 1766 1449 1829 mentali.
1479 1766 1529 1828 E
1578 1767 1889 1830 contrario
1923 1766 2086 1830 Viva
2118 1768 2160 1829 l.
2197 1787 2247 1829 c.
2282 1766 2345 1830 in
2371 1784 2614 1850 propos.
2651 1768 2768 1830 28⁵

300 1896 359 1938 n.
394 1876 451 1938 1.
487 1876 548 1937 et
581 1873 666 1949 3..
700 1869 1019 1935 contendit
1066 1868 1349 1932 damnari
1381 1869 1570 1932 etiam
1611 1888 1797 1932 usum
1831 1868 2242 1933 restrictionis
2276 1888 2396 1932 non
2423 1889 2573 1952 pure
2605 1889 2770 1933 men-

297 1977 480 2050 talis;
518 1994 641 2039 non
673 1972 856 2055 quasi
879 1971 1040 2035 Viva
1066 1973 1271 2055 neget,
1304 1971 1486 2035 licere
1518 1971 1864 2054 generatim
1896 1990 2080 2035 usum
2116 1971 2304 2034 huius
2337 1971 2765 2050 restrictioniS,

294 2078 400 2142 sed
449 2078 596 2159 quia
642 2075 830 2159 putat
874 2072 959 2136 ibi
1000 2073 1105 2156 agi
1152 2091 1385 2150 casum,
1419 2073 1482 2135 in
1515 2091 1637 2154 quo
1671 2073 1806 2155 ipsa
1838 2092 1958 2136 nou
1994 2074 2089 2137 est
2119 2073 2312 2136 licita.

378 2180 742 2246 Difficultas
773 2178 836 2240 in
870 2194 941 2240 eo
966 2179 1080 2250 est,
1122 2175 1286 2257 quod
1334 2175 1559 2239 durum
1608 2175 1895 2239 videatur
1932 2195 2149 2260 cogere
2183 2175 2455 2257 aliquem
2503 2175 2576 2239 ad
2626 2194 2762 2240 con-

288 2284 625 2349 fessionem
658 2279 883 2346 occulti
918 2278 1209 2342 criminis.
1245 2277 1501 2351 Verum,
1535 2281 1609 2342 ut
1635 2278 1797 2341 Viva
1825 2278 2114 2354 advertit,
2156 2279 2290 2342 heic
2336 2296 2458 2341 non
2492 2278 2762 2363 exigitur

284 2386 595 2452 confessio
645 2382 921 2447 criminis
970 2381 1046 2444 ad
1092 2380 1452 2457 vindictam,
1481 2381 1557 2444 ad
1605 2400 1795 2462 quam
1843 2381 2287 2445 confessionem
2334 2400 2474 2446 reus
2503 2401 2627 2445 non
2675 2381 2762 2445 te-

282 2492 485 2564 netur,
538 2486 667 2551 nisi
714 2484 1031 2549 convictus
1078 2482 1267 2546 fuerit
1302 2482 1814 2564 probationibus:
1856 2483 1982 2547 imo
2030 2501 2226 2564 neque
2264 2483 2534 2568 exigitur
2581 2484 2760 2546 abso-

281 2594 434 2671 lute,
462 2594 541 2656 ut
567 2589 712 2673 quis
740 2586 963 2671 prodat
987 2584 1290 2650 defectum
1316 2605 1518 2661 suum,
1546 2585 1649 2649 sed
1676 2586 1881 2650 solum
1906 2587 1980 2649 ut
2003 2586 2369 2651 candidatus
2392 2587 2675 2652 retrahat
2699 2605 2762 2649 se

280 2715 315 2759 a
342 2714 611 2759 munere
637 2693 750 2755 aut
777 2690 1001 2765 offici0‚
1028 2687 1079 2752 si
1105 2688 1327 2751 debitis
1359 2690 1568 2752 careat
1599 2688 2055 2752 conditionibus
2082 2690 2145 2753 et
2175 2689 2263 2753 sic
2296 2690 2498 2754 officia
2537 2692 2601 2754 et
2638 2709 2766 2753 ma-

277 2797 678 2882 gistraturae
714 2810 838 2856 non
871 2789 1266 2855 conferantur
1294 2789 1584 2874 indignis,
1613 2810 1756 2854 cum
1790 2791 2161 2856 detrimento
2193 2793 2585 2876 reipublicae.
2620 2790 2767 2872 Qui-

274 2918 424 2963 nam
476 2899 570 2961 sit
621 2913 820 2971 casus,
873 2891 949 2956 ad
997 2910 1179 2973 quem
1227 2892 1567 2975 propositio
1618 2893 1899 2969 refertur,
1934 2912 2055 2958 non
2090 2894 2424 2959 admodum
2472 2896 2760 2960 constat:

274 3002 442 3066 Viva
477 3001 706 3065 autem
738 2996 1044 3061 memorat
1074 2994 1513 3064 iuramentum.
1551 2994 1710 3077 quod
1755 2996 2115 3079 exigebatur
2164 3017 2199 3060 a
2237 2998 2620 3062 scholaribus
2653 3017 2765 3080 pro

274 3102 652 3169 obtinendis
699 3097 995 3184 gradibus
1029 3096 1411 3161 academicis,
1437 3096 1671 3161 Verum
1707 3098 1831 3160 alia
1865 3100 2140 3182 exempla
2178 3101 2467 3182 prostant
2503 3100 2768 3164 clariora

268 3206 333 3269 in
373 3199 832 3289 promovendis
865 3218 917 3262 e.
946 3218 1039 3283 gr.
1070 3197 1145 3260 ad
1179 3216 1385 3262 sacros
1421 3198 1681 3274 ordines,
1731 3200 1785 3262 si
1832 3200 2291 3285 interrogentur
2322 3202 2395 3265 de
2427 3200 2763 3278 natalibus,

264 3308 339 3373 de
391 3304 710 3377 censuris
738 3303 810 3366 de
842 3300 1325 3385 irregularitate,
1376 3301 1471 3364 vel
1520 3301 1581 3364 in
1631 3301 1983 3366 volentibus
2031 3304 2394 3367 contrahere
2439 3304 2764 3368 matrimo-

262 3413 473 3487 nium,
529 3408 589 3471 si
631 3406 1092 3487 interrogentur
1137 3400 1210 3465 de
1247 3402 1701 3485 impedimentis
1734 3404 2185 3468 dirimentibus.
2213 3406 2286 3468 In
2310 3405 2406 3468 his
2444 3406 2608 3469 enim
2639 3426 2762 3470 non

259 3514 416 3578 licet
466 3510 583 3576 uti
636 3505 1143 3590 aequivocatione
1191 3503 1297 3568 sed
1346 3507 1593 3587 oportet
1641 3506 2004 3587 respondere
2055 3507 2129 3569 ad
2163 3525 2431 3584 sensum,
2467 3526 2652 3588 quem
2678 3508 2764 3570 in-

263 3618 627 3699 terrogans
676 3607 969 3673 intendit:
1018 3605 1243 3669 idcirco
1292 3605 1399 3687 qui
1450 3606 1658 3687 aliquo
1707 3608 1962 3670 crimine
2011 3607 2442 3692 obstringitur,
2506 3627 2628 3689 quo
2678 3609 2765 3671 in-

264 3719 517 3802 dignus
572 3711 694 3776 fiat
725 3712 788 3774 et
820 3710 1187 3792 provocetur
1226 3706 1302 3771 ad
1336 3707 1756 3771 iuramentum
1790 3709 1950 3773 circa
1990 3729 2079 3785 ea,
2130 3710 2203 3773 de
2235 3710 2460 3792 quibus
2506 3710 2763 3776 interro-

256 3819 529 3906 gandus
585 3817 704 3892 est,
769 3812 947 3875 debet
996 3812 1108 3873 aut
1154 3809 1385 3875 sincere
1432 3830 1562 3874 rem
1635 3812 1869 3894 aperire
1919 3814 2030 3875 aut
2075 3812 2310 3877 resilire
2358 3833 2394 3877 a
2442 3816 2760 3898 proposito

256 3915 709 4002 consequendi
733 3911 899 3997 quod
923 3911 1247 3976 desiderat.
1282 3914 1381 3976 Ita
1415 3920 1627 3977 autem
1660 3916 1912 3997 accepta
1949 3916 2291 3999 propositio
2316 3917 2471 3981 nihil
2503 3917 2764 4004 derogat

254 4020 619 4092 communi
642 4018 974 4082 doctrinae.

350 4121 549 4198 565.
612 4118 975 4184 Communis
1013 4120 1177 4185 enim
1224 4117 1505 4184 doctrina
1555 4122 1668 4197 est,
1718 4120 1920 4197 licere,
1972 4122 2140 4186 iusta
2178 4122 2508 4186 exsistente
2554 4139 2763 4196 causa,

252 4233 359 4297 uti
395 4222 941 4310 aequivocatione
966 4223 1142 4305 eique
1176 4222 1508 4306 adiungere
1539 4223 1980 4288 iuramentum.
2017 4224 2194 4304 Quod
2214 4226 2402 4288 liceat
2433 4225 2530 4287 uti
2563 4224 2768 4304 aequi-

250 4331 625 4399 vocatione
663 4343 773 4389 seu
819 4325 1206 4389 restrictione
1238 4344 1359 4389 non
1393 4344 1543 4407 pure
1588 4326 1867 4402 mentali,
1919 4327 2143 4409 probat
2186 4345 2234 4389 S.
2270 4326 2454 4409 Alph.
2503 4346 2564 4390 n.
2617 4326 2762 4389 152.

258 4439 442 4519 quja,
501 4457 543 4489 «
602 4427 663 4491 si
699 4445 820 4490 non
867 4426 1097 4505 liceret,
1132 4445 1252 4491 non
1288 4426 1609 4489 exsisteret
1651 4426 1876 4491 modus
1925 4429 2229 4492 secretum
2261 4429 2545 4492 servandi
2575 4428 2762 4503 licite,

251 4537 428 4623 quod
455 4528 901 4620 perniciosum
933 4528 1095 4593 foret
1129 4529 1403 4593 humano
1437 4530 1802 4592 commercio
1831 4548 1951 4592 non
1984 4547 2157 4593 secus
2185 4547 2254 4592 ac
2286 4529 2674 4594 mendacium
2699 4555 2759 4593 ».

422 4654 746 4696 nannum.
766 4666 818 4676 —
838 4644 1004 4689 Hor-al.
1032 4645 1167 4687 Tom.
1196 4644 1266 4687 Π.
2551 4649 2607 4691 23
