<?xml version="1.0" encoding="UTF-8"?>
<!DOCTYPE html PUBLIC "-//W3C//DTD XHTML 1.0 Transitional//EN"
    "http://www.w3.org/TR/xhtml1/DTD/xhtml1-transitional.dtd">
<html xmlns="http://www.w3.org/1999/xhtml" xml:lang="en" lang="en">
 <head>
  <title>
</title>
<meta http-equiv="Content-Type" content="text/html;charset=utf-8" />
  <meta name='ocr-system' content='tesseract 3.04.00' />
  <meta name='ocr-capabilities' content='ocr_page ocr_carea ocr_par ocr_line ocrx_word'/>
</head>
<body>
  <div class='ocr_page' id='page_1' title='image "./opustheologicum00ballgoog/opustheologicum00ballgoog_0030.png"; bbox 0 0 3497 5147; ppageno 0'>
   <div class='ocr_carea' id='block_1_1' title="bbox 377 369 2844 448">
    <p class='ocr_par' dir='ltr' id='par_1_1' title="bbox 377 369 2844 448">
     <span class='ocr_line' id='line_1_1' title="bbox 377 369 2844 448; baseline -0.002 -21"><span class='ocrx_word' id='word_1_1' title='bbox 377 372 487 448; x_wconf 80' lang='grc'><strong>[36]</strong></span> <span class='ocrx_word' id='word_1_2' title='bbox 917 383 1249 426; x_wconf 69' lang='lat' dir='ltr'><strong>cumauro</strong></span> <span class='ocrx_word' id='word_1_3' title='bbox 1284 384 1458 424; x_wconf 73' lang='lat' dir='ltr'><strong>rrum</strong></span> <span class='ocrx_word' id='word_1_4' title='bbox 1495 382 1818 436; x_wconf 67' lang='lat' dir='ltr'><strong>nonnus,</strong></span> <span class='ocrx_word' id='word_1_5' title='bbox 1858 381 2339 426; x_wconf 60' lang='lat' dir='ltr'><strong>nnnnmrcoaum</strong></span> <span class='ocrx_word' id='word_1_6' title='bbox 2770 369 2844 423; x_wconf 81' lang='lat'><strong>23</strong></span> 
     </span>
    </p>
   </div>
   <div class='ocr_carea' id='block_1_2' title="bbox 376 478 2862 2602">
    <p class='ocr_par' dir='ltr' id='par_1_2' title="bbox 376 478 2852 871">
     <span class='ocr_line' id='line_1_2' title="bbox 470 478 2847 566; baseline -0.001 -19"><span class='ocrx_word' id='word_1_7' title='bbox 470 484 555 547; x_wconf 85' lang='lat' dir='ltr'><strong>Et</strong></span> <span class='ocrx_word' id='word_1_8' title='bbox 584 482 764 566; x_wconf 88' lang='lat' dir='ltr'><strong>Lugo</strong></span> <span class='ocrx_word' id='word_1_9' title='bbox 799 481 875 544; x_wconf 80' lang='lat' dir='ltr'><strong>de</strong></span> <span class='ocrx_word' id='word_1_10' title='bbox 905 480 1054 545; x_wconf 76' lang='lat' dir='ltr'><strong>Fid.</strong></span> <span class='ocrx_word' id='word_1_11' title='bbox 1082 481 1238 564; x_wconf 85' lang='lat' dir='ltr'><strong>disp.</strong></span> <span class='ocrx_word' id='word_1_12' title='bbox 1282 481 1384 544; x_wconf 87' lang='lat'><strong>13.</strong></span> <span class='ocrx_word' id='word_1_13' title='bbox 1417 500 1478 544; x_wconf 90' lang='lat' dir='ltr'><strong>n.</strong></span> <span class='ocrx_word' id='word_1_14' title='bbox 1514 482 1621 543; x_wconf 86' lang='lat'><strong>45.</strong></span> <span class='ocrx_word' id='word_1_15' title='bbox 1657 480 1821 563; x_wconf 87' lang='lat' dir='ltr'><strong>apud</strong></span> <span class='ocrx_word' id='word_1_16' title='bbox 1845 499 1894 545; x_wconf 86' lang='grc'><strong>5.</strong></span> <span class='ocrx_word' id='word_1_17' title='bbox 1929 480 2114 563; x_wconf 89' lang='lat' dir='ltr'><strong>Alph.</strong></span> <span class='ocrx_word' id='word_1_18' title='bbox 2147 481 2255 545; x_wconf 91' lang='lat' dir='ltr'><strong>lib.</strong></span> <span class='ocrx_word' id='word_1_19' title='bbox 2291 482 2354 544; x_wconf 83' lang='lat'><strong>2.</strong></span> <span class='ocrx_word' id='word_1_20' title='bbox 2391 501 2449 544; x_wconf 92' lang='lat' dir='ltr'><strong>n.</strong></span> <span class='ocrx_word' id='word_1_21' title='bbox 2487 482 2578 546; x_wconf 89' lang='lat'><strong>7.:</strong></span> <span class='ocrx_word' id='word_1_22' title='bbox 2618 505 2654 539; x_wconf 85' lang='lat'><strong>«</strong></span> <span class='ocrx_word' id='word_1_23' title='bbox 2686 478 2847 545; x_wconf 84' lang='lat' dir='ltr'><strong>Cum</strong></span> 
     </span>
     <span class='ocr_line' id='line_1_3' title="bbox 378 582 2851 667; baseline -0.001 -18"><span class='ocrx_word' id='word_1_24' title='bbox 378 584 645 649; x_wconf 88' lang='lat' dir='ltr'><strong>materia</strong></span> <span class='ocrx_word' id='word_1_25' title='bbox 677 585 933 649; x_wconf 90' lang='lat' dir='ltr'><strong>honeste</strong></span> <span class='ocrx_word' id='word_1_26' title='bbox 965 584 1029 647; x_wconf 89' lang='lat' dir='ltr'><strong>et</strong></span> <span class='ocrx_word' id='word_1_27' title='bbox 1064 583 1390 648; x_wconf 77' lang='lat' dir='ltr'>inhoneste</span> <span class='ocrx_word' id='word_1_28' title='bbox 1424 583 1714 667; x_wconf 88' lang='lat' dir='ltr'><strong>operandi</strong></span> <span class='ocrx_word' id='word_1_29' title='bbox 1745 582 2101 663; x_wconf 84' lang='lat' dir='ltr'><strong>frequenter</strong></span> <span class='ocrx_word' id='word_1_30' title='bbox 2133 584 2434 658; x_wconf 88' lang='lat' dir='ltr'><strong>occurrat,</strong></span> <span class='ocrx_word' id='word_1_31' title='bbox 2462 601 2584 647; x_wconf 93' lang='lat' dir='ltr'><strong>non</strong></span> <span class='ocrx_word' id='word_1_32' title='bbox 2624 584 2720 647; x_wconf 88' lang='grc'><strong>651</strong></span> <span class='ocrx_word' id='word_1_33' title='bbox 2742 582 2851 646; x_wconf 88' lang='lat' dir='ltr'><strong>du-</strong></span> 
     </span>
     <span class='ocr_line' id='line_1_4' title="bbox 378 685 2852 768; baseline -0.001 -17"><span class='ocrx_word' id='word_1_34' title='bbox 378 686 727 763; x_wconf 87' lang='lat' dir='ltr'><strong>bitandum,</strong></span> <span class='ocrx_word' id='word_1_35' title='bbox 756 687 906 768; x_wconf 89' lang='lat' dir='ltr'><strong>quin</strong></span> <span class='ocrx_word' id='word_1_36' title='bbox 931 686 1137 763; x_wconf 91' lang='lat' dir='ltr'><strong>homo,</strong></span> <span class='ocrx_word' id='word_1_37' title='bbox 1173 686 1280 768; x_wconf 89' lang='lat' dir='ltr'><strong>qui</strong></span> <span class='ocrx_word' id='word_1_38' title='bbox 1312 685 1495 750; x_wconf 89' lang='lat' dir='ltr'><strong>fidem</strong></span> <span class='ocrx_word' id='word_1_39' title='bbox 1526 685 1931 749; x_wconf 77' lang='lat' dir='ltr'>christianam</span> <span class='ocrx_word' id='word_1_40' title='bbox 1965 685 2152 750; x_wconf 88' lang='lat' dir='ltr'><strong>semel</strong></span> <span class='ocrx_word' id='word_1_41' title='bbox 2185 686 2508 768; x_wconf 83' lang='lat' dir='ltr'><strong>amplexus</strong></span> <span class='ocrx_word' id='word_1_42' title='bbox 2545 688 2659 764; x_wconf 89' lang='lat' dir='ltr'><strong>est,</strong></span> <span class='ocrx_word' id='word_1_43' title='bbox 2686 685 2852 768; x_wconf 89' lang='lat' dir='ltr'><strong>plus-</strong></span> 
     </span>
     <span class='ocr_line' id='line_1_5' title="bbox 376 786 2019 871; baseline -0.002 -18"><span class='ocrx_word' id='word_1_44' title='bbox 376 808 567 871; x_wconf 85' lang='lat' dir='ltr'><strong>quam</strong></span> <span class='ocrx_word' id='word_1_45' title='bbox 605 787 986 853; x_wconf 86' lang='lat' dir='ltr'><strong>sufficienter</strong></span> <span class='ocrx_word' id='word_1_46' title='bbox 1016 787 1366 852; x_wconf 76' lang='lat' dir='ltr'><strong>satisfaciat</strong></span> <span class='ocrx_word' id='word_1_47' title='bbox 1411 789 1737 871; x_wconf 86' lang='lat' dir='ltr'><strong>praecepto</strong></span> <span class='ocrx_word' id='word_1_48' title='bbox 1778 786 1919 851; x_wconf 91' lang='lat' dir='ltr'><strong>fidei</strong></span> <span class='ocrx_word' id='word_1_49' title='bbox 1958 812 2019 850; x_wconf 82' lang='lat'><strong>».</strong></span> 
     </span>
    </p>

    <p class='ocr_par' dir='ltr' id='par_1_3' title="bbox 381 886 2860 1976">
     <span class='ocr_line' id='line_1_6' title="bbox 469 886 2850 974; baseline -0.001 -20"><span class='ocrx_word' id='word_1_50' title='bbox 469 886 594 961; x_wconf 82' lang='grc'><strong>35.</strong></span> <span class='ocrx_word' id='word_1_51' title='bbox 633 890 730 954; x_wconf 89' lang='lat' dir='ltr'><strong>Ad</strong></span> <span class='ocrx_word' id='word_1_52' title='bbox 780 890 1086 955; x_wconf 90' lang='lat' dir='ltr'><strong>rationem</strong></span> <span class='ocrx_word' id='word_1_53' title='bbox 1135 909 1278 955; x_wconf 85' lang='lat' dir='ltr'><strong>vero</strong></span> <span class='ocrx_word' id='word_1_54' title='bbox 1329 890 1489 954; x_wconf 89' lang='lat' dir='ltr'><strong>Viva</strong></span> <span class='ocrx_word' id='word_1_55' title='bbox 1534 889 2026 973; x_wconf 90' lang='lat' dir='ltr'><strong>respondendum</strong></span> <span class='ocrx_word' id='word_1_56' title='bbox 2082 892 2211 955; x_wconf 85' lang='lat' dir='ltr'><strong>est:</strong></span> <span class='ocrx_word' id='word_1_57' title='bbox 2268 890 2445 974; x_wconf 89' lang='lat' dir='ltr'><strong>Nego</strong></span> <span class='ocrx_word' id='word_1_58' title='bbox 2483 891 2850 970; x_wconf 76' lang='lat' dir='ltr'><strong>paritatem.</strong></span> 
     </span>
     <span class='ocr_line' id='line_1_7' title="bbox 381 991 2854 1057; baseline 0 -1"><span class='ocrx_word' id='word_1_59' title='bbox 381 991 544 1056; x_wconf 90' lang='lat' dir='ltr'><strong>Nam</strong></span> <span class='ocrx_word' id='word_1_60' title='bbox 578 994 759 1057; x_wconf 88' lang='lat' dir='ltr'><strong>actus</strong></span> <span class='ocrx_word' id='word_1_61' title='bbox 791 992 1021 1057; x_wconf 87' lang='lat' dir='ltr'><strong>amoris</strong></span> <span class='ocrx_word' id='word_1_62' title='bbox 1059 1010 1181 1056; x_wconf 91' lang='lat' dir='ltr'><strong>non</strong></span> <span class='ocrx_word' id='word_1_63' title='bbox 1207 992 1421 1057; x_wconf 88' lang='lat' dir='ltr'><strong>eodem</strong></span> <span class='ocrx_word' id='word_1_64' title='bbox 1455 994 1704 1057; x_wconf 91' lang='lat' dir='ltr'><strong>omnino</strong></span> <span class='ocrx_word' id='word_1_65' title='bbox 1736 992 1920 1057; x_wconf 90' lang='lat' dir='ltr'><strong>modo</strong></span> <span class='ocrx_word' id='word_1_66' title='bbox 1953 993 2231 1057; x_wconf 89' lang='lat' dir='ltr'><strong>continet</strong></span> <span class='ocrx_word' id='word_1_67' title='bbox 2253 993 2609 1057; x_wconf 79' lang='lat' dir='ltr'><strong>virtualiter</strong></span> <span class='ocrx_word' id='word_1_68' title='bbox 2643 994 2854 1056; x_wconf 89' lang='lat' dir='ltr'><strong>actum</strong></span> 
     </span>
     <span class='ocr_line' id='line_1_8' title="bbox 384 1093 2854 1178; baseline -0 -21"><span class='ocrx_word' id='word_1_69' title='bbox 384 1094 633 1172; x_wconf 77' lang='grc'><strong>(1010115,</strong></span> <span class='ocrx_word' id='word_1_70' title='bbox 668 1112 793 1178; x_wconf 90' lang='lat' dir='ltr'><strong>quo</strong></span> <span class='ocrx_word' id='word_1_71' title='bbox 833 1095 1010 1158; x_wconf 87' lang='lat' dir='ltr'><strong>actus</strong></span> <span class='ocrx_word' id='word_1_72' title='bbox 1041 1093 1182 1158; x_wconf 89' lang='lat' dir='ltr'><strong>fidei</strong></span> <span class='ocrx_word' id='word_1_73' title='bbox 1207 1094 1560 1159; x_wconf 80' lang='lat' dir='ltr'><strong>continetur</strong></span> <span class='ocrx_word' id='word_1_74' title='bbox 1584 1094 1647 1158; x_wconf 91' lang='lat' dir='ltr'><strong>in</strong></span> <span class='ocrx_word' id='word_1_75' title='bbox 1673 1096 1837 1171; x_wconf 81' lang='lat' dir='ltr'><strong>actu,</strong></span> <span class='ocrx_word' id='word_1_76' title='bbox 1872 1095 1946 1159; x_wconf 88' lang='lat' dir='ltr'><strong>ut</strong></span> <span class='ocrx_word' id='word_1_77' title='bbox 1978 1094 2173 1172; x_wconf 88' lang='lat' dir='ltr'><strong>aiunt,</strong></span> <span class='ocrx_word' id='word_1_78' title='bbox 2202 1094 2467 1157; x_wconf 82' lang='lat' dir='ltr'><strong>virtuali</strong></span> <span class='ocrx_word' id='word_1_79' title='bbox 2494 1093 2662 1175; x_wconf 73' lang='lat' dir='ltr'><strong>fidei.</strong></span> <span class='ocrx_word' id='word_1_80' title='bbox 2689 1093 2854 1157; x_wconf 88' lang='lat' dir='ltr'><strong>Nam</strong></span> 
     </span>
     <span class='ocr_line' id='line_1_9' title="bbox 390 1188 2855 1281; baseline -0 -21"><span class='ocrx_word' id='word_1_81' title='bbox 390 1199 565 1260; x_wconf 85' lang='lat' dir='ltr'><strong>actus</strong></span> <span class='ocrx_word' id='word_1_82' title='bbox 610 1196 895 1261; x_wconf 89' lang='lat' dir='ltr'><strong>caritatis</strong></span> <span class='ocrx_word' id='word_1_83' title='bbox 933 1196 1133 1279; x_wconf 87' lang='lat' dir='ltr'><strong>reipsa</strong></span> <span class='ocrx_word' id='word_1_84' title='bbox 1189 1196 1362 1260; x_wconf 90' lang='lat' dir='ltr'><strong>nulla</strong></span> <span class='ocrx_word' id='word_1_85' title='bbox 1417 1197 1657 1260; x_wconf 89' lang='lat' dir='ltr'><strong>ratione</strong></span> <span class='ocrx_word' id='word_1_86' title='bbox 1689 1197 1878 1261; x_wconf 89' lang='lat' dir='ltr'><strong>habet</strong></span> <span class='ocrx_word' id='word_1_87' title='bbox 1925 1188 2177 1281; x_wconf 81' lang='lat' dir='ltr'><strong>peccata</strong></span> <span class='ocrx_word' id='word_1_88' title='bbox 2209 1216 2319 1281; x_wconf 92' lang='lat' dir='ltr'><strong>pro</strong></span> <span class='ocrx_word' id='word_1_89' title='bbox 2378 1197 2617 1262; x_wconf 89' lang='lat' dir='ltr'><strong>obiecto</strong></span> <span class='ocrx_word' id='word_1_90' title='bbox 2667 1198 2855 1278; x_wconf 89' lang='lat' dir='ltr'><strong>atque</strong></span> 
     </span>
     <span class='ocr_line' id='line_1_10' title="bbox 388 1297 2855 1383; baseline -0.001 -20"><span class='ocrx_word' id='word_1_91' title='bbox 388 1298 538 1363; x_wconf 88' lang='lat' dir='ltr'><strong>adeo</strong></span> <span class='ocrx_word' id='word_1_92' title='bbox 586 1298 759 1363; x_wconf 81' lang='lat' dir='ltr'><strong>nulla</strong></span> <span class='ocrx_word' id='word_1_93' title='bbox 806 1298 1047 1362; x_wconf 89' lang='lat' dir='ltr'><strong>ratione</strong></span> <span class='ocrx_word' id='word_1_94' title='bbox 1085 1298 1348 1382; x_wconf 86' lang='lat' dir='ltr'><strong>attingit</strong></span> <span class='ocrx_word' id='word_1_95' title='bbox 1377 1300 1697 1381; x_wconf 87' lang='lat' dir='ltr'><strong>peccatum</strong></span> <span class='ocrx_word' id='word_1_96' title='bbox 1738 1301 1852 1362; x_wconf 89' lang='lat' dir='ltr'><strong>aut</strong></span> <span class='ocrx_word' id='word_1_97' title='bbox 1888 1300 2049 1363; x_wconf 88' lang='lat' dir='ltr'><strong>circa</strong></span> <span class='ocrx_word' id='word_1_98' title='bbox 2096 1301 2348 1383; x_wconf 87' lang='lat' dir='ltr'><strong>peccata</strong></span> <span class='ocrx_word' id='word_1_99' title='bbox 2380 1301 2698 1363; x_wconf 85' lang='lat' dir='ltr'><strong>versatur:</strong></span> <span class='ocrx_word' id='word_1_100' title='bbox 2748 1297 2855 1362; x_wconf 88' lang='lat' dir='ltr'><strong>sed</strong></span> 
     </span>
     <span class='ocr_line' id='line_1_11' title="bbox 386 1400 2856 1485; baseline -0.001 -20"><span class='ocrx_word' id='word_1_101' title='bbox 386 1401 592 1465; x_wconf 89' lang='lat' dir='ltr'><strong>solum</strong></span> <span class='ocrx_word' id='word_1_102' title='bbox 616 1403 712 1465; x_wconf 87' lang='lat' dir='ltr'><strong>est</strong></span> <span class='ocrx_word' id='word_1_103' title='bbox 741 1400 1070 1476; x_wconf 86' lang='lat' dir='ltr'><strong>motivum,</strong></span> <span class='ocrx_word' id='word_1_104' title='bbox 1106 1403 1356 1483; x_wconf 87' lang='lat' dir='ltr'><strong>propter</strong></span> <span class='ocrx_word' id='word_1_105' title='bbox 1388 1400 1554 1483; x_wconf 90' lang='lat' dir='ltr'><strong>quod</strong></span> <span class='ocrx_word' id='word_1_106' title='bbox 1579 1400 1657 1464; x_wconf 90' lang='lat' dir='ltr'><strong>ad</strong></span> <span class='ocrx_word' id='word_1_107' title='bbox 1681 1400 2044 1465; x_wconf 86' lang='lat' dir='ltr'><strong>detestanda</strong></span> <span class='ocrx_word' id='word_1_108' title='bbox 2069 1402 2406 1485; x_wconf 86' lang='lat' dir='ltr'><strong>praeterita</strong></span> <span class='ocrx_word' id='word_1_109' title='bbox 2439 1404 2691 1484; x_wconf 90' lang='lat' dir='ltr'><strong>peccata</strong></span> <span class='ocrx_word' id='word_1_110' title='bbox 2716 1400 2856 1482; x_wconf 91' lang='lat' dir='ltr'><strong>quis</strong></span> 
     </span>
     <span class='ocr_line' id='line_1_12' title="bbox 386 1501 2857 1585; baseline -0.001 -17"><span class='ocrx_word' id='word_1_111' title='bbox 386 1502 620 1568; x_wconf 86' lang='lat' dir='ltr'><strong>moveri</strong></span> <span class='ocrx_word' id='word_1_112' title='bbox 652 1502 870 1585; x_wconf 83' lang='lat' dir='ltr'><strong>possit.</strong></span> <span class='ocrx_word' id='word_1_113' title='bbox 903 1501 990 1565; x_wconf 86' lang='lat' dir='ltr'><strong>At</strong></span> <span class='ocrx_word' id='word_1_114' title='bbox 1022 1520 1164 1566; x_wconf 87' lang='lat' dir='ltr'><strong>vero</strong></span> <span class='ocrx_word' id='word_1_115' title='bbox 1200 1504 1376 1567; x_wconf 89' lang='grc'><strong>361115</strong></span> <span class='ocrx_word' id='word_1_116' title='bbox 1423 1501 1585 1579; x_wconf 92' lang='lat' dir='ltr'><strong>fidei,</strong></span> <span class='ocrx_word' id='word_1_117' title='bbox 1621 1522 1812 1583; x_wconf 90' lang='lat' dir='ltr'><strong>quam</strong></span> <span class='ocrx_word' id='word_1_118' title='bbox 1860 1502 2120 1568; x_wconf 85' lang='lat' dir='ltr'><strong>dicimus</strong></span> <span class='ocrx_word' id='word_1_119' title='bbox 2169 1502 2520 1582; x_wconf 70' lang='lat' dir='ltr'><strong>virtualem,</strong></span> <span class='ocrx_word' id='word_1_120' title='bbox 2569 1504 2857 1567; x_wconf 82' lang='lat' dir='ltr'><strong>versatur</strong></span> 
     </span>
     <span class='ocr_line' id='line_1_13' title="bbox 386 1603 2853 1688; baseline -0.002 -19"><span class='ocrx_word' id='word_1_121' title='bbox 386 1606 548 1670; x_wconf 89' lang='grc'><strong>61163</strong></span> <span class='ocrx_word' id='word_1_122' title='bbox 578 1604 853 1668; x_wconf 88' lang='lat' dir='ltr'><strong>revelata</strong></span> <span class='ocrx_word' id='word_1_123' title='bbox 883 1606 948 1668; x_wconf 88' lang='lat' dir='ltr'><strong>et</strong></span> <span class='ocrx_word' id='word_1_124' title='bbox 992 1605 1086 1669; x_wconf 91' lang='grc'><strong>651</strong></span> <span class='ocrx_word' id='word_1_125' title='bbox 1132 1603 1334 1687; x_wconf 88' lang='lat' dir='ltr'><strong>reipsa</strong></span> <span class='ocrx_word' id='word_1_126' title='bbox 1382 1623 1667 1668; x_wconf 85' lang='lat' dir='ltr'><strong>assensus</strong></span> <span class='ocrx_word' id='word_1_127' title='bbox 1715 1605 2054 1688; x_wconf 89' lang='lat' dir='ltr'><strong>praestitus</strong></span> <span class='ocrx_word' id='word_1_128' title='bbox 2101 1606 2472 1670; x_wconf 87' lang='lat' dir='ltr'><strong>veritatibus</strong></span> <span class='ocrx_word' id='word_1_129' title='bbox 2520 1604 2853 1679; x_wconf 80' lang='lat' dir='ltr'><strong>revelatis3</strong></span> 
     </span>
     <span class='ocr_line' id='line_1_14' title="bbox 388 1703 2859 1787; baseline -0.001 -17"><span class='ocrx_word' id='word_1_130' title='bbox 388 1708 450 1770; x_wconf 93' lang='lat' dir='ltr'><strong>in</strong></span> <span class='ocrx_word' id='word_1_131' title='bbox 484 1708 599 1771; x_wconf 91' lang='lat' dir='ltr'><strong>hoc</strong></span> <span class='ocrx_word' id='word_1_132' title='bbox 631 1708 842 1771; x_wconf 89' lang='lat' dir='ltr'><strong>autem</strong></span> <span class='ocrx_word' id='word_1_133' title='bbox 890 1705 1093 1770; x_wconf 89' lang='lat' dir='ltr'><strong>solum</strong></span> <span class='ocrx_word' id='word_1_134' title='bbox 1142 1705 1345 1770; x_wconf 87' lang='lat' dir='ltr'><strong>differt</strong></span> <span class='ocrx_word' id='word_1_135' title='bbox 1393 1725 1430 1768; x_wconf 94' lang='lat' dir='ltr'><strong>a</strong></span> <span class='ocrx_word' id='word_1_136' title='bbox 1475 1703 1751 1785; x_wconf 78' lang='lat' dir='ltr'><strong>formali,</strong></span> <span class='ocrx_word' id='word_1_137' title='bbox 1786 1706 1950 1787; x_wconf 89' lang='lat' dir='ltr'><strong>quod</strong></span> <span class='ocrx_word' id='word_1_138' title='bbox 1983 1706 2132 1769; x_wconf 88' lang='lat' dir='ltr'><strong>dum</strong></span> <span class='ocrx_word' id='word_1_139' title='bbox 2181 1707 2574 1781; x_wconf 80' lang='lat' dir='ltr'><strong>assentimur,</strong></span> <span class='ocrx_word' id='word_1_140' title='bbox 2610 1724 2731 1768; x_wconf 93' lang='lat' dir='ltr'><strong>non</strong></span> <span class='ocrx_word' id='word_1_141' title='bbox 2763 1723 2859 1769; x_wconf 93' lang='grc'><strong>60-</strong></span> 
     </span>
     <span class='ocr_line' id='line_1_15' title="bbox 392 1798 2860 1894; baseline -0.001 -22"><span class='ocrx_word' id='word_1_142' title='bbox 392 1810 663 1894; x_wconf 85' lang='lat' dir='ltr'><strong>gitemus</strong></span> <span class='ocrx_word' id='word_1_143' title='bbox 694 1808 767 1872; x_wconf 91' lang='lat' dir='ltr'><strong>de</strong></span> <span class='ocrx_word' id='word_1_144' title='bbox 797 1808 1036 1873; x_wconf 86' lang='lat' dir='ltr'><strong>motivo</strong></span> <span class='ocrx_word' id='word_1_145' title='bbox 1075 1806 1325 1873; x_wconf 86' lang='lat' dir='ltr'><strong>formali</strong></span> <span class='ocrx_word' id='word_1_146' title='bbox 1358 1807 1488 1871; x_wconf 88' lang='lat' dir='ltr'><strong>scil.</strong></span> <span class='ocrx_word' id='word_1_147' title='bbox 1531 1808 1604 1873; x_wconf 91' lang='grc'><strong>(16</strong></span> <span class='ocrx_word' id='word_1_148' title='bbox 1642 1808 1852 1872; x_wconf 89' lang='lat' dir='ltr'><strong>divina</strong></span> <span class='ocrx_word' id='word_1_149' title='bbox 1883 1798 2260 1873; x_wconf 84' lang='lat' dir='ltr'><strong>revelatione</strong></span> <span class='ocrx_word' id='word_1_150' title='bbox 2295 1827 2406 1873; x_wconf 89' lang='lat' dir='ltr'><strong>seu</strong></span> <span class='ocrx_word' id='word_1_151' title='bbox 2454 1809 2584 1872; x_wconf 91' lang='lat' dir='ltr'><strong>sine</strong></span> <span class='ocrx_word' id='word_1_152' title='bbox 2625 1806 2860 1871; x_wconf 89' lang='lat' dir='ltr'><strong>actuali</strong></span> 
     </span>
     <span class='ocr_line' id='line_1_16' title="bbox 398 1910 2501 1976; baseline 0 -2"><span class='ocrx_word' id='word_1_153' title='bbox 398 1910 789 1976; x_wconf 83' lang='lat' dir='ltr'><strong>revelationis</strong></span> <span class='ocrx_word' id='word_1_154' title='bbox 835 1910 1077 1975; x_wconf 80' lang='lat' dir='ltr'><strong>divinae</strong></span> <span class='ocrx_word' id='word_1_155' title='bbox 1122 1911 1424 1974; x_wconf 89' lang='lat' dir='ltr'><strong>memoria</strong></span> <span class='ocrx_word' id='word_1_156' title='bbox 1448 1910 1862 1974; x_wconf 86' lang='lat' dir='ltr'><strong>assentiamur</strong></span> <span class='ocrx_word' id='word_1_157' title='bbox 1895 1912 2135 1975; x_wconf 86' lang='lat' dir='ltr'><strong>obiecto</strong></span> <span class='ocrx_word' id='word_1_158' title='bbox 2167 1911 2501 1976; x_wconf 85' lang='lat' dir='ltr'><strong>materiali.</strong></span> 
     </span>
    </p>

    <p class='ocr_par' dir='ltr' id='par_1_4' title="bbox 391 2012 2862 2506">
     <span class='ocr_line' id='line_1_17' title="bbox 489 2012 2858 2098; baseline 0 -23"><span class='ocrx_word' id='word_1_159' title='bbox 489 2012 719 2078; x_wconf 89' lang='lat' dir='ltr'><strong>Verum</strong></span> <span class='ocrx_word' id='word_1_160' title='bbox 751 2012 1054 2078; x_wconf 90' lang='lat' dir='ltr'><strong>undenam</strong></span> <span class='ocrx_word' id='word_1_161' title='bbox 1100 2013 1313 2094; x_wconf 78' lang='lat' dir='ltr'><strong>reipsa.</strong></span> <span class='ocrx_word' id='word_1_162' title='bbox 1350 2012 1800 2077; x_wconf 87' lang='lat' dir='ltr'><strong>determinatur</strong></span> <span class='ocrx_word' id='word_1_163' title='bbox 1847 2015 1996 2078; x_wconf 87' lang='lat' dir='ltr'><strong>tunc</strong></span> <span class='ocrx_word' id='word_1_164' title='bbox 2042 2013 2319 2098; x_wconf 89' lang='lat' dir='ltr'><strong>cognitio</strong></span> <span class='ocrx_word' id='word_1_165' title='bbox 2351 2013 2469 2077; x_wconf 91' lang='lat' dir='ltr'><strong>nisi</strong></span> <span class='ocrx_word' id='word_1_166' title='bbox 2503 2032 2573 2077; x_wconf 81' lang='lat' dir='ltr'><strong>ex</strong></span> <span class='ocrx_word' id='word_1_167' title='bbox 2619 2012 2858 2076; x_wconf 87' lang='lat' dir='ltr'><strong>motivo</strong></span> 
     </span>
     <span class='ocr_line' id='line_1_18' title="bbox 393 2113 2858 2199; baseline -0 -21"><span class='ocrx_word' id='word_1_168' title='bbox 393 2114 580 2179; x_wconf 77' lang='lat' dir='ltr'><strong>fidei?</strong></span> <span class='ocrx_word' id='word_1_169' title='bbox 614 2113 776 2179; x_wconf 88' lang='lat' dir='ltr'><strong>Nam</strong></span> <span class='ocrx_word' id='word_1_170' title='bbox 801 2114 1107 2180; x_wconf 85' lang='lat' dir='ltr'><strong>certitudo</strong></span> <span class='ocrx_word' id='word_1_171' title='bbox 1141 2115 1514 2198; x_wconf 86' lang='lat' dir='ltr'><strong>cognitionis</strong></span> <span class='ocrx_word' id='word_1_172' title='bbox 1539 2114 1814 2197; x_wconf 74' lang='lat' dir='ltr'><strong>profecto</strong></span> <span class='ocrx_word' id='word_1_173' title='bbox 1846 2134 1967 2179; x_wconf 88' lang='lat' dir='ltr'><strong>non</strong></span> <span class='ocrx_word' id='word_1_174' title='bbox 2002 2115 2251 2180; x_wconf 87' lang='lat' dir='ltr'><strong>aliunde</strong></span> <span class='ocrx_word' id='word_1_175' title='bbox 2281 2116 2491 2198; x_wconf 85' lang='lat' dir='ltr'><strong>potest</strong></span> <span class='ocrx_word' id='word_1_176' title='bbox 2519 2114 2858 2199; x_wconf 82' lang='lat' dir='ltr'><strong>provenire,</strong></span> 
     </span>
     <span class='ocr_line' id='line_1_19' title="bbox 392 2216 2862 2301; baseline -0.001 -19"><span class='ocrx_word' id='word_1_177' title='bbox 392 2218 511 2282; x_wconf 85' lang='lat' dir='ltr'><strong>nisi</strong></span> <span class='ocrx_word' id='word_1_178' title='bbox 542 2236 613 2281; x_wconf 81' lang='lat' dir='ltr'><strong>ex</strong></span> <span class='ocrx_word' id='word_1_179' title='bbox 645 2218 881 2282; x_wconf 87' lang='lat' dir='ltr'><strong>motivo</strong></span> <span class='ocrx_word' id='word_1_180' title='bbox 913 2216 1058 2281; x_wconf 88' lang='lat' dir='ltr'><strong>fidei</strong></span> <span class='ocrx_word' id='word_1_181' title='bbox 1092 2217 1335 2281; x_wconf 81' lang='lat' dir='ltr'><strong>divinae</strong></span> <span class='ocrx_word' id='word_1_182' title='bbox 1368 2217 1539 2299; x_wconf 86' lang='lat' dir='ltr'><strong>prius</strong></span> <span class='ocrx_word' id='word_1_183' title='bbox 1574 2217 1974 2301; x_wconf 86' lang='lat' dir='ltr'><strong>apprehens0,</strong></span> <span class='ocrx_word' id='word_1_184' title='bbox 2023 2237 2094 2282; x_wconf 79' lang='lat' dir='ltr'><strong>ex</strong></span> <span class='ocrx_word' id='word_1_185' title='bbox 2140 2219 2244 2301; x_wconf 90' lang='lat' dir='ltr'><strong>pia</strong></span> <span class='ocrx_word' id='word_1_186' title='bbox 2301 2217 2621 2282; x_wconf 84' lang='lat' dir='ltr'><strong>affectione</strong></span> <span class='ocrx_word' id='word_1_187' title='bbox 2654 2236 2862 2300; x_wconf 90' lang='lat' dir='ltr'><strong>super-</strong></span> 
     </span>
     <span class='ocr_line' id='line_1_20' title="bbox 391 2319 2862 2403; baseline 0 -19"><span class='ocrx_word' id='word_1_188' title='bbox 391 2319 689 2394; x_wconf 84' lang='lat' dir='ltr'><strong>naturali,</strong></span> <span class='ocrx_word' id='word_1_189' title='bbox 738 2319 802 2383; x_wconf 91' lang='lat' dir='ltr'><strong>in</strong></span> <span class='ocrx_word' id='word_1_190' title='bbox 862 2338 985 2401; x_wconf 91' lang='lat' dir='ltr'><strong>qua</strong></span> <span class='ocrx_word' id='word_1_191' title='bbox 1040 2321 1103 2383; x_wconf 89' lang='lat' dir='ltr'><strong>et</strong></span> <span class='ocrx_word' id='word_1_192' title='bbox 1149 2319 1402 2384; x_wconf 84' lang='lat' dir='ltr'><strong>habitus</strong></span> <span class='ocrx_word' id='word_1_193' title='bbox 1439 2322 1535 2384; x_wconf 90' lang='lat' dir='ltr'><strong>est</strong></span> <span class='ocrx_word' id='word_1_194' title='bbox 1564 2319 1707 2383; x_wconf 88' lang='lat' dir='ltr'><strong>fidei</strong></span> <span class='ocrx_word' id='word_1_195' title='bbox 1739 2320 1854 2383; x_wconf 86' lang='lat' dir='ltr'><strong>aut</strong></span> <span class='ocrx_word' id='word_1_196' title='bbox 1899 2340 1970 2383; x_wconf 80' lang='lat' dir='ltr'><strong>ex</strong></span> <span class='ocrx_word' id='word_1_197' title='bbox 1999 2320 2300 2385; x_wconf 88' lang='lat' dir='ltr'><strong>memoria</strong></span> <span class='ocrx_word' id='word_1_198' title='bbox 2349 2321 2487 2403; x_wconf 90' lang='lat' dir='ltr'><strong>piae</strong></span> <span class='ocrx_word' id='word_1_199' title='bbox 2521 2319 2862 2385; x_wconf 80' lang='lat' dir='ltr'><strong>affectionis</strong></span> 
     </span>
     <span class='ocr_line' id='line_1_21' title="bbox 395 2421 868 2506; baseline -0.002 -20"><span class='ocrx_word' id='word_1_200' title='bbox 395 2422 567 2506; x_wconf 89' lang='lat' dir='ltr'><strong>prius</strong></span> <span class='ocrx_word' id='word_1_201' title='bbox 598 2421 868 2486; x_wconf 90' lang='lat' dir='ltr'><strong>habitae.</strong></span> 
     </span>
    </p>

    <p class='ocr_par' dir='ltr' id='par_1_5' title="bbox 482 2524 2856 2602">
     <span class='ocr_line' id='line_1_22' title="bbox 482 2524 2856 2602; baseline -0.001 -11"><span class='ocrx_word' id='word_1_202' title='bbox 482 2524 622 2591; x_wconf 89' lang='lat' dir='ltr'><strong>Uno</strong></span> <span class='ocrx_word' id='word_1_203' title='bbox 657 2525 862 2602; x_wconf 87' lang='lat' dir='ltr'><strong>verbo,</strong></span> <span class='ocrx_word' id='word_1_204' title='bbox 896 2524 1205 2591; x_wconf 90' lang='lat' dir='ltr'><strong>certitudo</strong></span> <span class='ocrx_word' id='word_1_205' title='bbox 1239 2526 1389 2591; x_wconf 89' lang='grc'><strong>11366</strong></span> <span class='ocrx_word' id='word_1_206' title='bbox 1422 2524 1811 2591; x_wconf 83' lang='lat' dir='ltr'><strong>adhaesionis</strong></span> <span class='ocrx_word' id='word_1_207' title='bbox 1850 2544 1972 2590; x_wconf 88' lang='lat' dir='ltr'><strong>non</strong></span> <span class='ocrx_word' id='word_1_208' title='bbox 2011 2525 2192 2590; x_wconf 89' lang='lat' dir='ltr'><strong>aliter</strong></span> <span class='ocrx_word' id='word_1_209' title='bbox 2224 2526 2363 2590; x_wconf 89' lang='lat' dir='ltr'><strong>tota</strong></span> <span class='ocrx_word' id='word_1_210' title='bbox 2410 2526 2506 2590; x_wconf 89' lang='lat' dir='ltr'><strong>est</strong></span> <span class='ocrx_word' id='word_1_211' title='bbox 2537 2544 2574 2589; x_wconf 92' lang='lat' dir='ltr'><strong>a</strong></span> <span class='ocrx_word' id='word_1_212' title='bbox 2619 2524 2856 2589; x_wconf 87' lang='lat' dir='ltr'><strong>motivo</strong></span> 
     </span>
    </p>
   </div>
   <div class='ocr_carea' id='block_1_3' title="bbox 392 2632 2871 4668">
    <p class='ocr_par' dir='ltr' id='par_1_6' title="bbox 392 2632 2865 3107">
     <span class='ocr_line' id='line_1_23' title="bbox 392 2632 2862 2717; baseline -0 -21"><span class='ocrx_word' id='word_1_213' title='bbox 392 2633 532 2697; x_wconf 90' lang='lat' dir='ltr'><strong>fidei</strong></span> <span class='ocrx_word' id='word_1_214' title='bbox 564 2632 829 2709; x_wconf 83' lang='lat' dir='ltr'><strong>divinae,</strong></span> <span class='ocrx_word' id='word_1_215' title='bbox 866 2652 937 2697; x_wconf 89' lang='grc'><strong>36</strong></span> <span class='ocrx_word' id='word_1_216' title='bbox 970 2653 1005 2697; x_wconf 91' lang='grc'><strong>3</strong></span> <span class='ocrx_word' id='word_1_217' title='bbox 1036 2633 1291 2697; x_wconf 81' lang='lat' dir='ltr'><strong>motivis</strong></span> <span class='ocrx_word' id='word_1_218' title='bbox 1334 2633 1817 2717; x_wconf 89' lang='lat' dir='ltr'><strong>praemissarum</strong></span> <span class='ocrx_word' id='word_1_219' title='bbox 1849 2634 1932 2698; x_wconf 89' lang='lat' dir='ltr'><strong>sit</strong></span> <span class='ocrx_word' id='word_1_220' title='bbox 1964 2633 2271 2698; x_wconf 87' lang='lat' dir='ltr'><strong>certitudo</strong></span> <span class='ocrx_word' id='word_1_221' title='bbox 2305 2633 2714 2698; x_wconf 90' lang='lat' dir='ltr'><strong>conclusionis</strong></span> <span class='ocrx_word' id='word_1_222' title='bbox 2749 2633 2862 2696; x_wconf 85' lang='lat' dir='ltr'><strong>aut</strong></span> 
     </span>
     <span class='ocr_line' id='line_1_24' title="bbox 397 2735 2864 2818; baseline -0.001 -19"><span class='ocrx_word' id='word_1_223' title='bbox 397 2735 698 2801; x_wconf 82' lang='lat' dir='ltr'><strong>certitudo</strong></span> <span class='ocrx_word' id='word_1_224' title='bbox 733 2735 997 2800; x_wconf 88' lang='lat' dir='ltr'><strong>alicuius</strong></span> <span class='ocrx_word' id='word_1_225' title='bbox 1022 2735 1172 2800; x_wconf 87' lang='lat' dir='ltr'><strong>facti</strong></span> <span class='ocrx_word' id='word_1_226' title='bbox 1211 2736 1296 2799; x_wconf 89' lang='lat' dir='ltr'><strong>sit</strong></span> <span class='ocrx_word' id='word_1_227' title='bbox 1319 2755 1391 2800; x_wconf 83' lang='lat' dir='ltr'><strong>ex</strong></span> <span class='ocrx_word' id='word_1_228' title='bbox 1421 2736 1658 2800; x_wconf 87' lang='lat' dir='ltr'><strong>motivo</strong></span> <span class='ocrx_word' id='word_1_229' title='bbox 1699 2736 2201 2818; x_wconf 86' lang='lat' dir='ltr'><strong>apprehensionis</strong></span> <span class='ocrx_word' id='word_1_230' title='bbox 2234 2736 2484 2801; x_wconf 88' lang='lat' dir='ltr'><strong>habitae</strong></span> <span class='ocrx_word' id='word_1_231' title='bbox 2517 2754 2624 2818; x_wconf 89' lang='lat' dir='ltr'><strong>per</strong></span> <span class='ocrx_word' id='word_1_232' title='bbox 2647 2752 2864 2799; x_wconf 89' lang='lat' dir='ltr'><strong>sensus</strong></span> 
     </span>
     <span class='ocr_line' id='line_1_25' title="bbox 396 2837 2865 2920; baseline -0 -18"><span class='ocrx_word' id='word_1_233' title='bbox 396 2840 675 2902; x_wconf 79' lang='lat' dir='ltr'><strong>externos</strong></span> <span class='ocrx_word' id='word_1_234' title='bbox 701 2842 814 2901; x_wconf 90' lang='lat' dir='ltr'><strong>aut</strong></span> <span class='ocrx_word' id='word_1_235' title='bbox 844 2856 952 2920; x_wconf 88' lang='lat' dir='ltr'><strong>per</strong></span> <span class='ocrx_word' id='word_1_236' title='bbox 983 2837 1413 2902; x_wconf 86' lang='lat' dir='ltr'><strong>testimonium</strong></span> <span class='ocrx_word' id='word_1_237' title='bbox 1440 2837 1739 2913; x_wconf 74' lang='lat' dir='ltr'><strong>aliorum3</strong></span> <span class='ocrx_word' id='word_1_238' title='bbox 1776 2839 2061 2918; x_wconf 82' lang='lat' dir='ltr'><strong>quamvis</strong></span> <span class='ocrx_word' id='word_1_239' title='bbox 2088 2840 2232 2903; x_wconf 90' lang='lat' dir='ltr'><strong>actu</strong></span> <span class='ocrx_word' id='word_1_240' title='bbox 2259 2858 2369 2902; x_wconf 91' lang='lat' dir='ltr'><strong>nec</strong></span> <span class='ocrx_word' id='word_1_241' title='bbox 2399 2837 2681 2904; x_wconf 89' lang='lat' dir='ltr'><strong>recorder</strong></span> <span class='ocrx_word' id='word_1_242' title='bbox 2695 2857 2865 2920; x_wconf 89' lang='lat' dir='ltr'><strong>prae-</strong></span> 
     </span>
     <span class='ocr_line' id='line_1_26' title="bbox 393 2938 2865 3023; baseline -0 -19"><span class='ocrx_word' id='word_1_243' title='bbox 393 2939 725 3004; x_wconf 88' lang='lat' dir='ltr'><strong>missarum</strong></span> <span class='ocrx_word' id='word_1_244' title='bbox 756 2938 1010 3003; x_wconf 88' lang='lat' dir='ltr'><strong>illarum</strong></span> <span class='ocrx_word' id='word_1_245' title='bbox 1051 2941 1309 3004; x_wconf 89' lang='lat' dir='ltr'><strong>autnon</strong></span> <span class='ocrx_word' id='word_1_246' title='bbox 1342 2939 1609 3023; x_wconf 87' lang='lat' dir='ltr'><strong>cogitem</strong></span> <span class='ocrx_word' id='word_1_247' title='bbox 1643 2940 1715 3005; x_wconf 90' lang='lat' dir='ltr'><strong>de</strong></span> <span class='ocrx_word' id='word_1_248' title='bbox 1739 2940 1978 3005; x_wconf 88' lang='lat' dir='ltr'><strong>motivo</strong></span> <span class='ocrx_word' id='word_1_249' title='bbox 2019 2960 2310 3006; x_wconf 88' lang='lat' dir='ltr'><strong>sensuum</strong></span> <span class='ocrx_word' id='word_1_250' title='bbox 2342 2943 2733 3005; x_wconf 81' lang='lat' dir='ltr'><strong>externorum</strong></span> <span class='ocrx_word' id='word_1_251' title='bbox 2752 2941 2865 3004; x_wconf 87' lang='lat' dir='ltr'><strong>aut</strong></span> 
     </span>
     <span class='ocr_line' id='line_1_27' title="bbox 393 3041 1102 3107; baseline 0 -1"><span class='ocrx_word' id='word_1_252' title='bbox 393 3041 791 3106; x_wconf 87' lang='lat' dir='ltr'><strong>auctoritatis</strong></span> <span class='ocrx_word' id='word_1_253' title='bbox 823 3041 1102 3107; x_wconf 89' lang='lat' dir='ltr'><strong>testium.</strong></span> 
     </span>
    </p>

    <p class='ocr_par' dir='ltr' id='par_1_7' title="bbox 393 3142 2864 3436">
     <span class='ocr_line' id='line_1_28' title="bbox 482 3142 2861 3228; baseline 0 -21"><span class='ocrx_word' id='word_1_254' title='bbox 482 3143 727 3208; x_wconf 83' lang='lat' dir='ltr'><strong>Videsis</strong></span> <span class='ocrx_word' id='word_1_255' title='bbox 751 3163 909 3226; x_wconf 88' lang='lat' dir='ltr'><strong>quae</strong></span> <span class='ocrx_word' id='word_1_256' title='bbox 941 3144 1076 3209; x_wconf 85' lang='lat' dir='ltr'><strong>fuse</strong></span> <span class='ocrx_word' id='word_1_257' title='bbox 1103 3144 1385 3228; x_wconf 89' lang='lat' dir='ltr'><strong>disputat</strong></span> <span class='ocrx_word' id='word_1_258' title='bbox 1417 3142 1726 3209; x_wconf 85' lang='lat' dir='ltr'><strong>Cardenas</strong></span> <span class='ocrx_word' id='word_1_259' title='bbox 1767 3145 1940 3209; x_wconf 88' lang='lat' dir='ltr'><strong>citat.</strong></span> <span class='ocrx_word' id='word_1_260' title='bbox 1976 3145 2277 3228; x_wconf 87' lang='lat' dir='ltr'><strong>disputat.</strong></span> <span class='ocrx_word' id='word_1_261' title='bbox 2317 3145 2419 3208; x_wconf 90' lang='lat' dir='ltr'><strong>ll.</strong></span> <span class='ocrx_word' id='word_1_262' title='bbox 2456 3147 2574 3209; x_wconf 88' lang='lat' dir='ltr'><strong>art.</strong></span> <span class='ocrx_word' id='word_1_263' title='bbox 2611 3147 2672 3208; x_wconf 81' lang='lat'><strong>5.</strong></span> <span class='ocrx_word' id='word_1_264' title='bbox 2706 3145 2770 3207; x_wconf 92' lang='lat' dir='ltr'><strong>et</strong></span> <span class='ocrx_word' id='word_1_265' title='bbox 2801 3145 2861 3208; x_wconf 85' lang='lat'><strong>6.</strong></span> 
     </span>
     <span class='ocr_line' id='line_1_29' title="bbox 394 3249 2864 3334; baseline -0.001 -21"><span class='ocrx_word' id='word_1_266' title='bbox 394 3249 560 3334; x_wconf 84' lang='lat' dir='ltr'><strong>Ergo</strong></span> <span class='ocrx_word' id='word_1_267' title='bbox 623 3249 812 3313; x_wconf 91' lang='lat' dir='ltr'><strong>dubia</strong></span> <span class='ocrx_word' id='word_1_268' title='bbox 866 3250 990 3314; x_wconf 89' lang='lat' dir='ltr'><strong>ista</strong></span> <span class='ocrx_word' id='word_1_269' title='bbox 1037 3270 1109 3314; x_wconf 83' lang='lat' dir='ltr'><strong>ex</strong></span> <span class='ocrx_word' id='word_1_270' title='bbox 1156 3250 1289 3314; x_wconf 90' lang='lat' dir='ltr'><strong>sola</strong></span> <span class='ocrx_word' id='word_1_271' title='bbox 1337 3250 1818 3333; x_wconf 85' lang='lat' dir='ltr'><strong>intemperantia</strong></span> <span class='ocrx_word' id='word_1_272' title='bbox 1865 3251 1929 3313; x_wconf 92' lang='lat' dir='ltr'><strong>et</strong></span> <span class='ocrx_word' id='word_1_273' title='bbox 1973 3250 2177 3334; x_wconf 88' lang='lat' dir='ltr'><strong>rigore</strong></span> <span class='ocrx_word' id='word_1_274' title='bbox 2239 3249 2574 3334; x_wconf 90' lang='lat' dir='ltr'><strong>sophistico</strong></span> <span class='ocrx_word' id='word_1_275' title='bbox 2630 3250 2864 3327; x_wconf 82' lang='lat' dir='ltr'><strong>exorta,</strong></span> 
     </span>
     <span class='ocr_line' id='line_1_30' title="bbox 393 3352 1218 3436; baseline 0 -20"><span class='ocrx_word' id='word_1_276' title='bbox 393 3371 647 3436; x_wconf 91' lang='lat' dir='ltr'><strong>prorsus</strong></span> <span class='ocrx_word' id='word_1_277' title='bbox 678 3352 820 3417; x_wconf 91' lang='grc'><strong>11136</strong></span> <span class='ocrx_word' id='word_1_278' title='bbox 852 3352 1218 3436; x_wconf 89' lang='lat' dir='ltr'><strong>ableganda.</strong></span> 
     </span>
    </p>

    <p class='ocr_par' dir='ltr' id='par_1_8' title="bbox 393 3453 2865 3642">
     <span class='ocr_line' id='line_1_31' title="bbox 484 3453 2865 3539; baseline -0.001 -20"><span class='ocrx_word' id='word_1_279' title='bbox 484 3455 650 3519; x_wconf 87' lang='lat' dir='ltr'><strong>Bene</strong></span> <span class='ocrx_word' id='word_1_280' title='bbox 681 3453 855 3539; x_wconf 82' lang='lat' dir='ltr'><strong>Gury</strong></span> <span class='ocrx_word' id='word_1_281' title='bbox 884 3454 920 3536; x_wconf 64' lang='grc' dir='ltr'>ἓ</span> <span class='ocrx_word' id='word_1_282' title='bbox 958 3455 1105 3518; x_wconf 86' lang='grc'><strong>188.</strong></span> <span class='ocrx_word' id='word_1_283' title='bbox 1140 3455 1302 3519; x_wconf 88' lang='lat' dir='ltr'><strong>inter</strong></span> <span class='ocrx_word' id='word_1_284' title='bbox 1334 3455 1458 3519; x_wconf 89' lang='lat' dir='ltr'><strong>alia</strong></span> <span class='ocrx_word' id='word_1_285' title='bbox 1506 3458 1807 3538; x_wconf 89' lang='lat' dir='ltr'><strong>tempora,</strong></span> <span class='ocrx_word' id='word_1_286' title='bbox 1843 3454 2069 3535; x_wconf 91' lang='lat' dir='ltr'><strong>quibus</strong></span> <span class='ocrx_word' id='word_1_287' title='bbox 2101 3455 2316 3519; x_wconf 88' lang='lat' dir='ltr'><strong>elicere</strong></span> <span class='ocrx_word' id='word_1_288' title='bbox 2340 3456 2622 3519; x_wconf 89' lang='lat' dir='ltr'><strong>tenemur</strong></span> <span class='ocrx_word' id='word_1_289' title='bbox 2653 3455 2865 3518; x_wconf 87' lang='lat' dir='ltr'><strong>actum</strong></span> 
     </span>
     <span class='ocr_line' id='line_1_32' title="bbox 393 3557 2535 3642; baseline -0.001 -20"><span class='ocrx_word' id='word_1_290' title='bbox 393 3557 554 3635; x_wconf 88' lang='lat' dir='ltr'><strong>fidei,</strong></span> <span class='ocrx_word' id='word_1_291' title='bbox 589 3557 930 3634; x_wconf 84' lang='lat' dir='ltr'><strong>enumerat,</strong></span> <span class='ocrx_word' id='word_1_292' title='bbox 966 3558 1109 3640; x_wconf 89' lang='lat' dir='ltr'><strong>post</strong></span> <span class='ocrx_word' id='word_1_293' title='bbox 1141 3557 1388 3641; x_wconf 88' lang='lat' dir='ltr'><strong>lapsum</strong></span> <span class='ocrx_word' id='word_1_294' title='bbox 1417 3558 1481 3622; x_wconf 90' lang='lat' dir='ltr'><strong>in</strong></span> <span class='ocrx_word' id='word_1_295' title='bbox 1515 3558 1820 3622; x_wconf 90' lang='lat' dir='ltr'><strong>haeresim</strong></span> <span class='ocrx_word' id='word_1_296' title='bbox 1856 3559 1967 3621; x_wconf 89' lang='lat' dir='ltr'><strong>aut</strong></span> <span class='ocrx_word' id='word_1_297' title='bbox 2007 3557 2188 3621; x_wconf 85' lang='lat' dir='ltr'><strong>fidem</strong></span> <span class='ocrx_word' id='word_1_298' title='bbox 2222 3559 2535 3642; x_wconf 86' lang='lat' dir='ltr'><strong>negatam.</strong></span> 
     </span>
    </p>

    <p class='ocr_par' dir='ltr' id='par_1_9' title="bbox 400 3657 2867 4257">
     <span class='ocr_line' id='line_1_33' title="bbox 484 3657 2864 3744; baseline -0.001 -21"><span class='ocrx_word' id='word_1_299' title='bbox 484 3657 605 3730; x_wconf 77' lang='grc'><strong>36.</strong></span> <span class='ocrx_word' id='word_1_300' title='bbox 642 3659 854 3724; x_wconf 89' lang='lat' dir='ltr'><strong>Unum</strong></span> <span class='ocrx_word' id='word_1_301' title='bbox 886 3661 1168 3744; x_wconf 90' lang='lat' dir='ltr'><strong>superest</strong></span> <span class='ocrx_word' id='word_1_302' title='bbox 1201 3660 1664 3736; x_wconf 84' lang='lat' dir='ltr'><strong>advertendum,</strong></span> <span class='ocrx_word' id='word_1_303' title='bbox 1715 3659 1881 3741; x_wconf 88' lang='lat' dir='ltr'><strong>quod</strong></span> <span class='ocrx_word' id='word_1_304' title='bbox 1913 3662 2225 3723; x_wconf 88' lang='lat' dir='ltr'><strong>memorat</strong></span> <span class='ocrx_word' id='word_1_305' title='bbox 2271 3659 2463 3723; x_wconf 90' lang='lat' dir='ltr'><strong>etiam</strong></span> <span class='ocrx_word' id='word_1_306' title='bbox 2511 3658 2674 3723; x_wconf 88' lang='lat' dir='ltr'><strong>Viva</strong></span> <span class='ocrx_word' id='word_1_307' title='bbox 2719 3659 2760 3722; x_wconf 94' lang='lat'><strong>1.</strong></span> <span class='ocrx_word' id='word_1_308' title='bbox 2813 3678 2864 3721; x_wconf 92' lang='grc'><strong>6.</strong></span> 
     </span>
     <span class='ocr_line' id='line_1_34' title="bbox 400 3759 2866 3847; baseline -0.001 -22"><span class='ocrx_word' id='word_1_309' title='bbox 400 3781 459 3825; x_wconf 91' lang='grc'><strong>3.</strong></span> <span class='ocrx_word' id='word_1_310' title='bbox 484 3764 564 3839; x_wconf 87' lang='grc'><strong>8.,</strong></span> <span class='ocrx_word' id='word_1_311' title='bbox 600 3762 766 3845; x_wconf 88' lang='lat' dir='ltr'><strong>quod</strong></span> <span class='ocrx_word' id='word_1_312' title='bbox 802 3762 1104 3844; x_wconf 87' lang='lat' dir='ltr'><strong>quidquid</strong></span> <span class='ocrx_word' id='word_1_313' title='bbox 1136 3760 1457 3847; x_wconf 87' lang='lat' dir='ltr'><strong>disputent</strong></span> <span class='ocrx_word' id='word_1_314' title='bbox 1504 3761 1808 3845; x_wconf 87' lang='lat' dir='ltr'><strong>Theologi</strong></span> <span class='ocrx_word' id='word_1_315' title='bbox 1839 3761 1912 3824; x_wconf 89' lang='lat' dir='ltr'><strong>de</strong></span> <span class='ocrx_word' id='word_1_316' title='bbox 1939 3761 2324 3844; x_wconf 87' lang='lat' dir='ltr'><strong>obligatione</strong></span> <span class='ocrx_word' id='word_1_317' title='bbox 2372 3759 2657 3826; x_wconf 88' lang='lat' dir='ltr'><strong>eliciendi</strong></span> <span class='ocrx_word' id='word_1_318' title='bbox 2689 3762 2866 3826; x_wconf 90' lang='lat' dir='ltr'><strong>actus</strong></span> 
     </span>
     <span class='ocr_line' id='line_1_35' title="bbox 400 3862 2860 3949; baseline -0.001 -21"><span class='ocrx_word' id='word_1_319' title='bbox 400 3863 708 3930; x_wconf 84' lang='lat' dir='ltr'><strong>virtutum</strong></span> <span class='ocrx_word' id='word_1_320' title='bbox 754 3865 1209 3949; x_wconf 87' lang='lat' dir='ltr'><strong>theologalium</strong></span> <span class='ocrx_word' id='word_1_321' title='bbox 1255 3865 1446 3948; x_wconf 87' lang='lat' dir='ltr'><strong>(nunc</strong></span> <span class='ocrx_word' id='word_1_322' title='bbox 1521 3867 1732 3928; x_wconf 89' lang='lat' dir='ltr'><strong>autem</strong></span> <span class='ocrx_word' id='word_1_323' title='bbox 1782 3863 2019 3930; x_wconf 87' lang='lat' dir='ltr'><strong>dictum</strong></span> <span class='ocrx_word' id='word_1_324' title='bbox 2065 3862 2254 3929; x_wconf 87' lang='lat' dir='ltr'><strong>fuerit</strong></span> <span class='ocrx_word' id='word_1_325' title='bbox 2315 3864 2389 3929; x_wconf 90' lang='lat' dir='ltr'><strong>de</strong></span> <span class='ocrx_word' id='word_1_326' title='bbox 2436 3863 2603 3948; x_wconf 91' lang='lat' dir='ltr'><strong>fide),</strong></span> <span class='ocrx_word' id='word_1_327' title='bbox 2651 3865 2860 3927; x_wconf 91' lang='lat' dir='ltr'><strong>tamen</strong></span> 
     </span>
     <span class='ocr_line' id='line_1_36' title="bbox 401 3965 2863 4052; baseline -0.001 -21"><span class='ocrx_word' id='word_1_328' title='bbox 401 3968 792 4033; x_wconf 86' lang='lat' dir='ltr'><strong>verissimum</strong></span> <span class='ocrx_word' id='word_1_329' title='bbox 826 3969 939 4044; x_wconf 88' lang='lat' dir='ltr'><strong>est,</strong></span> <span class='ocrx_word' id='word_1_330' title='bbox 979 3967 1144 4050; x_wconf 88' lang='lat' dir='ltr'><strong>quod</strong></span> <span class='ocrx_word' id='word_1_331' title='bbox 1178 3967 1387 4031; x_wconf 90' lang='lat' dir='ltr'><strong>fideles</strong></span> <span class='ocrx_word' id='word_1_332' title='bbox 1435 3986 1756 4049; x_wconf 89' lang='lat' dir='ltr'><strong>nunquam</strong></span> <span class='ocrx_word' id='word_1_333' title='bbox 1805 3986 1867 4031; x_wconf 89' lang='lat' dir='ltr'><strong>se</strong></span> <span class='ocrx_word' id='word_1_334' title='bbox 1915 3965 2210 4032; x_wconf 89' lang='lat' dir='ltr'><strong>accusant</strong></span> <span class='ocrx_word' id='word_1_335' title='bbox 2254 3965 2328 4030; x_wconf 87' lang='lat' dir='ltr'><strong>de</strong></span> <span class='ocrx_word' id='word_1_336' title='bbox 2375 3965 2863 4052; x_wconf 89' lang='lat' dir='ltr'><strong>transgressione</strong></span> 
     </span>
     <span class='ocr_line' id='line_1_37' title="bbox 401 4066 2867 4155; baseline -0.002 -21"><span class='ocrx_word' id='word_1_337' title='bbox 401 4071 872 4154; x_wconf 87' lang='lat' dir='ltr'><strong>praeceptorum</strong></span> <span class='ocrx_word' id='word_1_338' title='bbox 904 4070 981 4134; x_wconf 90' lang='lat' dir='ltr'><strong>ad</strong></span> <span class='ocrx_word' id='word_1_339' title='bbox 1013 4070 1127 4135; x_wconf 89' lang='lat' dir='ltr'><strong>hos</strong></span> <span class='ocrx_word' id='word_1_340' title='bbox 1159 4071 1336 4136; x_wconf 88' lang='lat' dir='ltr'><strong>actus</strong></span> <span class='ocrx_word' id='word_1_341' title='bbox 1370 4070 1788 4155; x_wconf 86' lang='lat' dir='ltr'><strong>obligantium</strong></span> <span class='ocrx_word' id='word_1_342' title='bbox 1813 4090 1919 4134; x_wconf 87' lang='grc'><strong>366</strong></span> <span class='ocrx_word' id='word_1_343' title='bbox 1944 4069 2147 4135; x_wconf 89' lang='lat' dir='ltr'><strong>solent</strong></span> <span class='ocrx_word' id='word_1_344' title='bbox 2179 4068 2251 4132; x_wconf 88' lang='lat' dir='ltr'><strong>de</strong></span> <span class='ocrx_word' id='word_1_345' title='bbox 2277 4069 2394 4134; x_wconf 91' lang='lat' dir='ltr'><strong>hoc</strong></span> <span class='ocrx_word' id='word_1_346' title='bbox 2420 4089 2456 4133; x_wconf 88' lang='lat' dir='ltr'><strong>a</strong></span> <span class='ocrx_word' id='word_1_347' title='bbox 2481 4066 2867 4133; x_wconf 86' lang='lat' dir='ltr'><strong>confessariis</strong></span> 
     </span>
     <span class='ocr_line' id='line_1_38' title="bbox 408 4172 802 4257; baseline -0.003 -20"><span class='ocrx_word' id='word_1_348' title='bbox 408 4172 802 4257; x_wconf 88' lang='lat' dir='ltr'><strong>interrogari.</strong></span> 
     </span>
    </p>

    <p class='ocr_par' dir='ltr' id='par_1_10' title="bbox 405 4270 2871 4668">
     <span class='ocr_line' id='line_1_39' title="bbox 492 4270 2871 4358; baseline -0.003 -20"><span class='ocrx_word' id='word_1_349' title='bbox 492 4273 814 4339; x_wconf 89' lang='lat' dir='ltr'><strong>Undenam</strong></span> <span class='ocrx_word' id='word_1_350' title='bbox 850 4275 1015 4339; x_wconf 81' lang='lat' dir='ltr'><strong>hoc?</strong></span> <span class='ocrx_word' id='word_1_351' title='bbox 1062 4275 1225 4339; x_wconf 90' lang='lat' dir='ltr'><strong>Puto</strong></span> <span class='ocrx_word' id='word_1_352' title='bbox 1260 4274 1466 4339; x_wconf 85' lang='lat' dir='ltr'><strong>verius</strong></span> <span class='ocrx_word' id='word_1_353' title='bbox 1505 4293 1868 4358; x_wconf 89' lang='lat' dir='ltr'><strong>responsum</strong></span> <span class='ocrx_word' id='word_1_354' title='bbox 1914 4274 2030 4338; x_wconf 90' lang='lat' dir='ltr'><strong>hoc</strong></span> <span class='ocrx_word' id='word_1_355' title='bbox 2078 4293 2228 4346; x_wconf 87' lang='lat' dir='ltr'><strong>esse,</strong></span> <span class='ocrx_word' id='word_1_356' title='bbox 2278 4271 2441 4355; x_wconf 88' lang='lat' dir='ltr'><strong>quod</strong></span> <span class='ocrx_word' id='word_1_357' title='bbox 2491 4270 2871 4355; x_wconf 85' lang='lat' dir='ltr'><strong>poenitentes</strong></span> 
     </span>
     <span class='ocr_line' id='line_1_40' title="bbox 405 4374 2869 4462; baseline -0.002 -22"><span class='ocrx_word' id='word_1_358' title='bbox 405 4375 481 4440; x_wconf 88' lang='lat' dir='ltr'><strong>ad</strong></span> <span class='ocrx_word' id='word_1_359' title='bbox 526 4376 689 4440; x_wconf 89' lang='lat' dir='ltr'><strong>hanc</strong></span> <span class='ocrx_word' id='word_1_360' title='bbox 745 4377 1190 4462; x_wconf 87' lang='lat' dir='ltr'><strong>obligationem</strong></span> <span class='ocrx_word' id='word_1_361' title='bbox 1239 4395 1361 4441; x_wconf 90' lang='lat' dir='ltr'><strong>non</strong></span> <span class='ocrx_word' id='word_1_362' title='bbox 1416 4377 1778 4453; x_wconf 87' lang='lat' dir='ltr'><strong>advertunt;</strong></span> <span class='ocrx_word' id='word_1_363' title='bbox 1836 4397 1907 4441; x_wconf 84' lang='lat' dir='ltr'><strong>ex</strong></span> <span class='ocrx_word' id='word_1_364' title='bbox 1954 4396 2078 4458; x_wconf 90' lang='lat' dir='ltr'><strong>quo</strong></span> <span class='ocrx_word' id='word_1_365' title='bbox 2127 4376 2218 4454; x_wconf 90' lang='lat' dir='ltr'><strong>fit,</strong></span> <span class='ocrx_word' id='word_1_366' title='bbox 2254 4377 2328 4439; x_wconf 91' lang='lat' dir='ltr'><strong>ut</strong></span> <span class='ocrx_word' id='word_1_367' title='bbox 2360 4394 2555 4457; x_wconf 90' lang='lat' dir='ltr'><strong>neque</strong></span> <span class='ocrx_word' id='word_1_368' title='bbox 2603 4374 2869 4457; x_wconf 84' lang='lat' dir='ltr'><strong>peccent,</strong></span> 
     </span>
     <span class='ocr_line' id='line_1_41' title="bbox 405 4475 2869 4548; baseline -0.004 -4"><span class='ocrx_word' id='word_1_369' title='bbox 405 4478 641 4544; x_wconf 85' lang='lat' dir='ltr'><strong>diutius</strong></span> <span class='ocrx_word' id='word_1_370' title='bbox 669 4479 997 4544; x_wconf 88' lang='lat' dir='ltr'><strong>differendo</strong></span> <span class='ocrx_word' id='word_1_371' title='bbox 1036 4481 1395 4545; x_wconf 84' lang='lat' dir='ltr'><strong>exercitium</strong></span> <span class='ocrx_word' id='word_1_372' title='bbox 1434 4481 1656 4544; x_wconf 90' lang='lat' dir='ltr'><strong>horum</strong></span> <span class='ocrx_word' id='word_1_373' title='bbox 1695 4482 1972 4545; x_wconf 87' lang='lat' dir='ltr'><strong>actuum.</strong></span> <span class='ocrx_word' id='word_1_374' title='bbox 2010 4479 2110 4544; x_wconf 88' lang='lat' dir='ltr'><strong>Ita</strong></span> <span class='ocrx_word' id='word_1_375' title='bbox 2143 4478 2323 4542; x_wconf 86' lang='lat' dir='ltr'><strong>Viva.</strong></span> <span class='ocrx_word' id='word_1_376' title='bbox 2352 4476 2468 4542; x_wconf 86' lang='lat' dir='ltr'><strong>Sed</strong></span> <span class='ocrx_word' id='word_1_377' title='bbox 2501 4475 2869 4548; x_wconf 88' lang='lat' dir='ltr'><strong>addendum,</strong></span> 
     </span>
     <span class='ocr_line' id='line_1_42' title="bbox 406 4576 2870 4668; baseline -0.004 -22"><span class='ocrx_word' id='word_1_378' title='bbox 406 4583 539 4650; x_wconf 89' lang='lat' dir='ltr'><strong>ideo</strong></span> <span class='ocrx_word' id='word_1_379' title='bbox 567 4585 760 4649; x_wconf 90' lang='lat' dir='ltr'><strong>etiam</strong></span> <span class='ocrx_word' id='word_1_380' title='bbox 798 4584 1181 4667; x_wconf 89' lang='lat' dir='ltr'><strong>poenitentes</strong></span> <span class='ocrx_word' id='word_1_381' title='bbox 1230 4603 1353 4647; x_wconf 94' lang='lat' dir='ltr'><strong>non</strong></span> <span class='ocrx_word' id='word_1_382' title='bbox 1387 4584 1663 4668; x_wconf 83' lang='lat' dir='ltr'><strong>cogitare</strong></span> <span class='ocrx_word' id='word_1_383' title='bbox 1717 4581 1790 4646; x_wconf 92' lang='lat' dir='ltr'><strong>de</strong></span> <span class='ocrx_word' id='word_1_384' title='bbox 1844 4583 1961 4647; x_wconf 90' lang='lat' dir='ltr'><strong>hac</strong></span> <span class='ocrx_word' id='word_1_385' title='bbox 2025 4580 2425 4665; x_wconf 88' lang='lat' dir='ltr'><strong>obligatione,</strong></span> <span class='ocrx_word' id='word_1_386' title='bbox 2474 4578 2621 4659; x_wconf 89' lang='lat' dir='ltr'><strong>quia</strong></span> <span class='ocrx_word' id='word_1_387' title='bbox 2667 4576 2870 4657; x_wconf 84' lang='lat' dir='ltr'><strong>reipsa</strong></span> 
     </span>
    </p>
   </div>
  </div>
 </body>
</html>
