3497 5147
693 316 807 371 546
1011 327 1223 368 macr.
1250 328 1331 368 w.
1359 324 1518 368 sacr.
1547 325 1637 365 111.
1664 325 1748 364 οε
1771 323 1993 366 ‘mano
2033 323 2249 365 muno.
2277 323 2605 365 nncanom.
2632 323 2773 364 nun.
2802 324 2841 363 1.
3013 310 3159 384 [724]

686 428 966 491 levamen
1006 428 1070 489 et
1117 426 1190 489 ut
1244 424 1331 488 sic
1375 423 1582 506 ipsum
1636 425 2001 507 cooperetur
2046 422 2417 488 exultationi
2469 425 2532 486 et
2578 421 2807 507 gaudio
2858 421 3050 486 animi
3096 425 3160 487 et

687 530 779 593 ita
848 529 1037 592 etiam
1102 527 1414 610 pertinent
1483 525 1740 590 choreae
1805 524 1883 589 ad
1951 525 2268 589 liberalem
2331 525 2656 589 actionem.
2722 522 2949 588 Suarez
3011 525 3053 588 1.
3103 544 3154 589 c.

687 649 820 712 cap.
859 631 963 694 27.
997 649 1057 693 n.
1099 631 1159 694 5.

779 731 908 797 Nec
953 730 1159 808 refert,
1209 731 1377 814 quod
1424 731 1587 795 forte
1618 731 1886 795 intentio
1920 730 2004 794 sit
2041 748 2200 794 vana
2235 731 2346 794 aut
2375 728 2567 794 etiam
2593 729 2794 813 turpis
2825 730 2972 802 etc.;
3011 729 3156 811 quia

691 835 831 899 inde
866 836 1042 900 actus
1089 835 1320 918 poterit
1370 834 1595 898 habere
1642 833 1955 897 malitiam
1989 832 2246 897 alterius
2277 831 2518 917 generis
2566 851 2686 896 non
2734 834 2945 896 tamen
2977 831 3160 914 perti·

692 938 864 1002 nebit
896 937 974 1001 ad
1006 937 1410 1002 violationem
1442 937 1629 1001 huius
1666 936 1998 1020 praecepti.

783 1040 998 1122 Neque
1027 1040 1414 1104 continuatio
1453 1059 1561 1124 per
1591 1040 1798 1102 totum
1837 1038 1997 1103 diem
2030 1038 2297 1119 (secluso
2322 1039 2681 1119 contemptu
2706 1038 2820 1101 aut
2841 1036 3161 1120 scandalo)

694 1143 882 1207 faciet
914 1144 1233 1224 peccatum
1267 1142 1598 1206 mortale...
1627 1139 1693 1205 Si
1739 1159 1885 1206 vero
1934 1141 2209 1206 actiones
2252 1140 2400 1205 illae
2444 1140 2600 1204 fiant
2630 1160 2773 1204 cum
2813 1158 3062 1205 excessu
3099 1142 3161 1204 et

698 1245 847 1321 otio,
874 1246 1057 1309 erunt
1092 1245 1359 1310 venialia
1390 1245 1454 1309 in
1477 1263 1699 1329 genere
1730 1243 1967 1327 peccati
2014 1246 2077 1308 et
2106 1243 2267 1308 forte
2314 1243 2591 1325 aliquam
2639 1242 2942 1307 venialem
2986 1242 3163 1306 mali-

696 1347 853 1411 tiam
890 1347 1158 1411 induunt
1188 1367 1260 1412 ex
1296 1346 1765 1411 circumstantia
1798 1346 1918 1410 diei
1965 1346 2126 1421 festi,
2154 1349 2227 1410 ut
2262 1365 2397 1428 sup.
2433 1365 2491 1409 n.
2530 1346 2676 1409 718.
2704 1344 2939 1410 dictum
2977 1346 3091 1410 est.

804 1504 889 1556 Vl.
919 1503 967 1556 4.
1005 1504 1104 1557 Nec
1143 1502 1324 1557 servile
1363 1509 1452 1565 eat,
1491 1505 1671 1556 ducere
1711 1501 1924 1556 iumenta
1961 1501 2064 1556 sine
2103 1517 2278 1569 ouere;
2319 1517 2430 1556 cum
2467 1501 2518 1556 id
2556 1501 2619 1556 sit
2657 1502 2751 1557 iter
2791 1505 2960 1567 tacere,
3002 1511 3053 1557 ut
3092 1502 3161 1557 ait

694 1587 805 1641 Fill.
831 1585 909 1641 hic
949 1601 992 1642 c.
1019 1589 1068 1640 9.
1100 1602 1147 1640 n.
1180 1589 1297 1641 170.
1338 1589 1530 1642 Ducere
1568 1594 1731 1641 autern
1769 1585 1999 1647 iumenta,
2027 1601 2198 1640 currus
2238 1591 2315 1641 vet
2355 1586 2601 1652 navigium
2642 1594 2872 1642 onustum
2911 1588 3159 1642 mercibus

693 1680 769 1726 est
807 1672 1006 1726 servile.
1047 1676 1189 1727 Suar.
1218 1674 1251 1728 l.
1278 1688 1321 1727 c.
1350 1672 1458 1727 Fin.
1487 1677 1519 1725 l.
1548 1688 1592 1726 c.
1624 1673 1767 1740 Quod
1809 1671 1850 1724 si
1890 1678 2050 1724 tamen
2090 1677 2200 1725 ante
2238 1674 2414 1725 testum
2455 1671 2569 1726 talia
2608 1670 2781 1725 itinera
2819 1670 3010 1739 incepta
3049 1671 3162 1739 sint,

692 1757 996 1812 continuatio
1032 1773 1205 1812 eorum
1244 1756 1562 1826 permittitur,
1588 1759 1667 1811 vel
1708 1760 1773 1810 ob
1812 1755 2054 1824 publicam
2093 1755 2351 1811 utilitatem
2387 1761 2464 1810 vet
2503 1759 2568 1810 ob
2599 1758 2846 1821 damnum,
2877 1758 3010 1822 quod
3037 1757 3160 1811 alias

700 1848 997 1908 sequeretur.

785 1959 965 2033 724.
1014 1963 1164 2027 Tres
1216 1964 1427 2046 partes
1474 1964 1662 2028 habet
1708 1963 2042 2028 resolutio:
2085 1962 2286 2047 prima
2335 1962 2569 2027 scilicet
2614 1962 2690 2027 de
2735 1963 3029 2030 ducendis
3075 1965 3165 2031 iu-

708 2065 935 2130 mentis
972 2065 1103 2130 sine
1151 2084 1331 2129 onere
1379 2069 1443 2129 et
1490 2066 1641 2130 haec
1686 2066 1926 2130 nullam
1973 2065 2160 2130 habet
2191 2065 2654 2140 difficultatem;
2704 2066 2851 2148 quia
2888 2069 2985 2132 est
3016 2068 3166 2133 sim-

701 2168 839 2252 plex
886 2168 1032 2233 iter:
1082 2168 1281 2232 altera
1327 2168 1402 2233 de
1449 2168 1793 2233 inchoando
1827 2187 1969 2233 cum
1999 2169 2295 2234 iumentis
2327 2170 2440 2233 aut
2470 2168 2751 2233 curribus
2792 2171 3034 2235 onustis
3066 2172 3167 2236 iti-

698 2290 875 2335 nere:
915 2270 1106 2334 tertia
1151 2270 1226 2336 de
1272 2270 1516 2354 incepto
1565 2270 1680 2334 tali
1728 2270 1937 2335 itineri
1968 2271 2404 2336 continuando.

785 2373 868 2435 Et
914 2372 1118 2455 quoad
1165 2372 1438 2451 tertiam,
1488 2373 1551 2436 id
1595 2372 1778 2437 licere
1815 2372 2159 2438 concedunt
2202 2374 2298 2438 illi
2341 2393 2586 2457 quoque
2619 2375 2778 2453 DD.,
2803 2376 2912 2457 qui
2958 2395 3169 2443 secun·

698 2475 848 2539 dum
892 2474 1075 2539 licere
1108 2477 1357 2559 negant,
1406 2475 1501 2539 uti
1550 2473 1776 2539 Suarez
1814 2475 1856 2538 l.
1892 2494 1942 2539 c.
1979 2494 2111 2559 cap.
2149 2477 2252 2540 27.
2290 2496 2346 2540 n.
2390 2478 2472 2554 3.,
2511 2477 2588 2541 ob
2618 2478 2892 2545 rationes
2940 2479 3038 2544 ab.
3088 2481 3162 2545 A.

697 2580 923 2643 allatas
983 2578 1219 2643 scilicet
1280 2578 1357 2643 ob
1404 2578 1718 2662 publicam
1766 2579 2109 2644 utilitatem
2156 2582 2270 2645 aut
2337 2581 2415 2645 ad
2471 2581 2799 2646 vitandum
2845 2582 3162 2649 damnum.

694 2680 1152 2763 Inspiciendum
1197 2681 1408 2745 tamen
1453 2680 1634 2756 foret,
1685 2700 1764 2745 an
1813 2682 2015 2766 reipsa
2062 2683 2359 2748 damnum
2404 2684 2707 2750 eiusmodi
2755 2685 2937 2765 adsit,
3000 2687 3165 2770 quod

701 2785 968 2848 excuset.

784 2885 1001 2965 Quoad
1063 2887 1482 2953 inchoandum
1538 2906 1680 2952 vero
1746 2888 1885 2965 iter,
1948 2888 2086 2952 DD.
2137 2908 2259 2956 non
2328 2891 2741 2957 consentiunt.
2798 2891 2966 2956 Nam
3010 2892 3162 2975 (vid.

694 3007 743 3052 s.
793 2988 977 3071 Alph.
1011 2989 1118 3053 lib.
1154 2991 1214 3052 3.
1250 3009 1308 3053 n.
1352 2990 1533 3072 276.)
1583 2990 1691 3054 alii
1740 2992 1974 3074 negant
2019 2991 2200 3056 licere
2247 3009 2369 3057 non
2416 2992 2665 3074 quidem
2710 3013 2777 3058 re
2824 2994 2888 3058 in
2935 3013 3000 3059 se
3038 3013 3168 3078 spe-

694 3092 886 3167 ctata,
935 3090 1041 3155 sed
1087 3091 1330 3156 ratione
1376 3091 1612 3156 laboris
1657 3092 1988 3157 necessarii
2033 3092 2096 3156 in
2143 3093 2526 3177 imponendis
2565 3097 2678 3160 aut
2706 3096 2985 3162 levandis
3023 3116 3167 3163 one-

694 3192 885 3255 ribus.
922 3190 1099 3270 Quod
1147 3193 1333 3268 valet,
1383 3193 1438 3257 si
1485 3213 1542 3257 v.
1594 3213 1687 3278 gr.
1723 3212 1938 3259 saccus
1987 3194 2287 3261 frumenti
2333 3195 2514 3261 dorso
2563 3199 2879 3263 mulorum
2926 3200 3014 3264 sit
3055 3199 3168 3264 im·

696 3292 1012 3376 ponendus
1050 3296 1197 3371 etc.3
1231 3297 1433 3360 cessat
1478 3314 1644 3372 vero,
1684 3296 1738 3360 si
1786 3296 2052 3363 ducatur
2082 3318 2300 3364 currus
2339 3302 2402 3365 et
2434 3319 2620 3365 onera
2651 3300 3040 3384 praecedenti
3069 3302 3167 3368 die

697 3396 994 3480 imposita
1040 3397 1186 3461 sint.

785 3500 912 3564 Alii
935 3500 1118 3565 licere
1144 3500 1430 3566 absolute
1461 3504 1712 3588 negant,
1753 3504 1944 3568 etiam
1983 3505 2256 3588 praeciso
2303 3506 2533 3584 labore,
2574 3526 2763 3589 quam
2795 3506 3168 3572 sententiam

694 3602 869 3684 sequi
907 3602 980 3667 A.
1022 3602 1301 3680 videtur;
1338 3604 1485 3685 quia
1518 3604 1665 3689 (ait)
1700 3607 1797 3671 est
1837 3625 1990 3690 opus
2029 3607 2267 3671 servile.

782 3706 911 3770 Alii
935 3705 1137 3788 (iuxta
1163 3726 1211 3771 s.
1252 3707 1436 3790 Alph.
1465 3708 1893 3793 probabilius)
1923 3710 2106 3774 licere
2140 3710 2423 3775 absolute
2459 3711 2693 3789 dicunt,
2721 3713 2969 3778 etiamsi
2990 3714 3168 3779 labor

693 3808 800 3871 ille
848 3808 1043 3885 adsit3
1093 3810 1261 3891 quia,
1311 3811 1624 3893 inquiunt,
1659 3812 1720 3876 in
1770 3812 1885 3875 tali
1932 3812 2149 3876 labore
2197 3812 2503 3878 muliones
2540 3834 2664 3881 non
2711 3816 3036 3881 insumunt
3065 3836 3169 3882 no-

698 3908 889 3972 tabile
938 3911 1183 3993 tempus
1215 3912 1279 3975 et
1326 3912 1381 3976 si
1430 3912 1764 3994 aliquando
1812 3914 1900 3976 sit
1946 3913 2241 3989 notabile,
2279 3920 2611 3983 excusatur
2649 3918 2747 3982 vel
2795 3918 2873 3983 ob
2907 3920 3167 3986 evidens

697 4011 993 4077 damnum
1037 4032 1248 4097 grave,
1288 4013 1388 4077 vel
1442 4014 1518 4078 ob
1574 4014 1886 4097 publicam
1934 4015 2298 4094 utilitatem,
2339 4020 2437 4084 vel
2489 4019 2750 4104 denique
2795 4021 2946 4106 quia
2992 4022 3167 4089 adest

695 4115 1062 4180 universalis
1095 4114 1514 4181 consuetudo:
1551 4115 1717 4196 quod
1750 4119 1814 4208 et
1846 4117 1919 4180 de
1955 4118 2165 4183 nautis
2198 4119 2319 4185 dici
2350 4140 2398 4186 s.
2425 4122 2608 4205 Alph.
2643 4125 2851 4190 refert.

782 4217 1014 4281 Utrum
1059 4218 1183 4282 ista
1230 4217 1614 4281 consuetudo
1654 4218 1739 4282 sit
1789 4219 2177 4299 universalis,
2227 4223 2435 4289 videat
2471 4225 2734 4308 quisque
2778 4227 2842 4292 in
2874 4228 3013 4293 loco
3059 4227 3168 4292 ubi

696 4317 887 4400 degit.
937 4319 1014 4383 V.
1047 4339 1141 4406 gr.
1202 4319 1441 4383 Romae
1487 4337 1611 4385 non
1645 4322 1740 4385 est
1786 4324 2168 4391 consuetudo
2218 4326 2476 4392 vehendi
2521 4327 2753 4393 farinas
2800 4330 2930 4395 sive
2977 4330 3167 4395 mulis

694 4419 1023 4500 impositas
1071 4422 1202 4487 sive
1248 4420 1551 4498 curribus,
1586 4422 1739 4488 item
1771 4443 1882 4490 nec
1928 4444 2311 4492 marmorum
2340 4430 2534 4495 moles
2568 4432 2681 4495 aut
2727 4432 2934 4497 trabes
2972 4433 3170 4497 trans-

697 4519 854 4584 ferre
901 4521 1131 4587 iunctis
1168 4522 1434 4588 bubalis.
1476 4525 1761 4593 Profecto
1811 4529 1863 4593 si
1924 4531 2153 4615 agatur
2207 4530 2279 4595 de
2325 4551 2554 4617 magno
2610 4533 2821 4599 labore
2873 4535 2937 4598 in
2984 4554 3170 4600 curru
