3497 5147
322 326 505 400 [1107]
667 340 819 388 Qum
858 340 1258 388 ammanus
1298 344 1382 384 An
1421 345 1715 387 rmumtm
1751 344 2269 389 nccnnsms'ncuu
2309 346 2441 388 nro.
2677 333 2787 388 823

410 437 670 519 Quaerit
702 456 751 501 S.
784 437 970 521 Alph.
1010 458 1070 501 11.
1110 439 1322 517 1007..
1358 460 1436 504 an
1463 441 1840 506 abstinentia
1875 462 1910 506 a
1944 443 2274 507 lacticiniis
2315 443 2548 528 obliget
2572 443 2787 508 diebus

320 540 647 606 dominicis
685 539 1213 624 quadragesimae.
1254 541 1335 605 Et
1368 543 1562 607 allata
1592 545 1904 609 sententia
1935 546 2228 630 negativa
2261 546 2552 628 plurium,
2579 546 2791 610 subdit

322 643 675 728 oppositam
724 642 975 706 omnino
1024 643 1367 707 tenendam.
1420 644 1627 723 Ratio,
1662 646 1886 727 inquit,
1923 647 2070 729 quia
2118 666 2190 710 ex
2236 647 2429 712 citato
2479 667 2612 730 cap.
2663 645 2788 711 De—

320 747 507 827 nique
551 746 608 809 1.
643 744 788 809 dist.
823 745 885 806 4.
921 743 1202 809 universe
1240 746 1616 829 praecipitur
1653 747 1715 810 in
1756 748 1969 812 diebus
2003 750 2645 834 quadragesimalibus
2680 749 2788 812 ab·

320 847 615 911 stinentia
665 866 701 910 a
748 846 1097 910 lacticiniis.
1148 844 1404 911 Certum
1450 849 1545 912 est
1591 852 1824 923 autem,
1873 850 2038 932 quod
2086 851 2213 914 dies
2262 851 2558 916 dominici
2595 852 2787 915 etiam

322 949 833 1034 quadragesimae
880 948 1008 1013 dies
1056 951 1231 1026 sunt3
1281 969 1471 1032 quare
1517 952 1718 1034 prima
1766 952 2073 1016 sententia
2127 955 2229 1016 sat
2280 955 2618 1038 probabilis
2665 972 2786 1018 non

322 1052 567 1116 videtur
597 1076 658 1114 ».
693 1051 796 1116 Ita
827 1070 876 1114 s.
910 1050 1286 1134 AlphonsuS.

409 1154 868 1237 Argumentum
917 1172 966 1216 S.
1014 1154 1318 1237 Alphonsi
1363 1156 1589 1239 repetit
1637 1154 1886 1220 Scavini
1930 1157 2004 1219 de
2053 1156 2259 1220 Ieiun.
2302 1157 2476 1222 artic.
2532 1158 2587 1220 1.
2629 1177 2688 1239 q.
2726 1157 2785 1220 5.

324 1254 618 1337 additque
650 1255 713 1319 in
746 1255 912 1320 notis
958 1256 1075 1321 hoc
1122 1256 1319 1321 aliud:
1368 1282 1403 1315 «
1442 1257 1619 1337 Quod
1666 1258 1954 1322 firmatur
1982 1260 2188 1343 magis
2227 1279 2296 1323 ex
2330 1260 2627 1344 rescripto
2676 1260 2790 1322 Be·

319 1357 551 1423 nedicti
597 1357 767 1422 XIV.
819 1358 895 1421 ad
944 1359 1227 1443 Archiep.
1278 1357 1755 1443 Compostellae,
1808 1361 1913 1424 ubi
1959 1361 2150 1427 etiam
2201 1362 2415 1426 diebus
2463 1360 2788 1427 dominicis
2873 1436 2876 1437 ⁷

322 1462 687 1546 prohibetur
731 1462 1168 1545 promiscuitas
1216 1464 1541 1546 epularum
1573 1488 1636 1528 ».
1669 1465 1758 1529 At
1792 1483 1916 1528 non
1964 1465 2135 1529 tenet
2164 1465 2398 1533 illatio:
2437 1464 2787 1528 Prohibitio

323 1565 473 1631 haec
505 1564 669 1629 enim
701 1567 795 1628 est
826 1565 1276 1629 consectarium
1309 1566 1786 1649 dispensationis
1820 1567 1980 1630 circa
2013 1587 2198 1631 usum
2230 1567 2462 1639 carm‘S,
2497 1585 2616 1630 non
2642 1584 2787 1629 vero

323 1668 484 1731 circa
514 1687 700 1731 usum
736 1667 1214 1732 lacticiniorum.

415 1768 589 1854 Gury
613 1788 758 1834 vero
785 1769 861 1834 ad
887 1770 1350 1852 quaestionem:
1378 1789 1456 1834 au
1484 1771 1860 1836 abstinentia
1889 1791 1922 1835 a
1956 1770 2285 1835 lacticiniis
2312 1771 2545 1835 servari
2569 1768 2790 1833 debeat

323 1873 386 1936 in
434 1872 756 1937 dominicis
803 1872 1335 1956 quadragesimae,
1384 1891 1542 1956 resp.
1594 1874 1651 1955 ἓ.
1704 1874 1853 1937 503.
1889 1893 1947 1956 q.
1984 1876 2043 1937 2.
2087 1899 2121 1932 «
2159 1871 2608 1953 Affirmative;
2641 1871 2788 1953 quia

322 1974 450 2039 dies
482 1974 790 2040 dominica
821 1994 942 2038 non
980 1974 1282 2056 excipitur
1311 1974 1375 2038 in
1408 1974 1543 2059 lege
1575 1994 1683 2039 nec
1715 1975 2158 2040 consuetudine
2184 2001 2245 2036 ».

414 2075 645 2159 Utique
692 2096 852 2141 nunc
899 2077 1060 2141 clare
1108 2076 1389 2156 edicitur,
1442 2077 1588 2158 quid
1637 2077 1852 2142 diebus
1885 2077 2208 2142 dominicis
2255 2076 2626 2141 servandum
2675 2076 2785 2153 sit3

325 2179 429 2243 sed
454 2179 738 2243 dubitare
761 2178 907 2242 licet
938 2179 1011 2243 de
1049 2178 1112 2243 vi
1136 2180 1491 2264 argumenti
1523 2178 1694 2243 ducti
1718 2199 1790 2243 ex
1816 2199 1865 2243 e.
1901 2177 2210 2259 Denique.
2251 2179 2416 2244 Nam
2447 2180 2598 2243 haec
2627 2178 2690 2241 in
2717 2198 2788 2244 eo

324 2282 638 2366 leguntur.
680 2306 715 2340 «
740 2281 1018 2364 Denique
1066 2280 1425 2347 Sacerdotes
1474 2284 1536 2346 et
1582 2282 1845 2346 Diaconi
1876 2283 1940 2345 et
1969 2282 2194 2363 reliqui
2227 2301 2460 2361 omnes,
2511 2300 2667 2364 quos
2702 2280 2789 2345 di-

323 2384 533 2469 gnitas
572 2384 968 2449 ecclesiastici
999 2384 1230 2469 gradus
1269 2386 1543 2462 exornat,
1594 2404 1631 2448 a
1663 2384 2179 2469 quinquagesima
2219 2383 2607 2468 propositum
2640 2383 2789 2447 ieiu-

323 2488 511 2553 nandi
534 2487 877 2571 suscipiant
907 2512 969 2551 ».
996 2487 1077 2551 Et
1099 2489 1489 2580 paragrapho
1523 2488 1774 2570 quidem
1797 2487 2061 2551 secunda
2093 2487 2348 2552 dicitur:
2376 2511 2410 2545 «
2426 2488 2550 2551 Par
2575 2487 2785 2550 autem

324 2593 439 2667 est,
474 2592 546 2655 ut
583 2591 808 2673 quibus
840 2590 1054 2655 diebus
1094 2610 1130 2654 a
1162 2610 1340 2655 carne
1375 2592 1742 2656 animalium
1778 2592 2181 2668 abstinemUS,
2217 2592 2294 2655 ab
2329 2590 2613 2656 omnibus
2638 2608 2789 2671 quo-

325 2711 463 2774 que,
526 2711 683 2773 quae
736 2691 1143 2758 sementinam
1189 2693 1389 2757 carnis
1438 2693 1698 2757 trahunt
1754 2694 2076 2777 originem,
2126 2692 2491 2770 ieiunemu8‚
2542 2712 2578 2755 a
2624 2691 2788 2755 lacte

324 2794 629 2870 videlicet,
679 2813 876 2871 casce,
927 2795 1058 2859 ovis
1092 2821 1153 2857 ».
1193 2795 1309 2859 His
1342 2795 1591 2877 quidem
1630 2796 1831 2858 verbis
1871 2798 1935 2859 et
1980 2796 2108 2860 dies
2142 2796 2484 2861 dominicae
2517 2813 2788 2877 compre·

326 2897 510 2962 hendi
547 2897 861 2962 videntur:
902 2918 1118 2962 verum
1167 2899 1419 2963 obstant
1451 2917 1541 2976 ea,
1578 2917 1735 2979 quae
1768 2898 2076 2963 habentur
2112 2900 2175 2963 in
2208 2897 2595 2983 praecedenti
2629 2897 2687 2979 ἓ.
2727 2897 2785 2958 1.

325 2999 434 3064 ubi
479 3001 600 3065 sic:
643 3024 678 3060 «
711 3001 803 3064 De
839 3001 974 3084 ipsa
1012 3019 1155 3065 vero
1196 3000 1291 3065 die
1330 3000 1638 3065 dominica
1685 2999 2087 3077 haesitamus,
2128 3001 2425 3083 quidnam
2464 2998 2787 3064 dicendum

326 3104 443 3168 sit:
471 3124 610 3168 cum
645 3122 856 3169 omnes
889 3103 1034 3168 laici
1064 3107 1127 3169 et
1159 3103 1464 3168 seculares
1512 3103 1621 3166 illa
1654 3101 1751 3166 die
1783 3102 1922 3186 plus
1961 3103 2147 3168 solito
2182 3103 2399 3167 ceteris
2433 3101 2647 3166 diebus
2696 3119 2790 3163 ac-

326 3208 604 3274 curatius
635 3207 804 3272 cibos
842 3207 1121 3274 carnium
1162 3207 1458 3290 appetant
1497 3207 1559 3270 et
1590 3205 1710 3270 nisi
1746 3224 1909 3270 nova
1956 3204 2227 3287 quadam
2259 3205 2560 3269 aviditate
2592 3222 2788 3285 usque

327 3310 405 3372 ad
450 3311 685 3374 medias
730 3311 941 3374 noctes
990 3329 1052 3373 se
1100 3309 1509 3393 ingurgitent,
1560 3327 1680 3373 non
1729 3308 1913 3371 aliter
1959 3327 2022 3372 se
2062 3307 2247 3371 huius
2286 3308 2444 3370 sacri
2493 3305 2789 3390 temporis

329 3410 819 3474 observationem
845 3411 1149 3492 suscipere
1176 3411 1430 3492 putant:
1458 3409 1621 3491 quod
1642 3410 1890 3492 quidem
1915 3428 2038 3472 non
2062 3407 2292 3471 rationi
2323 3408 2427 3471 sed
2453 3408 2786 3489 voluptati,

329 3510 453 3574 imo
494 3513 739 3576 cuidam
770 3511 995 3575 mentis
1028 3511 1315 3576 caecitati
1341 3509 1810 3575 adscribendum
1843 3513 1964 3585 est3
2001 3509 2159 3573 unde
2190 3528 2300 3572 nec
2326 3529 2363 3572 a
2393 3508 2508 3572 tali
2543 3528 2792 3574 consue-

329 3612 543 3676 tudine
577 3613 773 3677 averti
805 3614 1066 3697 possunt
1113 3615 1175 3677 et
1204 3613 1341 3677 ideo
1375 3633 1516 3677 cum
1548 3612 1727 3675 venia
1775 3630 1887 3677 suo
1921 3611 2168 3695 ingenio
2207 3609 2591 3691 relinquendi
2622 3613 2787 3686 sunt,

329 3735 405 3780 ne
436 3715 595 3779 forte
626 3715 862 3798 peiores
894 3717 1214 3794 exsistant,
1250 3717 1303 3780 si
1328 3736 1364 3779 a
1396 3715 1512 3779 tali
1543 3714 1985 3779 consuetudine
2016 3712 2478 3796 prohibeantur.
2515 3710 2604 3775 Ut
2628 3711 2790 3774 enim

330 3820 420 3884 ait
454 3817 748 3883 Salomon
786 3820 996 3901 (Prov.
1037 3819 1287 3904 XXX),
1328 3819 1440 3901 qui
1483 3816 1750 3881 multum
1781 3818 2077 3898 emunyz't,
2110 3814 2282 3879 elicit
2323 3814 2696 3896 sanquinem
2726 3838 2787 3876 ».

329 3923 429 3987 Ita
463 3921 801 4004 Gregorius
834 3923 921 3986 M.
957 3924 1034 3987 ad
1057 3923 1485 4008 Augustinum
1510 3921 1859 4004 Anglorum
1891 3921 2284 4003 Episcopum.
2320 3918 2640 4002 Improbat
2672 3917 2794 3981 uti-

329 4045 447 4107 que
496 4025 687 4088 talem
735 4026 1240 4090 consuetudinem
1289 4023 1662 4110 Gregorius:
1722 4023 1879 4086 nihil
1925 4024 2132 4090 tamen
2189 4023 2324 4107 lege
2373 4022 2504 4086 lata
2574 4019 2646 4084 de
2694 4018 2791 4082 die

328 4127 637 4192 dominica
674 4127 907 4192 definit.

417 4230 582 4315 Ergo
600 4230 720 4294 nisi
746 4231 871 4296 alia
896 4230 1231 4295 afferantur
1248 4233 1637 4316 argumenta,
1663 4232 1828 4296 certe
1853 4249 1924 4294 ex
1940 4230 2055 4294 hoc
2089 4227 2305 4309 Capite
2330 4247 2452 4293 non
2469 4225 2791 4291 conficitur

326 4332 492 4415 quod
523 4333 924 4398 contendunt.

419 4431 605 4505 nu7.
633 4434 852 4517 Quoad
878 4456 995 4502 ova
1028 4438 1090 4501 et
1119 4436 1433 4501 lacticinia
1463 4436 1828 4512 notandum,
1863 4436 2063 4521 legem
2088 4434 2337 4517 quidem
2362 4435 2571 4499 adesse
2604 4431 2790 4498 absti-

327 4539 506 4604 nendi
540 4559 649 4622 per
685 4540 986 4604 ieiunium
1034 4538 1591 4624 quadragesimale,
1623 4558 1746 4603 non
1780 4557 1945 4615 vero,
1986 4538 2060 4603 ut
2089 4537 2433 4603 communis
2482 4537 2788 4601 sententia
