3497 5147
371 385 553 460 [1123]
639 400 791 447 Qum
821 400 1220 447 nmmum-un
1246 401 1330 439 An
1359 400 1648 442 mmmmm
1677 398 2196 441 acchaeus-rmum
2224 398 2394 439 com..
2420 399 2588 441 vasi».
2731 384 2838 438 839

372 497 497 551 inter
529 499 709 550 fercula
730 500 831 549 tero
850 501 1176 562 apponuntur.
1204 494 1558 550 promittuntur
1583 504 1745 550 autem
1771 497 2000 561 leviores,
2023 502 2076 550 ut
2111 500 2299 549 tructus
2325 495 2482 548 aliave
2510 510 2568 547 ex
2597 498 2835 548 saccharo

374 589 424 634 et
462 583 607 635 melle
642 584 860 634 contecta
899 587 948 633 et
986 594 1074 646 pro
1100 593 1237 632 more
1275 578 1489 644 regionis
1516 594 1686 646 parum
1727 580 1895 646 butyri
1921 587 1971 634 et
2007 579 2157 647 casei,
2183 585 2236 632 ut
2261 579 2308 631 in
2337 578 2620 643 regionibus
2648 585 2841 645 septen-

375 664 677 725 trionalibus,
716 668 780 718 ob
821 668 1059 718 fructuum
1098 663 1329 731 inopiam.
1372 666 1537 729 Laym.
1570 666 1603 717 Ι.
1629 679 1673 719 c.
1702 680 1750 717 n.
1779 668 1828 720 9.
1863 698 1868 703 ,

470 769 661 843 1122.
695 772 860 837 Bene
899 775 961 836 et
1006 772 1218 837 sedulo
1254 772 1717 850 advertendum,
1752 775 1916 856 quod
1955 775 2186 859 passim
2218 776 2292 840 de
2328 775 2446 839 hac
2477 794 2543 838 re
2587 775 2846 839 monent

376 878 712 942 Doctores:
740 875 1037 957 quidquid
1070 875 1144 939 de
1167 876 1284 939 hac
1315 875 1759 940 collatiunoula
1785 878 2109 955 statuitur,
2137 877 2198 942 id
2224 878 2398 942 salva
2425 876 2673 960 quidem
2703 876 2844 960 lege

375 979 611 1055 ieiunii,
645 977 830 1042 inniti
866 977 1314 1055 consuetudini,
1351 978 1428 1041 ad
1461 978 1636 1042 euius
1661 979 2009 1064 legitimam
2044 982 2351 1045 rationem
2385 979 2642 1055 confert,
2675 978 2843 1061 quod

377 1080 684 1145 Ecclesiae
729 1079 1005 1143 Praelati
1052 1078 1297 1144 silentio
1338 1098 1451 1145 suo
1499 1081 1652 1144 satis
1692 1083 2059 1164 approbant.
2097 1083 2293 1147 Porro
2328 1081 2708 1147 consuetudo
2756 1080 2844 1144 in-

380 1181 713 1267 telligenda
746 1182 859 1257 est,
894 1181 987 1245 uti
1021 1183 1213 1262 patet,
1257 1200 1379 1246 non
1412 1202 1570 1264 quae
1617 1184 1867 1266 propria
1912 1184 2034 1248 fuit
2080 1184 2450 1266 praeteritae
2495 1183 2842 1266 cuiuspiam

381 1284 627 1360 aetatiS,
661 1283 765 1348 sed
795 1285 1064 1347 nostrae.
1099 1283 1264 1368 Ergo
1298 1284 1414 1348 hae
1443 1285 1506 1348 in
1540 1304 1605 1348 re
1653 1286 1956 1350 absonum
1987 1287 2148 1351 foret
2180 1286 2606 1369 quaestionem
2645 1286 2848 1349 decer-

380 1407 520 1452 nere
554 1407 624 1451 ex
655 1387 751 1464 iis,
786 1406 943 1468 quae
977 1387 1313 1452 traduntur
1344 1406 1381 1451 a
1421 1389 1554 1451 DD.
1591 1389 1870 1453 diversae
1895 1391 2155 1455 aetatis:
2198 1391 2343 1472 quia
2375 1390 2470 1453 illi
2497 1389 2571 1453 de
2595 1407 2846 1453 consue-

378 1490 594 1555 tudine
641 1489 739 1553 sui
786 1490 1102 1571 temporie,
1151 1508 1273 1553 non
1320 1489 1394 1553 de
1440 1509 1602 1554 nunc
1645 1491 1903 1575 vigenti,
1951 1492 2347 1574 scripserunt.

470 1591 835 1656 Doctrinam
868 1591 946 1654 ab
983 1591 1059 1655 A.
1101 1590 1398 1655 traditam
1432 1591 1592 1655 circa
1627 1592 2034 1657 inversionem
2072 1594 2369 1676 temporis
2403 1613 2452 1658 s.
2485 1593 2846 1675 Alphonsus

379 1716 440 1758 n.
480 1694 671 1757 1024.
706 1693 941 1757 fatetur
974 1711 1103 1756 esse
1149 1712 1527 1757 communem
1573 1695 1636 1758 et
1682 1695 1887 1776 quoad
1932 1695 2367 1759 rationabilem
2413 1713 2687 1770 causam,
2719 1713 2840 1759 non

380 1796 637 1877 respuit,
686 1794 847 1876 quod
898 1794 1151 1876 quidam
1198 1795 1501 1873 dixerunt,
1550 1796 1764 1860 haberi
1813 1796 2115 1861 eiusmodi
2160 1815 2338 1878 posse
2383 1794 2659 1859 venandi
2693 1815 2846 1859 com-

471 2000 725 2065 Accedit
755 2019 1116 2082 responsum
1166 2020 1214 2064 s.
1248 2000 1772 2066 Poenitentiariae
1818 2003 2001 2067 Auct.
2041 2005 2196 2067 tom.
2238 2004 2298 2066 2.
2339 2022 2397 2085 p.
2437 2003 2584 2065 154.
2632 2020 2693 2064 n.
2747 2001 2844 2063 1.:

389 2130 424 2163 «
458 2104 572 2168 Ad
600 2105 982 2185 quaesitum:
1026 2104 1089 2169 U
1087 2108 1253 2167 trum
1284 2105 1352 2166 in
1383 2102 1600 2167 diebus
1632 2106 1858 2169 ieiunii
1879 2111 2083 2186 possit
2107 2107 2337 2170 inverti
2382 2109 2617 2185 tempus
2660 2124 2850 2169 come—

382 2207 624 2283 stionis,
661 2206 959 2270 sumendo
1003 2208 1344 2270 serotinam
1390 2205 1898 2285 refectiunculam
1943 2208 2119 2288 infra
2164 2209 2383 2272 horam
2433 2208 2519 2272 X.
2568 2207 2664 2271 vel
2715 2206 2844 2271 XI.

383 2309 777 2384 matutinam,
816 2309 1167 2387 prandium
1215 2329 1353 2372 vero
1387 2308 1731 2386 differendo
1775 2313 1863 2374 ad
1888 2312 2017 2375 IV.
2057 2311 2152 2374 vel
2201 2310 2269 2376 V.
2309 2310 2528 2374 horam
2557 2311 2849 2389 vesperti-

382 2432 531 2476 nam
550 2432 572 2488 ,·
606 2409 803 2475 Sacra
837 2411 1347 2475 Poenitentiaria
1378 2411 1474 2475 die
1511 2412 1612 2476 10.
1655 2413 1787 2476 Ian.
1828 2414 2016 2476 1834.
2050 2413 2545 2495 respondendum
2567 2413 2848 2476 censuit:

384 2512 459 2580 Si
486 2514 864 2578 inversionis
892 2512 1289 2593 supradictae
1320 2514 1718 2579 rationabilis
1739 2515 1958 2597 aliqua
1991 2521 2188 2582 exstet
2209 2537 2417 2594 causa,
2437 2517 2842 2597 poenitentes,

385 2618 496 2697 qui
525 2617 634 2679 hoc
663 2636 830 2679 more
861 2620 1144 2694 utuntur,
1178 2637 1305 2680 non
1338 2637 1467 2680 esse
1504 2619 1944 2700 inquietandos
1975 2645 2038 2684 ».

479 2714 667 2787 1123.
706 2718 1058 2782 Difficultas
1106 2722 1201 2783 est
1246 2719 1451 2801 quoad
1499 2723 1918 2802 quantitatem
1956 2723 2020 2786 et
2051 2723 2423 2804 qualitatem
2455 2722 2734 2786 ciborum
2780 2721 2844 2785 in

384 2819 502 2884 hac
532 2820 993 2885 collatiuncula.

476 2920 538 2987 S.
570 2922 924 3003 Alphonsus
956 2943 1017 2986 11.
1048 2924 1238 2987 1025.
1265 2924 1554 3000 inculcat,
1596 2951 1631 2982 «
1664 2925 1727 2988 in
1752 2925 1849 2989 his
1874 2926 2310 2991 attendendam
2342 2926 2840 2991 consuetudinem

384 3027 684 3103 locorum,
720 3026 792 3089 ut
822 3025 973 3089 bene
1006 3025 1340 3090 advertunt
1370 3025 1703 3092 Caietanus
1737 3032 1798 3090 et
1824 3027 1945 3091 alii
1953 3048 2218 3107 passam
2247 3027 2502 3094 Certum
2534 3030 2630 3092 est
2659 3029 2840 3106 enim,

386 3128 550 3212 quod
589 3128 695 3192 ubi
735 3128 947 3213 agitur
976 3128 1051 3193 de
1083 3129 1522 3194 consuetudine
1548 3131 1681 3194 tam
1713 3130 1875 3194 circa
1900 3130 2199 3195 ieiunium
2231 3150 2418 3212 quam
2451 3131 2611 3195 circa
2636 3149 2844 3195 omnes

386 3232 542 3296 alias
574 3232 882 3296 Ecclesiae
913 3230 1102 3314 legeS,
1137 3232 1361 3312 quibus
1412 3252 1588 3296 nemo
1622 3235 1813 3317 negat
1857 3252 1965 3315 per
2009 3232 2514 3296 consuetudinem
2563 3233 2845 3316 derogari

387 3353 583 3415 posse,
633 3334 978 3399 auctoritas
1011 3333 1335 3397 doctorum
1366 3335 1798 3410 recentiorum,
1849 3334 1994 3398 licet
2038 3335 2420 3414 pauciorum,
2456 3335 2560 3415 qui
2609 3335 2726 3400 soli
2773 3334 2846 3400 de

390 3435 717 3514 posteriori
778 3433 1070 3498 moderna
1118 3435 1559 3498 consuetudine
1609 3436 1836 3498 testari·
1867 3437 2145 3516 possunt,
2188 3435 2382 3516 pluris
2429 3434 2706 3500 facienda
2753 3439 2847 3502 aet

391 3535 454 3597 et
500 3536 629 3600 sine
676 3536 861 3599 dubio
910 3535 1302 3618 praeferenda
1336 3537 1716 3613 auctoritati,
1761 3537 1878 3599 etsi
1910 3536 2336 3612 communiori,
2386 3537 2710 3601 auctorum
2746 3558 2848 3603 an·

388 3641 750 3723 tiquiorum‚
800 3643 906 3724 qui
954 3641 1106 3705 nihil
1155 3641 1226 3706 de
1274 3643 1712 3707 consuetudine
1745 3644 1809 3707 in
1856 3645 2171 3726 posterum
2206 3643 2646 3708 introducenda
2693 3645 2846 3710 scire

388 3746 695 3826 poterant.
746 3744 903 3808 Cum
950 3748 1160 3809 autem
1206 3745 1506 3809 Auctores
1554 3746 1626 3809 de
1662 3746 1887 3828 'aliqua
1925 3746 2367 3810 consuetudine
2415 3747 2748 3822 testantur,
2782 3748 2845 3810 id

390 3867 511 3912 non
544 3849 773 3910 temere
806 3851 868 3910 et
899 3849 1026 3912 sine
1059 3849 1390 3913 sufficienti
1422 3848 1822 3914 fundamento
1856 3849 2207 3926 asseruisse,
2242 3848 2608 3914 credendum
2641 3849 2756 3912 est.

478 3950 594 4014 His
644 3949 955 4014 adnotatis
1003 3953 1162 4016 recte
1210 3951 1429 4015 docent
1476 3952 1633 4029 DD.,
1687 3952 2033 4035 antiquitus
2083 3952 2257 4029 nihil,
2310 3954 2552 4036 praeter
2597 3951 2846 4016 unicam

390 4053 851 4128 comestionem,
900 4072 1056 4133 quae
1102 4073 1349 4135 vespere
1403 4055 1783 4133 sumebatur,
1846 4054 2194 4119 refectionis
2251 4053 2489 4138 (quoad
2544 4055 2846 4136 sciamus)

388 4157 708 4239 sumptum
743 4154 930 4218 fuisse
962 4175 1071 4218 nec
1104 4156 1490 4238 permissum.
1532 4157 1740 4240 Lapsu
1773 4157 2069 4240 temporis
2102 4157 2195 4241 (a)
2231 4155 2656 4221 introductum
2684 4157 2846 4222 certe

496 4361 559 4410 (a)
589 4358 648 4400 In
671 4359 914 4401 Archivio
939 4358 1171 4412 Episcopi
1194 4359 1514 4402 Sablonensis
1534 4360 1757 4414 (Brixen)
1776 4364 2031 4403 ostensum
2053 4366 2129 4403 eat
2151 4360 2297 4402 Card.
2321 4360 2562 4414 Garampi
2583 4373 2704 4406 ann.
2724 4363 2846 4405 1761.

388 4425 750 4468 documentum
781 4426 1067 4469 donationis
1096 4439 1190 4469 sec.
1224 4426 1363 4470 XIII.
1387 4439 1500 4469 cum
1521 4440 1669 4470 onere
1698 4428 2120 4470 subministrandi
2154 4427 2331 4469 vinum
2364 4439 2452 4479 pro
2480 4428 2848 4472 refectiuncula

386 4494 800 4548 cappellanorum
830 4494 972 4536 illius
1001 4494 1238 4537 ecclesiae
1266 4495 1441 4536 diebus
1461 4495 1875 4549 quadragesimae
1905 4498 2017 4549 post
2038 4494 2452 4548 completorium;
2474 4508 2604 4548 quae
2624 4497 2850 4549 refectiO,

386 4561 461 4604 ait
500 4561 651 4615 idem,
696 4561 863 4604 adhuc
895 4562 1067 4612 durat,
1102 4574 1217 4604 cum
1246 4561 1548 4603 exhibeatur
1574 4562 1637 4604 iis
1665 4562 2007 4605 sacerdotibus
2035 4564 2246 4604 tantum
2277 4559 2386 4602 vini
2415 4564 2668 4614 quantum
2700 4563 2851 4605 unico

385 4627 574 4672 haustu
604 4628 865 4672 absorbere
895 4633 1121 4682 possunt.
1144 4628 1217 4672 cf.
1240 4628 1299 4672 D.
1320 4628 1561 4682 Gregorio
1582 4628 1835 4670 Palmieri.
1856 4628 2027 4671 Diario
2055 4628 2135 4670 del
2158 4626 2305 4670 Card.
2330 4625 2583 4682 Giuseppe
2604 4627 2846 4681 Gar-ampl

386 4710 497 4753 pag.
519 4700 586 4742 19.
611 4700 691 4742 An
721 4700 842 4743 vino
868 4703 1076 4743 tantum
1106 4699 1220 4742 boni
1249 4697 1328 4741 illi
1359 4697 1602 4741 Germani
1623 4698 1849 4741 contenti
1879 4697 2060 4740 erant?
2089 4698 2147 4739 E.
