3497 5147
325 316 457 386 [667]
1026 328 1109 369 ms
1148 328 1285 369 vo‘rr
1326 328 1724 373 mnu-Ariona
1761 328 2028 371 nmmo-n
2661 316 2767 371 507

319 425 642 511 Religioso‚
692 444 770 489 an
816 426 881 489 in
917 425 1312 490 commodum
1354 426 1664 491 irritantis
1712 428 1785 491 ut
1831 426 2080 492 domino
2127 427 2410 509 respectu
2456 427 2635 502 servi,
2688 446 2766 491 an

318 529 541 594 intuitu
586 529 930 610 utriusque,
972 530 1045 592 ut
1081 527 1245 611 patri
1278 531 1558 611 respectu
1590 528 1725 592 filii.
1764 526 1828 592 si
1860 529 2152 611 primum,
2186 528 2260 591 ut
2291 527 2462 594 licite
2491 528 2768 593 irritatio

316 632 440 708 fiat,
473 648 624 714 opus
668 633 785 710 est,
818 633 893 695 ut
928 631 1079 695 haec
1116 633 1438 696 censeatur
1469 631 1646 696 utilis
1693 633 1806 695 aut
1837 630 2088 696 voventi
2136 633 2251 696 aut
2286 631 2623 716 Religioni,
2658 632 2772 694 aut

316 732 470 816 quod
512 731 786 815 pensatis
834 733 1119 797 omnibus
1166 735 1489 798 censeatur
1534 734 1737 797 maius
1786 733 1901 798 Dei
1950 733 2381 816 obsequium...
2432 731 2498 798 Si
2553 751 2770 797 secun·

315 836 473 913 dum,
505 835 753 900 nullum
790 835 910 899 erit
953 835 1277 917 peccatum
1321 835 1385 899 id
1431 835 1629 902 facere
1678 836 1915 900 intuitu
1962 835 2197 918 proprii
2240 835 2580 912 commodi3
2620 835 2771 917 quia

313 936 591 1001 dominus
637 936 840 1000 utitur
885 955 950 999 re
981 955 1160 1001 sua...
1195 939 1260 1001 et
1305 937 1509 1002 solum
1558 939 1829 1021 oportet,
1862 940 1937 1001 ut
1969 937 2135 1002 adsit
2174 937 2313 1004 finis
2360 939 2658 1004 honestus
2707 939 2773 1002 et

311 1039 552 1121 insuper
597 1057 672 1102 ne
717 1038 833 1104 fiat
878 1039 1093 1103 contra
1140 1040 1487 1117 caritatem,
1536 1058 1697 1122 quae
1745 1039 1939 1104 etiam
1985 1057 2162 1103 servo
2210 1038 2487 1104 debetur.
2538 1038 2604 1105 Si
2649 1043 2773 1103 ter-

311 1142 482 1218 tium,
522 1140 688 1204 idem
735 1140 924 1207 dicito
974 1161 1045 1207 ac
1090 1142 1155 1206 in
1200 1141 1503 1216 secundm
1538 1142 1658 1206 nisi
1690 1141 1856 1224 quod
1903 1141 2128 1206 maiori
2167 1129 2548 1225 obligatione
2594 1143 2772 1225 pater

311 1244 547 1307 tenetur
595 1244 912 1309 consulere
945 1244 1107 1309 bono
1146 1244 1439 1322 filiorum,
1474 1245 1590 1308 aut
1621 1244 1715 1308 vir
1754 1244 1984 1319 uxoriS‚
2019 1245 2093 1310 ut
2128 1243 2280 1308 bene
2311 1262 2428 1308 sua
2458 1246 2773 1326 potestate

310 1347 545 1410 utatur.

391 1444 566 1519 687.
616 1449 723 1512 Ius
784 1448 1070 1513 irritandi
1117 1450 1265 1513 vota
1312 1448 1550 1513 Auctor
1594 1449 1746 1514 dicit
1793 1447 2114 1530 provenire
2160 1467 2233 1512 ex
2279 1446 2413 1512 iure
2471 1447 2770 1529 positivo:

306 1569 352 1615 8.
382 1551 571 1633 Alph.
608 1552 821 1616 autem
852 1551 988 1616 heic
1018 1571 1077 1615 n.
1112 1552 1263 1615 227.
1298 1551 1472 1615 addit
1502 1551 1822 1633 provenire
1862 1549 2054 1615 etiam
2094 1569 2166 1614 ex
2196 1550 2330 1615 iure
2362 1551 2644 1615 naturae.

391 1653 751 1734 Utrumque
787 1653 993 1736 quoad
1022 1653 1463 1719 filiosfamiliae
1493 1653 1645 1750 bene
1677 1652 2047 1716 conciliatur
2078 1651 2330 1716 dicendo
2370 1669 2513 1716 cum
2544 1650 2773 1717 Suarez

305 1754 377 1820 de
425 1755 600 1831 Veto,
631 1756 739 1821 lib.
775 1755 837 1819 6.
871 1776 1005 1839 cap.
1041 1757 1101 1819 6.
1135 1777 1194 1820 n.
1224 1757 1284 1820 2.
1312 1756 1430 1821 hoc
1461 1755 1558 1819 ius
1590 1753 1838 1819 fundari
1885 1754 1952 1818 in
1987 1753 2230 1820 ratione
2275 1753 2580 1828 naturam
2632 1754 2772 1818 addi

310 1861 516 1923 autem
558 1859 764 1944 legem
810 1859 1146 1942 positivam
1176 1857 1377 1940 quoad
1420 1857 1718 1940 temporis
1766 1856 2363 1921 determinationem.
2401 1856 2588 1921 Ratio
2623 1876 2772 1940 ergo

306 1963 419 2037 est,
453 1961 659 2044 inquit
689 1961 935 2036 Suarez‚
969 1962 1117 2043 quia
1149 1960 1315 2025 filius
1346 1960 1479 2024 iure
1510 1961 1773 2023 naturae
1804 1959 1898 2024 ita
1930 1960 2025 2023 est
2061 1958 2178 2022 sub
2212 1959 2523 2041 potestate
2553 1959 2772 2041 patris,

308 2065 380 2128 ut
425 2066 570 2129 ante
617 2082 802 2129 usum
848 2064 1109 2128 rationis
1156 2063 1481 2128 voluntate
1528 2062 1725 2146 patris
1772 2062 1906 2145 regi
1950 2060 2190 2140 debeat,
2231 2049 2324 2125 ita
2359 2061 2436 2126 ut
2480 2061 2775 2126 voluntas

299 2167 497 2248 patris
544 2165 667 2230 filii
696 2166 988 2230 voluntas
1035 2165 1374 2230 censeatur.
1414 2165 1759 2247 Postquam
1799 2165 2010 2229 autem
2055 2163 2274 2246 incipit
2320 2163 2488 2228 filius
2539 2165 2637 2228 uti
2679 2181 2775 2226 ra·

298 2268 486 2344 tione,
526 2267 682 2332 licet
725 2267 853 2331 iam
899 2267 1097 2349 possit
1140 2266 1331 2332 libere
1363 2267 1622 2349 operari,
1663 2265 1852 2330 habet
1884 2284 1994 2348 pro
2028 2265 2239 2348 aliquo
2277 2267 2555 2348 tempore
2587 2285 2774 2330 usum

294 2371 567 2435 rationis
618 2369 803 2434 nimis
850 2369 1218 2438 imbecillem
1252 2388 1323 2434 ac
1360 2371 1607 2434 tenuem
1640 2372 1704 2434 et
1740 2368 1877 2434 ideo
1913 2370 2079 2434 ratio
2111 2368 2417 2434 naturalis
2448 2368 2666 2446 dictat,
2700 2370 2776 2432 ut

294 2491 404 2555 pro
457 2472 681 2554 aliquo
730 2472 1006 2554 tempore
1044 2471 1307 2554 pendeat
1353 2490 1389 2535 a
1435 2472 1761 2537 voluntate
1808 2472 2026 2555 patris,
2074 2471 2299 2536 saltem
2335 2472 2541 2553 quoad
2588 2470 2777 2535 firmi-

292 2578 498 2640 tatem
548 2573 979 2659 obligationiS‚
1026 2576 1119 2639 ita
1167 2577 1239 2639 ut
1286 2594 1410 2639 non
1455 2576 1540 2639 sit
1587 2576 1835 2640 omnino
1883 2575 2084 2654 firma,
2133 2575 2324 2641 donec
2371 2576 2548 2657 pater
2599 2575 2775 2640 illam

291 2678 615 2761 approbet
657 2678 721 2741 et
764 2677 1031 2742 maxime
1076 2677 1140 2742 in
1186 2678 1436 2762 negotio
1485 2677 1879 2761 gravissimo,
1911 2679 2096 2759 quale
2134 2679 2230 2742 est
2262 2677 2664 2762 obligationis
2709 2677 2775 2741 in

292 2781 523 2859 Deum,
560 2799 728 2863 quae
758 2801 866 2865 per
896 2782 1117 2845 votum
1147 2780 1560 2845 contrahitur.

379 2884 466 2948 Et
501 2901 872 2966 quanquam
903 2900 975 2947 ex
1004 2882 1279 2967 generali
1307 2883 1545 2966 regula,
1578 2885 1858 2966 spectato
1889 2883 2023 2948 iure
2068 2883 2365 2960 naturali,
2399 2883 2777 2948 sufficienter

288 2986 419 3051 iam
453 2987 785 3052 constaret
821 2985 894 3049 cle
930 2986 1220 3051 libertate
1253 2986 1584 3051 sufficienti
1618 2985 1696 3049 ad
1722 2985 2169 3069 obligationem
2193 3005 2341 3071 erga
2372 2988 2594 3061 Deum,
2629 3005 2779 3067 quo-

283 3092 407 3157 ties
440 3090 705 3156 constet
727 3088 800 3153 de
825 3088 1158 3154 sufficienti
1188 3088 1478 3153 libertate
1512 3087 1589 3152 ad
1621 3088 1902 3173 graviter
1922 3089 2329 3171 peccandum;
2364 3089 2574 3152 tamen
2606 3089 2774 3168 quia,

284 3194 685 3279 regulariter
728 3191 1058 3273 loquendo,
1107 3191 1218 3255 illa
1265 3193 1439 3255 aetas
1484 3210 1606 3255 non
1655 3194 1750 3256 est
1812 3190 2126 3256 sufficiens
2183 3189 2259 3254 ad
2315 3189 2778 3255 deliberandum

281 3298 574 3379 perfecte
608 3295 674 3358 in
704 3293 956 3378 negotio
983 3295 1115 3359 tam
1139 3294 1315 3378 gravi
1349 3294 1412 3357 et
1442 3293 1589 3374 quia
1621 3293 1939 3358 vinculum
1974 3292 2126 3370 voti,
2163 3295 2470 3374 quatenus
2516 3294 2580 3358 in
2613 3293 2782 3357 futu-

281 3417 431 3464 rum
470 3396 747 3481 obligat,
784 3395 1048 3462 arduum
1085 3397 1148 3460 et
1180 3394 1593 3477 periculosum
1626 3398 1809 3460 estet
1838 3395 1904 3458 in
1935 3412 2007 3460 eo
2042 3393 2401 3471 emittendo,
2437 3395 2682 3476 quando
2715 3397 2782 3458 et

277 3499 622 3584 quomodo
670 3497 931 3581 expedit,
967 3499 1175 3580 potest
1222 3496 1519 3579 parvulus
1565 3496 1744 3561 facile
1792 3516 2025 3572 errare3
2062 3496 2198 3561 ideo
2251 3497 2430 3560 valde
2466 3500 2784 3560 consenta-

278 3623 482 3669 neum
527 3602 635 3666 est
662 3600 895 3665 rationi
924 3599 1219 3675 naturali,
1253 3600 1327 3662 ut
1350 3617 1461 3681 pro
1488 3598 1698 3679 aliquo
1723 3599 1998 3681 tempore
2034 3598 2332 3663 voluntas
2368 3598 2613 3681 parvuli
2645 3598 2780 3674 filii,

279 3707 491 3772 etiam
534 3705 689 3788 post
732 3704 1165 3785 comparatum
1194 3720 1379 3766 usum
1416 3700 1698 3777 rationiS‚
1739 3699 2004 3783 pendeat
2042 3719 2078 3763 a
2109 3700 2440 3765 voluntate
2485 3700 2682 3785 patris
2720 3704 2787 3766 et

279 3810 362 3874 ab
404 3828 487 3874 eo
532 3806 685 3871 tolli
717 3805 915 3888 possit
945 3805 1042 3869 vel
1079 3803 1451 3869 confirmari.
1494 3801 1671 3867 Suar.
1709 3802 1855 3867 ibid.
1883 3823 1943 3866 n.
1980 3803 2043 3867 3.

372 3907 769 3974 Necessaria
815 3925 960 3970 vero
1006 3905 1129 3970 fuit
1164 3906 1261 3970 lex
1291 3906 1580 3988 positiva,
1616 3924 1775 3988 quae
1822 3904 2130 3983 definiret,
2163 3924 2486 3989 quousque
2521 3907 2597 3972 ob
2647 3927 2785 3972 eam

274 4014 403 4079 filii
436 4009 991 4094 imperfectionem
1027 4008 1281 4073 duraret
1308 4008 1459 4074 haec
1491 4010 1748 4092 paterna
1786 4010 2095 4092 potestas;
2133 4028 2274 4074 cum
2307 4011 2469 4073 enim
2504 4010 2612 4073 alii
2636 4011 2787 4073 cele·

273 4118 444 4192 rius,
488 4113 618 4177 alii
662 4112 903 4175 tardius
949 4112 1191 4175 ratione
1237 4113 1516 4187 utantur,
1554 4131 1662 4175 nec
1709 4111 1806 4175 ius
1851 4113 2116 4177 naturae
2163 4112 2225 4176 id
2258 4112 2512 4175 definiat
2543 4129 2651 4174 nec
2689 4111 2788 4175 de·

270 4219 509 4286 buerit
545 4215 620 4280 id
649 4216 913 4298 relinqui
952 4215 1210 4280 arbitrio
1258 4216 1613 4297 parentum;
1655 4214 1870 4279 debuit
1915 4215 2030 4279 hoc
2079 4216 2246 4278 certo
2295 4212 2505 4295 aliquo
2557 4212 2785 4278 aetatis

274 4321 588 4388 termino
629 4317 884 4382 definiri.
918 4318 1063 4382 Ideo
1095 4317 1193 4380 lex
1230 4318 1521 4391 humana.
1559 4318 1891 4381 observans
1923 4316 2088 4397 quod
2125 4315 2508 4397 frequentius
2543 4304 2785 4391 accidit,

272 4445 399 4509 pro
438 4419 759 4488 masculis
784 4419 1135 4504 designavit
1166 4438 1264 4483 an.
1295 4419 1422 4480 14⁰¹
1456 4419 1788 4501 expletum,
1829 4438 1937 4501 pro
1979 4416 2221 4482 feminis
2253 4437 2395 4483 vero
2427 4419 2575 4494 12³¹,
2603 4419 2792 4501 prout

274 4528 555 4593 factum
592 4523 784 4587 etiam
818 4521 1098 4587 videmus
1148 4521 1224 4585 ad
1272 4520 1521 4583 firmum
1568 4521 1918 4584 habendum
1958 4520 2341 4603 sponsalium
2376 4522 2788 4585 contractum.
