3497 5147
435 362 578 437 [727]
1188 377 1392 419 ommi
1429 378 1540 418 mn:
1576 378 1766 419 πετο
1802 378 2133 419 ΡΒΟΗΙΒῙΤΑ
2785 369 2890 426 547

439 476 767 553 onerand0,
803 477 899 540 vel
936 475 1100 553 navi,
1132 477 1335 541 multo
1373 476 1685 541 difficilior
1720 475 1958 541 creditu
1989 477 2109 542 erit
2143 478 2294 541 haec
2339 479 2740 545 consuetudo.
2765 479 2825 544 N
2828 500 2895 545 ec

444 581 715 643 multum
765 579 842 643 ad
888 597 1019 643 rem
1076 579 1246 654 facit,
1295 578 1459 660 quod
1508 578 1735 643 dicitur
1781 578 1854 643 de
1914 579 2139 646 damno
2187 580 2441 645 vitando
2490 582 2603 645 aut
2648 583 2895 665 publica

436 681 733 745 utilitate.
773 679 938 745 Nam
983 680 1299 763 loquimur
1344 681 1527 746 modo
1575 681 1647 745 de
1693 700 1759 745 re
1803 681 1868 745 in
1916 700 1979 747 se
2015 684 2296 766 spectata
2327 684 2391 747 et
2423 683 2697 765 alioquin
2730 686 2892 750 ratio

437 784 645 848 damni
684 786 798 848 etc.
834 785 930 849 est
951 783 1265 849 excusatio
1297 783 1643 848 communis
1673 802 1785 867 pro
1822 784 2103 867 quolibet
2132 803 2312 869 opere
2341 785 2570 850 sel-viii.

1439 970 1543 1036 De
1588 970 1890 1036 molendo,

530 1132 707 1206 725.
734 1133 796 1199 S.
822 1134 1181 1219 Alphonsus
1202 1132 1311 1198 lib.
1346 1133 1408 1198 3.
1441 1153 1502 1198 n.
1538 1133 1689 1197 277.
1723 1133 2007 1198 admittit
2026 1133 2376 1199 doctrinam
2405 1134 2694 1214 Sanchez,
2728 1136 2894 1219 quod

435 1239 622 1302 liceat
655 1237 906 1313 molere,
955 1237 1010 1300 si
1043 1235 1212 1300 mola
1245 1235 1521 1320 agitetur
1552 1254 1715 1318 aqua
1748 1236 1846 1300 vel
1877 1237 2062 1301 vento
2095 1236 2193 1300 vel
2225 1236 2436 1322 (adde)
2468 1257 2714 1322 vapore.

528 1341 665 1405 Imo
705 1339 898 1417 addit,
935 1336 1265 1419 probabile
1309 1357 1461 1415 esse,
1516 1337 1682 1420 quod
1727 1338 1933 1414 liceat,
1982 1338 2100 1403 etsi
2155 1339 2324 1404 mola
2370 1341 2600 1424 agatur
2658 1340 2891 1417 bestiiS,

438 1443 684 1526 quando
730 1442 1083 1526 cooperatio
1121 1441 1186 1506 et
1228 1441 1406 1506 labor
1441 1440 1709 1506 hominis
1756 1440 1841 1506 sit
1885 1443 2183 1518 modicus,
2226 1460 2296 1506 ac
2340 1441 2566 1506 saltem
2601 1461 2725 1507 non
2762 1461 2893 1507 esse

432 1565 908 1731 gralnzpicienda
940 1650 1004 1715 et
1038 1648 1103 1712 in
1134 1647 1231 1712 his
1263 1647 1381 1712 erit
1426 1646 1828 1713 consuetudo.

543 1790 647 1842 Vll.
687 1790 736 1841 5.
765 1791 882 1842 Item
922 1801 1012 1841 nec
1049 1786 1232 1840 servile
1268 1794 1358 1849 est,
1388 1786 1495 1841 sive
1531 1785 1681 1850 gratis
1716 1785 1823 1840 sive
1861 1801 1952 1854 pro
1986 1786 2148 1854 pretio
2189 1787 2385 1849 docere,
2410 1786 2629 1852 studere,
2660 1782 2892 1852 scribere,

443 1871 794 1926 transscribere
824 1880 873 1926 el
908 1873 1174 1926 secundum
1200 1872 1455 1938 quosdam,
1486 1878 1538 1925 ut
1575 1870 1753 1925 Media.
1777 1874 1941 1939 Lopez
1977 1878 2026 1925 et
2062 1870 2330 1938 Armillam,
2357 1885 2564 1937 quorum
2602 1869 2891 1924 sementiam

442 1955 740 2025 probabilem
779 1958 923 2011 docet
960 1959 1130 2022 Laym.
1170 1962 1338 2010 contra
1378 1955 1487 2010 Fill.
1529 1957 1677 2023 Azor,
1714 1962 1766 2010 et
1808 1955 1932 2010 alios
1970 1957 2167 2020 multoS,
2205 1953 2405 2023 pingere
2441 1955 2588 2010 eliam
2624 1953 2895 2019 coloribus,

444 2043 575 2108 (nam
612 2043 673 2095 de
708 2041 915 2096 rudibus
940 2040 1247 2096 lineamentis
1273 2040 1494 2109 plerique
1519 2042 1847 2107 concedano:
1872 2047 2036 2095 terere
2067 2046 2227 2095 tamen
2252 2041 2446 2095 colores
2476 2048 2526 2094 et
2550 2054 2644 2094 uon
2677 2038 2894 2107 pingere,

439 2128 527 2180 sed
565 2125 763 2191 tingere,
793 2134 847 2180 ul
886 2141 934 2178 v.
960 2141 1034 2192 gr.
1061 2129 1283 2180 colorare
1320 2139 1513 2179 asseres
1551 2129 1630 2180 vel
1669 2140 1874 2193 pannos»,
1905 2127 2138 2179 dealbare
2173 2124 2405 2192 parietes,
2431 2123 2667 2179 illiberale
2705 2130 2795 2178 est.

1218 2300 1319 2366 De
1354 2301 1622 2367 docendo
1668 2304 1730 2365 et
1771 2299 2092 2366 studendo.

523 2457 699 2532 726.
734 2460 901 2526 Utut
922 2459 1235 2525 laboriosa
1265 2459 1416 2525 haec
1446 2478 1577 2525 esse
1608 2460 1861 2541 queant,
1892 2459 2104 2523 tamen
2133 2457 2418 2523 liberales
2449 2457 2722 2523 actiones
2746 2459 2894 2523 sunt

437 2564 513 2630 ad
571 2563 968 2630 excolendum
1036 2562 1315 2627 animum
1363 2562 1682 2629 ordinatae
1733 2582 1847 2628 nec
1901 2562 2194 2628 naturam
2261 2562 2513 2626 mutant
2580 2580 2780 2640 suam,
2844 2562 2896 2627 si

437 2668 634 2751 pretio
664 2668 839 2733 fiant.

1435 2839 1536 2907 De
1559 2841 1902 2908 scribendo.

525 3020 700 3095 727.
742 3022 936 3088 Nulla
982 3022 1264 3104 quaestio
1313 3023 1427 3099 est,
1461 3021 1708 3104 quando
1756 3022 1830 3087 de
1862 3041 1932 3087 eo
1967 3023 2199 3108 agitur,
2233 3023 2341 3105 qui
2374 3026 2485 3088 aut
2516 3043 2624 3107 per
2659 3041 2723 3088 se
2756 3042 2899 3106 pro—

440 3129 608 3213 prios
633 3128 963 3210 conceptus
996 3124 1302 3210 exprimit,
1337 3126 1449 3190 aut
1482 3124 1740 3190 alterius
1765 3124 2000 3190 dictata
2025 3125 2250 3209 excipit
2272 3144 2382 3208 pro
2415 3144 2528 3190 sua
2551 3124 2895 3209 disciplina,

433 3235 508 3297 ut
552 3232 882 3309 scholaris3
933 3230 1038 3296 sed
1085 3231 1156 3295 de
1203 3249 1274 3295 eo
1321 3230 1645 3313 disputant
1689 3230 1963 3313 quidam,
2011 3231 2121 3313 qui
2165 3231 2252 3295 sit
2296 3231 2476 3313 quasi
2519 3231 2897 3296 instrumen-

442 3336 578 3399 tum
627 3335 883 3399 alterius
929 3353 1040 3400 seu
1086 3334 1498 3412 amanuensiS,
1549 3333 1913 3415 praesertim
1959 3352 2124 3411 verO,
2174 3333 2227 3398 si
2274 3353 2397 3399 non
2442 3334 2758 3419 intelligat
2805 3353 2895 3410 ea,

433 3456 592 3520 quae
624 3436 854 3502 scribit.

527 3539 781 3616 Verum,
808 3539 883 3604 ut
915 3538 1006 3602 ait
1044 3538 1270 3604 Suarez
1303 3535 1345 3603 1.
1380 3557 1431 3602 c.
1467 3556 1519 3603 c.
1554 3538 1659 3600 24.
1694 3555 1755 3600 n.
1799 3537 1879 3614 7.,
1919 3537 2130 3621 potius
2167 3535 2499 3621 spectanda
2532 3538 2627 3601 est
2671 3537 2898 3601 natura

442 3645 722 3723 actioniS,
763 3665 952 3729 quam
985 3645 1380 3712 accidentalis
1418 3643 1690 3710 conditio
1727 3643 2072 3710 scribentis,
2113 3644 2293 3710 Aetio
2328 3646 2540 3709 autem
2572 3663 2644 3709 ex
2673 3644 2900 3708 natura

441 3767 555 3813 sua
603 3751 698 3814 est
744 3749 1033 3815 mentalis
1082 3751 1145 3814 et
1191 3747 1537 3834 spiritualis
1570 3766 1680 3812 nec
1723 3746 1929 3834 magis
1978 3749 2072 3812 est
2120 3766 2274 3830 opus
2320 3747 2562 3827 servile,
2612 3766 2801 3830 quam
2847 3748 2901 3812 si

445 3852 582 3933 quis
612 3852 797 3918 verba
844 3852 1049 3937 ignoti
1077 3852 1395 3918 idiomatis
1435 3870 1538 3917 ore
1585 3850 1969 3935 pronunciet.
2008 3851 2337 3916 Praeterea
2365 3851 2512 3917 licet
2557 3870 2680 3917 non
2725 3850 2904 3917 intel-

446 3952 606 4038 ligat
650 3956 936 4035 scribens,
973 3958 1041 4020 at
1087 3955 1303 4020 scribit
1347 3956 1423 4020 ut
1455 3954 1563 4018 alii
1594 3954 1953 4040 intelligant
1992 3956 2055 4020 et
2084 3954 2173 4019 sic
2208 3954 2331 4019 ista
2363 3974 2609 4038 quoque
2646 3955 2900 4039 scriptio

452 4054 773 4121 ordinatur
821 4056 899 4120 ad
927 4059 1199 4121 mentem
1243 4076 1366 4123 non
1415 4056 1493 4121 ad
1538 4076 1781 4141 corpuS.
1830 4056 2006 4137 Quod
2058 4077 2203 4123 vero
2254 4057 2647 4123 amanuensis
2690 4057 2767 4122 ob
2812 4057 2905 4120 lu-

437 4179 611 4223 crum
657 4160 907 4237 scribat,
947 4177 1069 4225 non
1100 4160 1312 4224 mutat
1340 4162 1633 4225 naturam
1664 4162 1863 4226 actua.
1911 4159 1995 4224 Et
2039 4161 2265 4226 durum
2302 4162 2366 4226 et
2411 4179 2698 4243 asperum
2744 4160 2905 4225 foret

444 4261 661 4339 dicere,
717 4279 840 4326 non
891 4279 1071 4345 posse
1101 4260 1416 4326 doctorem
1454 4264 1552 4327 uti
1584 4263 1946 4328 amanuensi
1978 4262 2074 4328 die
2112 4263 2270 4329 festo
2320 4263 2397 4329 ad
2444 4262 2764 4328 scribenda
2810 4282 2901 4340 ea,

447 4381 605 4445 quae
637 4364 846 4428 sancte
880 4364 943 4429 et
966 4362 1211 4428 utiliter
1241 4362 1509 4446 concipit
1538 4383 1650 4449 pro
1676 4384 1740 4430 se
1768 4366 1879 4429 aut
1911 4383 2021 4450 pro
2056 4365 2195 4431 aliis
2242 4391 2303 4430 ».
2344 4366 2444 4430 Ita
2483 4364 2709 4431 Suarez
2755 4364 2902 4431 ibid.

439 4486 498 4529 n.
528 4466 590 4531 8.
624 4466 697 4531 de
730 4486 793 4532 se
824 4468 988 4533 certe
1025 4465 1218 4531 etiam
1247 4465 1525 4547 loquens.
