3497 5147
762 343 872 399 394
1069 354 1281 396 ’τι-11101.
1309 356 1387 396 vr.
1415 355 1577 396 sacr.
1608 356 1671 396 11.
1696 356 1783 395 11111
1809 354 2088 396 sncmmo
2113 352 2329 395 ruam.
2348 352 2679 394 pacamur.
2706 353 2840 395 car.
2867 354 2908 393 1.
3073 342 3224 409 [5111

850 454 933 517 Et
963 453 1233 518 Escobar
1270 454 1348 516 tr.
1385 454 1489 515 28.
1526 471 1659 535 cap.
1695 453 1800 515 32.
1841 473 1899 515 n.
1940 452 2085 514 744.
2122 451 2438 534 probabile
2485 451 2693 515 censet
2723 450 2876 514 haec
2905 467 3035 514 esse
3067 450 3228 515 iura-

760 558 971 621 menta
995 573 1116 620 non
1142 555 1523 638 blasphema,
1558 556 1705 619 licet
1743 555 2121 638 propendeat
2155 555 2219 618 111
2252 553 2632 618 contrariam
2664 551 3063 617 sententiam.

849 658 1105 740 Reneyo
1129 656 1357 734 Deum,
1375 658 1506 721 nisi
1537 663 1591 720 te
1596 677 1962 739 percussero
1987 657 2257 722 Escobar
2279 676 2380 721 nn.
2412 656 2740 720 733.-734.
2765 655 2905 720 vult
2927 674 3060 719 esse
3082 655 3228 719 hae-

759 761 1095 826 reticalem.
1132 758 1267 838 Sed,
1296 762 1368 824 ut
1394 761 1558 824 aits,
1585 760 1793 843 Alph.,
1822 779 2037 824 sensus
2057 763 2179 824 est:
2215 759 2390 824 Sicut
2420 761 2517 823 est
2546 759 2806 836 certum,
2833 756 3000 838 quod
3023 758 3222 822 Deum

759 884 883 930 non
915 864 1174 948 negab0‚
1208 863 1299 928 ita
1334 864 1612 927 animum
1644 864 1884 927 certum
1923 863 2119 927 habeo
2153 865 2216 927 te
2255 860 2657 945 percutiendi.

851 968 1047 1032 Item:
1099 964 1241 1029 Hoc
1287 970 1380 1029 est
1424 986 1656 1039 verum,
1704 966 1868 1028 sicut
1911 964 2107 1029 Deus.
2155 965 2239 1029 Et
2275 965 2424 1029 bene
2471 963 2745 1028 Escobar
2771 984 2833 1027 n.
2871 963 3018 1026 737.
3054 962 3222 1040 dicit,

761 1071 1019 1153 pendere
1067 1089 1101 1132 a
1149 1070 1354 1133 mente
1402 1069 1788 1153 proferentiS,
1826 1089 1900 1132 an
1952 1069 2274 1151 aequalem
2305 1087 2446 1132 cum
2484 1068 2616 1132 Deo
2647 1066 3085 1131 certitudinem
3115 1085 3222 1131 seu

759 1172 1089 1237 veritatem
1122 1171 1430 1235 affirmare
1456 1171 1625 1235 velit.
1659 1171 1746 1236 At
1769 1172 1972 1254 reipsa
2003 1190 2126 1235 non
2157 1170 2231 1235 fit
2264 1170 2646 1252 comparatio
2671 1169 2795 1233 ista
2827 1170 2959 1233 Deo
2991 1168 3222 1244 odiosa,

759 1273 863 1338 sed
898 1273 1100 1336 solum
1139 1274 1371 1336 certam
1406 1273 1662 1337 alterius
1695 1274 1783 1337 rei
1818 1272 2148 1337 veritatem
2188 1273 2506 1338 ostendere
2538 1273 2680 1355 quis
2711 1272 2871 1338 vult.

850 1377 1008 1440 Item
1041 1375 1460 1458 blasphemiae
1508 1396 1649 1441 cum
1688 1375 2065 1441 conditione:
2114 1375 2295 1439 Faor
2341 1376 2409 1438 di
2454 1375 2606 1451 Dio,
2653 1395 2720 1439 se
2768 1374 2892 1439 l'ho
2937 1373 3092 1454 fatto
3136 1375 3225 1437 io,

758 1478 844 1541 Et
890 1477 1077 1542 refert
1124 1497 1171 1540 S.
1213 1476 1567 1559 Alphonsus
1615 1477 1657 1540 1.
1693 1498 1744 1541 0.
1781 1477 1853 1542 de
1899 1478 1997 1541 his
2052 1478 2270 1542 formis
2315 1479 2523 1542 varias
2554 1479 2692 1542 DD.
2726 1477 3217 1561 speculationes:

758 1583 909 1646 bene
958 1585 1169 1646 autem
1216 1582 1549 1661 concludit,
1590 1582 1751 1664 quod
1804 1583 1913 1664 qui
1957 1582 2112 1646 talia
2144 1582 2398 1666 profert,
2431 1582 2569 1646 ideo
2616 1581 2705 1646 sic
2733 1582 3036 1663 loquitur,
3075 1580 3224 1664 quia

758 1704 882 1751 non
914 1685 1054 1751 vult
1083 1685 1487 1768 blaspemare.

1647 1840 1870 1921 Quoad
1903 1839 2357 1905 haeretiealem.

851 1991 984 2066 511.
1022 1995 1082 2060 S.
1116 1997 1301 2080 Alph.
1336 2016 1375 2059 n
1404 1997 1551 2058 123.
1578 1997 1803 2059 notans
1837 1995 2281 2080 obligationem
2307 1995 2731 2071 denuntiandi,
2766 1994 3037 2059 advertit
3074 1992 3225 2058 obli-

759 2100 1079 2184 gationem
1124 2099 1186 2163 id
1234 2099 1599 2181 exsequendi
1644 2099 1810 2163 intra
1859 2119 1962 2163 sex
2009 2099 2137 2163 dies
2206 2098 2522 2182 propriam
2591 2117 2721 2163 esse
2791 2097 3223 2180 Inquisitiom's

759 2202 1126 2285 Hispaniae:
1160 2203 1293 2267 heic
1341 2203 1544 2267 valere
1582 2203 1866 2287 regulam
1903 2202 2252 2286 generalem
2297 2203 2485 2266 unius
2519 2202 2775 2267 mensis.

846 2305 930 2368 Et
945 2306 1094 2370 bene
1127 2305 1319 2382 addit,
1343 2306 1408 2369 in
1433 2305 1897 2369 desuetudinem
1932 2304 2152 2368 abiisse
2187 2304 2629 2388 obligationem
2654 2303 3057 2368 denuntiandi
3082 2304 3223 2368 sim-

756 2407 945 2488 plices
977 2408 1411 2490 blasphemias,
1452 2427 1609 2489 quae
1642 2408 1849 2492 viguit
1881 2427 1952 2471 ex
1984 2407 2226 2472 decreto
2275 2406 2423 2471 Iulii
2454 2406 2570 2471 III.

844 2510 1062 2591 Quoad
1093 2509 1579 2575 denuntiandam
1624 2509 2079 2588 haereticalem,
2113 2510 2263 2575 haec
2300 2528 2446 2593 prae
2471 2509 2666 2575 oculis
2704 2509 3087 2576 habeantur:

938 2615 1005 2675 1ο
1043 2611 1469 2677 Confessarius
1515 2612 1690 2675 nulla
1719 2611 1982 2690 speciali
2010 2614 2253 2677 ratione
2290 2614 2538 2677 tenetur
2569 2614 2643 2678 de
2674 2614 2790 2679 1100
2837 2614 3217 2698 obligatione

755 2714 1172 2797 poenitentem
1201 2732 1484 2790 monere:
1521 2714 1585 2778 et
1614 2713 1752 2778 ideo
1786 2715 2103 2798 generales
2135 2716 2385 2800 regulas
2432 2715 2639 2797 quoad
2670 2716 3084 2782 monitionem
3129 2717 3216 2783 fa·

753 2814 1033 2879 ciendam
1077 2814 1254 2897 sequi
1298 2814 1496 2880 debet.

936 2919 1005 2981 2ο
1030 2916 1341 2983 Adiuncta
1371 2918 1769 3002 inspicienda,
1805 2940 1882 2984 an
1906 2922 1971 2985 in
2007 2940 2196 3005 grave
2228 2921 2524 2985 damnum
2556 2920 2985 2987 denuntiantis
3022 2924 3211 2993 cedat.

754 3021 946 3086 etiam
977 3041 1035 3086 v.
1069 3041 1164 3108 gr.
1199 3021 1364 3103 quod
1413 3023 1825 3087 communiter
1871 3023 2084 3087 deinde
2116 3024 2353 3088 vitetur
2396 3025 2472 3088 ut
2516 3023 2758 3089 delator
2788 3025 2985 3108 (spia)
3017 3029 3082 3091 et
3126 3046 3215 3091 ca-

752 3124 940 3187 veant
978 3123 1056 3188 ab
1102 3124 1237 3206 ipso
1287 3142 1517 3188 omnes.
1556 3125 1877 3189 Interdum
1922 3127 2214 3210 graviora
2251 3125 2527 3191 timenda
2564 3128 2750 3192 erunt
2777 3147 2890 3209 pro
2937 3129 3212 3195 locorum

754 3226 1058 3291 varietate
1095 3228 1160 3291 et
1189 3226 1487 3291 moribus.

934 3328 1003 3391 3⁰
1034 3328 1509 3411 Inspiciendum,
1544 3350 1694 3394 num
1741 3330 1982 3395 fructus
2016 3331 2130 3395 aut
2158 3332 2565 3415 correptionis
2610 3335 2726 3397 aut
2769 3333 3215 3399 emendationis

751 3431 1090 3515 sperandus
1138 3433 1240 3497 sit.
1287 3431 1453 3497 Nam
1487 3453 1667 3516 saepe
1697 3453 1773 3497 ne
1812 3434 2171 3500 admittitur
2207 3435 2457 3518 quidem
2502 3435 2932 3501 denuntiatio:
2967 3436 3208 3502 difficile

749 3535 845 3599 est
891 3534 1163 3599 invenire
1195 3536 1406 3612 testea,
1440 3554 1562 3600 non
1595 3536 1883 3619 puniunt,
1923 3538 2107 3622 idque
2146 3539 2338 3603 etiam
2370 3538 2449 3602 ob
2480 3537 2980 3621 delinquentium
3007 3540 3213 3604 multi-

750 3635 1031 3700 tudinem
1063 3637 1125 3700 et
1156 3636 1305 3718 quia
1336 3639 1683 3722 generatim
1714 3640 1779 3703 in
1811 3641 2183 3721 quibusdam
2221 3640 2579 3706 hominibus
2624 3659 2748 3706 non
2793 3642 3214 3725 praesumitur

750 3737 1034 3801 formalis
1067 3738 1357 3803 haeresis.

1405 3899 1662 3966 Poenae
1708 3902 2102 3968 haereticalis
2150 3904 2583 3988 blasphemiae.

841 4049 999 4170 512.
1051 4054 1201 4120 Fuit
1249 4056 1399 4120 olim
1438 4059 1676 4124 'crimen
1724 4059 1844 4125 fori
1889 4062 2097 4125 mixti:
2146 4063 2295 4145 quia
2341 4065 2716 4147 puniebatur
2760 4067 2898 4154 lege
2935 4068 3104 4133 civili
3150 4070 3215 4132 et

748 4176 1063 4223 0011011100.

838 4258 1022 4325 Civili
1076 4262 1212 4347 lege
1266 4263 1642 4344 puniebatur
1671 4268 1892 4342 morte,
1933 4267 2310 4345 triremibuS,
2347 4269 2717 4337 abscissione
2746 4273 3018 4359 linguae.
3065 4273 3216 4338 Iure

748 4356 1057 4427 Canonico
1106 4365 1350 4429 statuta
1398 4368 1532 4429 erat
1581 4366 1729 4430 olim
1762 4369 2142 4451 poenitentia
2191 4371 2525 4451 sollemnis,
2560 4374 2698 4438 tum
2744 4374 3045 4459 depositio
3094 4393 3212 4457 pro

748 4459 1003 4542 clerico,
1043 4486 1153 4549 pro
1178 4467 1366 4531 Laico
1399 4471 1972 4536 excommunicatio.
2014 4470 2131 4536 Sed
2162 4492 2393 4557 poenae
2429 4475 2587 4540 istae
2619 4476 2950 4543 obsoletae.

838 4565 1009 4632 Solet
1041 4569 1120 4632 ab
1165 4569 1487 4652 Episcopis
1535 4572 1876 4649 reservari3
1926 4574 2030 4638 sed
2079 4595 2259 4641 casus
2306 4577 2669 4663 episcopalis
2716 4580 2836 4645 erit
2879 4581 3103 4657 solum,
3157 4582 3214 4647 si
