3497 5147
688 322 798 378 590
994 336 1207 379 macr.
1234 337 1313 378 w.
1341 335 1503 377 sacr.
1530 337 1620 376 m.
1647 337 1733 376 ma
1755 335 1977 377 ‘rnn'rro
2002 335 2220 377 ruane.
2243 334 2571 377 DncALOGI.
2603 302 2745 375 131113.
2776 333 2831 373 v.
3002 318 3145 388 [mo]

777 434 968 511 Adde,
1019 453 1216 516 neque
1262 452 1393 498 esse
1442 432 1909 517 obligationem,
1959 432 2037 496 ad
2089 430 2594 497 satisfaciendum
2641 429 2989 512 praecepto,
3038 448 3151 493 au-

688 536 893 601 diendi
938 535 1198 600 Missam
1245 536 1309 599 in
1357 535 1604 618 proprio
1650 535 1800 611 ritu,
1834 537 1988 616 puta
2033 535 2230 599 latino
2279 535 2379 597 vel
2422 550 2663 617 graeco,
2698 534 2773 595 ut
2810 530 3152 596 declaravit

689 659 737 704 s.
772 659 822 703 0.
857 639 925 703 P.
962 639 1031 702 F.
1068 638 1173 702 30.
1208 639 1356 722 Apr.
1398 638 1587 702 1862.
1622 635 2044 720 (Collectanea
2075 637 2173 719 (P.
2208 637 2288 699 F.
2312 656 2371 699 n.
2408 636 2653 716 2023.).

1781 895 1944 959 Dus.
1979 893 2055 958 V.

1304 1054 1474 1134 Quae
1521 1057 1817 1117 excusent
1858 1051 1937 1115 ab
1983 1052 2302 1115 auditione
2348 1052 2534 1115 sacri.

800 1251 1040 1303 XXXVI.
1068 1254 1213 1317 Resp.
1245 1253 1382 1304 Duae
1422 1257 1534 1304 sunt
1570 1264 1764 1313 causae,
1793 1263 1998 1316 quarum
2028 1252 2179 1302 altera
2218 1249 2261 1303 si
2296 1248 2440 1310 adsit.
2473 1263 2568 1302 non
2610 1247 2788 1301 teneris
2824 1263 3000 1302 curare
3026 1251 3151 1302 cele·

696 1334 830 1387 brari
856 1334 1083 1401 privatim
1103 1335 1152 1388 in
1181 1334 1398 1403 portatili
1424 1350 1533 1389 cum
1562 1333 1839 1400 privilegio,
1869 1348 2026 1400 neque
2050 1332 2163 1399 (etsi
2189 1333 2238 1387 id
2275 1333 2469 1387 consilii
2495 1333 2580 1400 sit)
2612 1347 2781 1400 preces
2812 1331 3002 1387 interim
3029 1332 3150 1386 alias

695 1417 806 1471 loco
830 1417 1005 1472 Missae
1034 1419 1227 1485 dicere3
1250 1427 1302 1473 ut
1326 1423 1473 1473 habet
1498 1421 1618 1472 Nav.
1647 1433 1692 1471 c.
1721 1418 1805 1471 43.
1832 1421 1976 1471 Suar.
2005 1416 2112 1471 Fili.
2143 1424 2176 1471 t.
2204 1418 2254 1470 5.
2280 1432 2326 1470 c.
2350 1419 2402 1470 7.
2428 1432 2475 1482 q.
2507 1419 2588 1470 Μ.

803 1503 955 1556 Prima
996 1519 1141 1558 causa
1181 1511 1256 1558 est
1293 1503 1596 1571 impotentia,
1636 1506 1713 1555 vel
1754 1501 2036 1568 simpliciter
2075 1501 2155 1555 vel
2194 1501 2410 1566 moram,
2442 1508 2526 1555 aut
2551 1500 2811 1555 difficultas
2849 1516 2910 1554 ex
2949 1501 3154 1555 notabili

696 1585 1004 1641 incommodo
1042 1588 1245 1655 proprio
1271 1592 1349 1643 vel
1377 1587 1607 1656 proximi,
1635 1586 1860 1654 corporis
1888 1590 1964 1639 vel
1994 1589 2236 1640 bonorum
2264 1589 2341 1639 vel
2368 1584 2513 1640 etiam
2539 1585 2766 1639 honoris:
2794 1585 2904 1651 quia
2935 1589 3053 1639 haec
3078 1596 3153 1639 est

697 1686 834 1725 mens
858 1673 1108 1726 Ecclesiae
1140 1673 1486 1740 praecipientis
1510 1671 1664 1726 instar
1691 1671 1935 1725 discretae
1955 1677 2004 1724 et
2030 1673 2299 1724 benevolae
2319 1669 2507 1723 matr-ie.
2528 1671 2652 1722 Bon.
2672 1673 2720 1724 d.
2747 1671 2793 1723 4.
2816 1685 2863 1735 q.
2887 1672 2975 1724 ult.
2997 1686 3044 1737 p.
3065 1673 3154 1724 ult.

694 1759 872 1811 Navar.
899 1758 1006 1812 Fin.
1034 1766 1069 1813 t.
1097 1761 1147 1812 5.
1174 1774 1217 1813 c.
1241 1760 1294 1811 7.
1316 1775 1362 1826 q.
1393 1761 1474 1812 Μ.
1501 1762 1643 1812 Suar.
1670 1760 1720 1810 d.
1746 1759 1833 1810 85.

802 1846 1024 1896 Secunda
1062 1858 1209 1896 causa
1246 1852 1322 1897 est
1360 1845 1703 1910 quodcumque
1729 1842 1966 1896 motivum
1998 1840 2307 1908 rationabile,
2345 1855 2442 1908 quo
2480 1839 2591 1907 quis
2630 1843 2756 1895 bona
2789 1842 2886 1894 nde
2925 1847 3064 1907 putat
3102 1856 3155 1894 se

700 1927 943 1981 excusari.
974 1929 1038 1980 V.
1066 1931 1207 1981 Suar.
1233 1927 1282 1981 in
1311 1930 1356 1980 3.
1389 1944 1436 1995 p.
1462 1943 1501 1982 S.
1530 1929 1579 1981 6.
1605 1941 1649 1980 c.
1677 1929 1727 1981 5.
1757 1929 1923 1992 Laym.
1952 1934 2000 1980 et
2026 1928 2148 1979 Bon.
2177 1929 2209 1979 1.
2237 1942 2279 1979 c.

783 2064 963 2138 800.
1006 2066 1263 2147 Quaerit
1298 2087 1347 2132 s.
1382 2068 1567 2151 Alph.
1601 2088 1660 2131 n.
1697 2067 1847 2131 319.
1883 2067 2026 2130 dub.
2062 2068 2123 2130 3.
2160 2086 2237 2130 an
2270 2066 2557 2131 dominus
2591 2068 2876 2130 teneatur
2908 2066 3006 2131 uti
3038 2067 3157 2150 pri·

694 2170 922 2256 vilegio
961 2170 1255 2247 Oratorii,
1298 2171 1351 2235 si
1382 2190 1503 2236 non
1535 2171 1736 2253 possit
1767 2169 1936 2234 adire
1984 2169 2302 2233 ecclesiam
2348 2171 2412 2232 et
2443 2168 2671 2246 subdit,
2712 2169 2936 2233 merito
2974 2168 3039 2232 id
3072 2168 3157 2233 af-

696 2272 942 2337 firmare
966 2272 1437 2357 Pasqualigum,
1465 2271 1788 2337 Gatticum
1822 2272 1885 2336 et
1907 2270 2328 2335 Fortunatum
2362 2289 2398 2333 a
2429 2269 2660 2346 Brixia,
2688 2269 2740 2334 si
2772 2269 3157 2334 sacerdotem

696 2376 1016 2441 commode
1052 2376 1277 2441 habere
1307 2376 1533 2458 possit3
1574 2375 1722 2459 quia
1772 2395 1982 2440 omnes
2020 2377 2310 2440 tenentur
2355 2375 2608 2456 implere
2645 2375 3062 2457 praeceptum,
3103 2374 3159 2438 si

690 2479 754 2542 id
800 2480 1040 2561 possint
1086 2479 1215 2543 sine
1260 2480 1441 2563 gravi
1484 2478 1896 2543 incommodo.

782 2583 868 2646 At
899 2584 1064 2646 enim
1098 2583 1165 2646 10
1189 2582 1479 2647 Gatticus
1509 2583 1639 2666 ipse
1671 2581 1907 2646 fatetur
1937 2601 2070 2664 cap.
2099 2583 2204 2645 20.
2230 2602 2290 2645 n.
2319 2581 2447 2659 36„
2474 2581 2529 2645 si
2552 2581 2737 2644 DDm.
2771 2600 3029 2647 numero
3057 2602 3156 2647 res

694 2685 1037 2751 definienda
1074 2687 1175 2765 sit,
1211 2686 1419 2769 plures
1451 2687 1616 2750 stare
1646 2705 1758 2769 pro
1793 2686 2078 2768 opposita
2110 2685 2433 2749 sententia.

874 2789 944 2850 20
975 2787 1220 2852 Horum
1251 2788 1502 2865 rationi,
1542 2788 1674 2853 scil.
1709 2788 2058 2870 privileyia
2089 2808 2249 2851 mere
2276 2786 2646 2868 personalia
2661 2807 2786 2867 pro
2819 2785 3014 2851 lubito
3061 2789 3158 2852 de·

698 2891 827 2955 seri
867 2895 982 2954 aut
1023 2892 1325 2971 usurpari
1355 2911 1543 2971 posse
1588 2890 1748 2955 nihil
1795 2891 1980 2956 solidi
2026 2889 2372 2974 respondet.

873 2993 943 3056 30
965 2992 1131 3057 Nam
1162 2993 1329 3075 quod
1360 2994 1452 3056 ait
1475 3013 1533 3057 n.
1561 2994 1667 3057 37.
1694 2993 2091 3076 privilegium
2121 2992 2384 3056 transire
2415 2991 2478 3054 in
2510 2991 2717 3056 locum
2749 2991 2976 3073 ipsum,
3005 2990 3155 3055 adeo

693 3095 921 3160 falsum
955 3114 1064 3177 pro
1088 3114 1154 3159 re
1185 3096 1399 3159 nostra
1424 3096 1537 3172 est,
1565 3096 1639 3158 ut
1670 3095 1747 3158 ad
1780 3095 2052 3158 lubitum
2076 3094 2250 3159 locus
2273 3094 2403 3177 ipse
2427 3094 2489 3157 in
2524 3092 2680 3157 alios
2703 3111 2855 3157 usus
2881 3093 3157 3157 converti

693 3199 901 3280 queat.

872 3302 942 3363 40
990 3301 1259 3365 Etiamsi
1287 3301 1462 3366 locus
1508 3301 1670 3366 foret
1714 3320 1855 3365 vere
1902 3319 2093 3378 sacer,
2142 3301 2451 3364 undenam
2497 3316 2730 3364 novum
2775 3299 2892 3362 hoc
2941 3298 3160 3381 prinei·

694 3404 868 3489 pium
915 3403 1140 3487 prodit,
1175 3404 1341 3486 quod
1386 3404 1668 3486 quisquis
1699 3403 1796 3468 die
1829 3403 1986 3468 festo
2019 3423 2143 3469 non
2175 3403 2382 3487 potest
2414 3420 2664 3485 pergere
2703 3400 2781 3464 ad
2813 3401 3155 3477 ecelesiam,

695 3507 759 3570 in
791 3527 915 3590 qua
962 3506 1309 3571 celebratur
1339 3506 1553 3585 Missa,
1586 3507 1876 3571 teneatur
1920 3525 2155 3581 curare,
2196 3507 2271 3569 ut
2301 3504 2497 3568 Missa
2533 3502 2875 3568 celebretur
2919 3503 2984 3567 in
3032 3503 3158 3566 alia

696 3610 970 3685 ecclesia,
1007 3608 1084 3673 ad
1132 3628 1322 3691 quam
1368 3610 1575 3692 potest
1622 3610 1944 3674 accedere?
1980 3609 2063 3672 Et
2092 3610 2301 3672 tamen
2341 3606 2457 3669 hoc
2489 3624 2525 3668 a
2557 3604 2800 3670 fortiori
2833 3603 3159 3669 dicendum

693 3710 872 3789 foret,
907 3732 1048 3776 cum
1079 3712 1213 3776 heic
1244 3730 1367 3776 non
1407 3713 1634 3796 agatur
1671 3712 1742 3776 de
1781 3730 1900 3776 usu
1932 3708 2262 3794 privilegii.

873 3814 943 3877 5⁰
974 3812 1153 3892 Quod
1198 3833 1343 3879 vero
1393 3814 1484 3878 ait
1514 3835 1574 3879 n.
1610 3815 1715 3877 36.
1748 3814 2015 3878 liberum
2061 3829 2192 3875 esse
2238 3809 2487 3891 quidem
2533 3811 2850 3894 postulare
2897 3811 2997 3875 vel
3035 3829 3156 3875 non

695 3915 1011 3999 postulare
1057 3916 1473 4001 privilegium,
1506 3935 1630 3980 non
1677 3934 1820 3979 vero
1869 3914 2014 3997 post
2060 3912 2385 3977 obtentum
2416 3912 2812 3997 privilegium
2843 3931 2977 3977 esse
3015 3912 3161 3976 libe-

699 4038 840 4084 rum
886 4038 1092 4095 usum,
1126 4019 1243 4083 hoc
1290 4019 1384 4083 est
1428 4017 1678 4082 falsum.
1716 4016 1800 4079 Et
1845 4016 1900 4078 si
1944 4014 2017 4091 ia,
2066 4014 2175 4095 qui
2218 4034 2325 4097 per
2361 4034 2546 4080 usum
2592 4014 2903 4099 privilegii
2949 4015 3160 4098 posset

695 4121 897 4208 legem
944 4121 1221 4203 aliquam
1270 4121 1612 4195 observare,
1643 4119 1985 4182 incurreret
2031 4114 2493 4202 obligationem,
2533 4136 2658 4198 qua
2696 4116 2977 4199 alioquin
3008 4117 3159 4181 liber

703 4227 862 4289 esset
908 4224 1186 4306 spectato
1232 4222 1366 4287 iure
1414 4219 1746 4295 communi,
1781 4218 2176 4304 privilegium
2208 4220 2447 4284 cederet
2477 4218 2596 4303 ipsi
2626 4237 2749 4283 non
2782 4219 2845 4283 in
2891 4237 3159 4284 commo·

694 4326 862 4402 dum,
898 4327 1005 4390 sed
1034 4346 1390 4411 gravamen.

788 4427 843 4490 A
890 4427 1134 4493 fortiori
1184 4433 1396 4494 autem
1442 4427 1670 4493 falsum
1716 4427 1838 4492 dici
1883 4427 2081 4506 debet,
2132 4428 2298 4512 quod
2344 4431 2406 4493 et
2452 4448 2500 4493 s.
2535 4427 2719 4510 Alph.
2754 4426 2797 4490 1.
2833 4446 2885 4491 0.
2927 4426 3156 4503 subdit,

697 4526 888 4591 teneri
922 4527 1243 4594 dominum
1275 4530 1369 4595 uti
1402 4549 1514 4596 suo
1547 4530 1893 4616 privilegiO,
1928 4531 1981 4596 si
2010 4550 2133 4596 non
2164 4532 2372 4616 potest
2418 4529 2696 4595 accedere
2728 4527 2808 4592 ad
2840 4529 3157 4595 ecclesiam
