3497 5147
280 345 405 421 [646]
858 357 1024 406 Quam
1062 358 1141 398 11η·
1174 357 1423 406 0331113
1462 358 1557 399 sn·
1594 357 1928 399 0113133110
1968 358 2109 400 von
2609 346 2718 401 493

437 452 507 518 4⁰
538 454 835 537 Denique,
861 457 937 519 ut
969 455 1121 519 bene
1159 455 1370 539 arguit
1400 454 1768 520 Tambtuini
1797 454 2019 520 Decal.
2043 456 2152 520 lib.
2180 455 2241 519 3.
2266 474 2399 541 eap.
2432 458 2533 521 12.
2565 459 2621 541 g.
2651 459 2712 522 3.

278 582 329 625 n.
363 559 480 635 11.‚
514 576 715 636 neme,
749 575 891 622 eum
936 555 1046 621 dat
1092 559 1320 634 totum,
1362 557 1527 640 quod
1571 559 1863 642 promisit
1899 559 1963 624 et
2007 559 2255 624 nullum
2300 558 2597 625 damnum
2643 580 2714 625 ex

276 660 555 727 dilatione
599 659 890 726 creditori
919 659 1126 746 gignit
1170 659 1365 742 (quod
1395 680 1467 725 ex
1514 679 1628 725 333
1660 661 2066 745 promissione
2103 662 2419 727 teneretur
2450 663 2713 745 cavere),

276 761 753 829 condemnandus
799 761 1045 826 videtur
1090 762 1163 826 de
1200 763 1378 847 gravi
1410 781 1632 839 errore,
1674 763 1780 828 sed
1827 764 1981 828 levis
2027 763 2233 828 solum
2278 763 2717 848 negligentiae.

275 864 453 948 Atqui
496 865 593 929 ita
626 865 690 930 in
739 883 908 930 03311.
955 865 1120 950 Ergo
1166 866 1390 930 merito
1438 863 1661 949 Sporer
1706 865 2089 949 probabilem
2136 864 2288 932 dieit
2344 867 2719 931 sententiam

277 989 321 1035 3.
349 967 661 1044 Antonini,
696 985 805 1033 nee
851 969 1107 1051 apparet
1151 987 1260 1034 eur
1305 969 1591 1052 opposita
1627 969 1910 1034 doctrina
1957 967 2293 1052 probabilis
2341 967 2463 1032 (1101
2508 970 2717 1050 queat,

274 1073 382 1137 nisi
410 1071 656 1137 attenta
687 1070 1083 1148 auctoritate,
1117 1071 1223 1136 sed
1253 1071 1558 1137 destituta
1589 1072 1655 1136 vi
1685 1071 2022 1137 rationum.

356 1169 523 1244 646.
560 1172 629 1238 Si
656 1175 878 1239 votum
907 1176 1004 1238 est
1032 1173 1096 1237 in
1128 1176 1494 1257 perpetuum
1526 1174 1643 1240 Dei
1675 1174 2061 1257 obsequium,
2093 1176 2336 1240 eertum
2365 1174 2481 1250 est,
2513 1171 2723 1254 inquit

274 1297 319 1342 s.
353 1275 537 1360 Alph.
569 1296 629 1340 n.
666 1277 841 1353 221..
872 1295 943 1341 ex
974 1276 1289 1342 communi
1324 1278 1651 1352 sententia,
1677 1279 1795 1343 sub
1830 1277 2010 1363 gravi
2047 1277 2323 1361 obligare
2354 1294 2429 1341 ne
2459 1275 2724 1341 nimium

272 1379 611 1455 differatur3
644 1397 791 1443 nam
836 1378 926 1443 sie
961 1380 1243 1463 rapinam
1290 1381 1442 1446 faeit
1471 1380 1544 1445 de
1579 1401 1645 1446 re
1678 1382 1810 1446 Deo
1857 1380 2101 1446 devota.
2137 1378 2237 1446 Sic
2283 1379 2393 1462 qui
2438 1380 2626 1443 vovet
2656 1396 2722 1442 se

272 1483 689 1548 ieiunaturum
719 1482 982 1567 singulis
1013 1482 1311 1560 sabbatis,
1345 1484 1409 1547 et
1438 1483 1575 1549 dein
1620 1484 1841 1567 incipit
1872 1487 2015 1567 post
2060 1502 2311 1548 annum.
2345 1482 2484 1547 Hoe
2514 1483 2724 1545 tamen

270 1584 737 1670 intelligendum
774 1585 1109 1651 seeundum
1134 1588 1406 1652 mentem
1429 1587 1732 1660 voventis,
1760 1587 1869 1668 qui
1893 1586 2342 1669 potestatique
2361 1585 2480 1650 1100
2503 1587 2724 1650 votum

270 1686 495 1765 fecisse,
535 1685 643 1751 sed
675 1686 1010 1769 aliquando
1042 1689 1248 1753 solum
1277 1688 1715 1771 incipiendum.

352 1789 432 1854 Et
466 1790 588 1855 hae
616 1790 837 1874 regula
871 1789 984 1872 (sc.
1018 1791 1360 1857 intentione
1389 1791 1701 1875 voventis)
1736 1792 1986 1858 omnino
2031 1790 2334 1857 utendum
2380 1790 2446 1855 iu
2482 1791 2725 1854 contro-

269 1893 482 1970 versia,
518 1910 710 1974 quam
754 1895 1008 1959 movent
1051 1892 1126 1958 de
1172 1911 1264 1970 eo,
1301 1895 1412 1976 qui
1446 1894 1798 1979 ingressum
1842 1893 2162 1978 religionis
2198 1892 2461 1958 voverit.
2495 1891 2722 1955 Varias

265 1995 605 2060 sententias
635 1993 840 2060 videre
870 1996 967 2060 est
998 1996 1161 2079 apud
1194 2015 1243 2061 s.
1277 1995 1462 2080 Alph.
1497 2017 1555 2060 n.
1592 1997 1741 2060 221.
1784 1997 1848 2060 et
1879 1996 1987 2060 alii
2032 1995 2282 2077 quidem
2329 1995 2555 2078 putant
2588 2012 2727 2076 gra-

268 2097 428 2162 viter
470 2115 742 2180 peecare,
774 2096 829 2162 si
858 2098 1000 2180 quis
1030 2099 1157 2163 iam
1203 2102 1391 2165 natus
1424 2099 1601 2164 annis
1637 2099 1744 2162 40.
1781 2098 2024 2164 differat
2060 2116 2164 2163 sex
2209 2114 2469 2176 11103303,
2511 2098 2622 2160 aut
2669 2096 2723 2160 si

259 2200 502 2266 iuvenis
544 2198 645 2264 16.
680 2218 984 2267 annorum
1019 2201 1264 2268 differat
1296 2203 1465 2268 ultra
1501 2204 1627 2267 tres
1675 2204 1788 2267 aut
1818 2202 2091 2284 quatuor
2138 2218 2368 2266 annos:
2402 2218 2562 2281 quae
2595 2218 2726 2263 sen-

262 2303 461 2369 tentia
491 2302 693 2368 etiam
728 2302 914 2369 nimis
949 2304 1093 2370 laxa
1123 2305 1369 2370 videtur
1400 2325 1449 2370 s.
1482 2304 1823 2388 Alphonso,
1847 2304 1969 2368 nisi
2000 2302 2166 2369 adsit
2200 2302 2371 2369 iusta
2407 2301 2728 2367 dilationis

256 2423 466 2472 031133.

340 2507 485 2577 Non
513 2508 772 2576 videtur
794 2510 1003 2579 tamen
1035 2529 1133 2577 res
1153 2510 1495 2577 definienda
1526 2529 1598 2576 ex
1628 2511 1761 2576 solo
1787 2509 1898 2577 illo
1924 2508 2253 2594 principio:
2278 2506 2728 2592 inspiciendum

254 2613 516 2692 seilicet,
547 2615 858 2696 quantum
888 2613 1254 2679 detrahatur
1283 2614 1536 2679 servitio
1562 2613 1772 2679 divino
1805 2631 1912 2697 per
1934 2612 2326 2688 dilationem;
2353 2610 2459 2676 sed
2495 2609 2728 2693 potiuS,

253 2715 578 2798 quomodo
610 2715 764 2780 haee
801 2715 995 2799 aeeipi
1030 2716 1440 2781 communiter
1464 2716 1734 2781 soleant:
1762 2717 1827 2780 et
1850 2716 1963 2781 hoe
1995 2713 2236 2798 patebit
2265 2714 2542 2797 inspecto
2575 2710 2726 2795 quid

251 2821 491 2887 habeat
513 2839 739 2886 sensus
770 2822 1114 2887 eommunis
1135 2821 1299 2885 01103
1317 2822 1709 2901 propositum
1737 2819 2122 2905 ingrediendi
2143 2819 2527 2905 religionem.
2552 2817 2725 2883 Haeo

248 2925 494 2990 seilicet
518 2923 849 3008 proposita
865 2925 978 2988 aut
1000 2923 1437 3007 promissiones
1463 2923 1808 2989 admittunt
1821 2924 2113 2990 latiorem
2129 2922 2727 3005 interpretationem,

249 3029 325 3092 ut
358 3027 473 3093 ille
507 3027 726 3093 solum
747 3027 1071 3092 censeatur
1100 3025 1305 3093 deesse
1338 3026 1677 3110 proposito,
1704 3026 1814 3109 qui
1844 3026 2084 3092 nullam
2114 3044 2365 3092 eausam
2400 3023 2588 3088 habet
2621 3040 2730 3085 0111·

243 3130 543 3207 differat3
573 3146 702 3195 non
734 3130 945 3195 autem
975 3128 1085 3210 qui
1115 3132 1535 3213 opportunum
1565 3131 1814 3212 tempus
1850 3128 2031 3214 eligit
2059 3147 2170 3212 pro
2202 3127 2344 3203 fine,
2377 3144 2559 3209 quem
2595 3142 2730 3206 pro·

246 3253 485 3316 ponere
526 3230 659 3298 sibi
694 3230 923 3315 potuit.

354 3391 472 3443 xl..
511 3389 603 3440 ¹5.
632 3384 729 3454 Qui
756 3385 892 3439 vovit
917 3385 1097 3453 aliquid
1125 3385 1230 3440 sine
1268 3393 1399 3439 certo
1427 3390 1551 3449 loco,
1581 3401 1625 3438 v.
1654 3400 1726 3450 gr.
1754 3386 1942 3451 ingredi
1967 3384 2249 3450 religionem
2297 3400 2336 3438 3.
2364 3383 2635 3446 Benedicti,
2660 3397 2733 3435 sa·

241 3472 432 3529 11313011
473 3472 722 3526 intrando
746 3471 1087 3538 quodcumque
1114 3470 1459 3525 monasterium
1486 3469 1616 3524 illius
1640 3469 1852 3534 Ordinis,
1883 3469 1931 3524 in
1969 3485 2068 3536 quo
2105 3473 2367 3522 serventur
2390 3466 2728 3521 substantialia

240 3563 473 3625 regulae.
503 3559 688 3623 Neque
713 3562 910 3612 tenetur
932 3571 1020 3623 pro
1046 3555 1343 3611 admissione
1365 3569 1600 3621 peragere
1626 3555 1947 3621 provinciam,
1974 3557 2061 3608 sed
2097 3554 2218 3607 satis
2242 3559 2319 3607 est
2347 3551 2483 3605 adire
2510 3556 2615 3604 loea
2642 3548 2730 3602 ali·

239 3651 362 3711 quot
388 3658 501 3698 uon
532 3638 690 3697 nimis
711 3639 901 3697 dissita.
919 3643 983 3695 Et
998 3640 1233 3697 satistaeit
1260 3647 1395 3703 voto,
1420 3639 1479 3703 si,
1502 3647 1761 3707 postquam
1791 3639 2041 3705 ingressus
2063 3644 2156 3702 est,
2183 3635 2477 3701 remittatur,
2497 3641 2584 3690 aut
2601 3649 2734 3699 egre-

236 3726 410 3781 diatur
439 3728 663 3791 (saltem
701 3739 809 3778 cum
837 3722 963 3781 iusta
992 3739 1156 3789 causa,
1181 3723 1339 3791 qualis
1364 3730 1439 3778 est
1466 3738 1512 3778 v.
1540 3739 1614 3789 gr.
1641 3721 1806 3788 gravis
1831 3736 1888 3775 30
1913 3721 2143 3776 diuturna
2184 3719 2375 3775 tristitia
2415 3728 2468 3777 et
2501 3721 2738 3792 anxietas,

236 3811 345 3865 sive
373 3827 443 3866 ex
474 3818 671 3865 natura
694 3807 802 3876 ipsa
828 3807 934 3863 sive
958 3808 1153 3863 aliunde
1179 3817 1289 3864 nata
1316 3812 1491 3863 Escob.
1515 3824 1576 3864 ex
1603 3811 1779 3862 Saneh.
1808 3814 1840 3862 t.
1878 3809 1919 3859 l.
1948 3809 1980 3860 Ι.
2010 3807 2058 3860 4.
2085 3822 2128 3860 0.
2163 3809 2239 3861 l6.
2262 3822 2307 3859 n.
2337 3809 2471 3872 loo.)
2491 3816 2602 3862 ante
2631 3825 2737 3877 pro·

231 3896 541 3951 iussionem.
580 3895 652 3947 V.
677 3895 834 3949 Trull.
864 3897 895 3947 l.
922 3898 971 3947 2.
997 3909 1040 3947 c.
1075 3896 1123 3947 2.
1150 3896 1197 3948 d.
1226 3896 1309 3947 ΞΟ.
1340 3909 1386 3946 n.
1412 3895 1462 3947 7.
1490 3901 1538 3947 el
1578 3897 1623 3946 8.

345 3983 491 4035 xm.
520 3980 627 4033 ⁴6.
641 3977 739 4046 Qui
767 3977 903 4032 vovit
926 3978 1108 4046 3113313
1136 3979 1242 4033 sine
1264 3986 1401 4033 certa
1425 3979 1675 4045 qualitate,
1698 3994 1746 4033 ν.
1771 3994 1843 4044 gr.
1871 3976 2154 4043 religionem
2178 3977 2228 4031 in
2253 3991 2447 4043 genere,
2478 3986 2635 4046 potest
2661 3979 2732 4033 in·

225 4067 373 4132 gredi
396 4078 811 4133 quamcumque,
829 4062 974 4119 etiam
994 4063 1251 4128 laxiorem,
1269 4068 1416 4119 modo
1436 4072 1700 4120 serventur
1721 4063 2002 4119 essentialia
2026 4070 2076 4118 et
2095 4062 2160 4117 sit
2177 4067 2465 4131 approbata.
2483 4064 2732 4126 Similiter,

227 4150 270 4203 31
296 4150 420 4218 quis
452 4148 625 4203 vovit
652 4146 880 4213 triticum,
897 4155 991 4202 ete.
1017 4163 1112 4203 nou
1135 4155 1328 4207 tenetur
1351 4152 1466 4205 dare
1491 4150 1744 4216 optimum,
1767 4151 1898 4215 quod
1923 4152 2087 4211 11311οΙ,
2104 4150 2194 4205 sed
2219 4147 2340 4203 satis
2364 4153 2440 4203 est
2466 4145 2735 4217 (loquendo

224 4236 287 4290 de
315 4233 669 4301 obligatione
696 4231 936 4300 praeeise)
966 4240 1020 4286 ut
1045 4234 1143 4296 det,
1173 4236 1304 4300 quod
1334 4248 1430 4288 non
1456 4233 1519 4288 sit
1546 4238 1687 4301 plane
1709 4233 1948 4300 ineptum.

338 4319 518 4375 thl.
558 4317 658 4369 ⁴7.
685 4317 781 4385 Qui
808 4316 945 4370 vovit
971 4315 1151 4383 aliquid
1178 4317 1282 4371 sine
1307 4326 1438 4371 certa
1464 4319 1747 4384 quantitate,
1777 4334 1823 4369 v.
1845 4333 1916 4383 gr.
1940 4321 2317 4383 eleemosynam,
2348 4314 2617 4386 pecuniam,
2648 4320 2740 4369 tru-

227 4410 471 4460 mentum
504 4408 623 4457 etc.
655 4400 890 4456 satisfacit
914 4402 1076 4455 dando
1098 4409 1331 4468 quantum
1360 4402 1590 4465 voluerit,
1619 4405 1764 4456 modo
1791 4416 1888 4456 non
1913 4406 2010 4455 tam
2039 4416 2227 4469 parum,
2253 4408 2306 4455 ut
2331 4401 2556 4455 videatur
2580 4400 2746 4467 potins

227 4491 466 4546 irridere
497 4500 673 4543 suum
700 4492 884 4550 votum,
903 4501 1049 4553 quam
1064 4487 1287 4553 implere.
1308 4488 1453 4540 Ratio
1480 4491 1654 4541 borum
1681 4487 1898 4541 omnium
1925 4487 2104 4554 petitur
2127 4501 2189 4541 ex
2209 4486 2478 4542 intentione
2502 4486 2746 4551 voventis,
