<?xml version="1.0" encoding="UTF-8"?>
<!DOCTYPE html PUBLIC "-//W3C//DTD XHTML 1.0 Transitional//EN"
    "http://www.w3.org/TR/xhtml1/DTD/xhtml1-transitional.dtd">
<html xmlns="http://www.w3.org/1999/xhtml" xml:lang="en" lang="en">
 <head>
  <title>
</title>
<meta http-equiv="Content-Type" content="text/html;charset=utf-8" />
  <meta name='ocr-system' content='tesseract 3.04.00' />
  <meta name='ocr-capabilities' content='ocr_page ocr_carea ocr_par ocr_line ocrx_word'/>
</head>
<body>
  <div class='ocr_page' id='page_1' title='image "./opustheologicum00ballgoog/opustheologicum00ballgoog_0847.png"; bbox 0 0 3497 5147; ppageno 0'>
   <div class='ocr_carea' id='block_1_1' title="bbox 686 332 3154 403">
    <p class='ocr_par' dir='ltr' id='par_1_1' title="bbox 686 332 3154 403">
     <span class='ocr_line' id='line_1_1' title="bbox 686 332 3154 403; baseline 0 -16"><span class='ocrx_word' id='word_1_1' title='bbox 686 332 798 387; x_wconf 69' lang='lat'><strong>840</strong></span> <span class='ocrx_word' id='word_1_2' title='bbox 1297 346 1509 387; x_wconf 64' lang='lat' dir='ltr'><strong>macr.</strong></span> <span class='ocrx_word' id='word_1_3' title='bbox 1536 346 1641 387; x_wconf 80' lang='lat' dir='ltr'><strong>vn.</strong></span> <span class='ocrx_word' id='word_1_4' title='bbox 1668 345 1830 387; x_wconf 76' lang='lat' dir='ltr'><strong>sacr.</strong></span> <span class='ocrx_word' id='word_1_5' title='bbox 1855 347 1896 385; x_wconf 91' lang='lat'><strong>1.</strong></span> <span class='ocrx_word' id='word_1_6' title='bbox 1921 346 2006 385; x_wconf 73' lang='lat' dir='ltr'><strong>na</strong></span> <span class='ocrx_word' id='word_1_7' title='bbox 2030 345 2287 387; x_wconf 74' lang='lat' dir='ltr'><strong>mxumo.</strong></span> <span class='ocrx_word' id='word_1_8' title='bbox 2313 345 2454 387; x_wconf 77' lang='lat' dir='ltr'><strong>nun.</strong></span> <span class='ocrx_word' id='word_1_9' title='bbox 2483 344 2522 383; x_wconf 93' lang='lat'><strong>1.</strong></span> <span class='ocrx_word' id='word_1_10' title='bbox 2970 333 3154 403; x_wconf 79' lang='lat'>[1124]</span> 
     </span>
    </p>
   </div>
   <div class='ocr_carea' id='block_1_2' title="bbox 683 440 3155 3605">
    <p class='ocr_par' dir='ltr' id='par_1_2' title="bbox 684 440 3155 1037">
     <span class='ocr_line' id='line_1_2' title="bbox 686 440 3155 526; baseline 0.001 -20"><span class='ocrx_word' id='word_1_11' title='bbox 686 443 828 520; x_wconf 90' lang='lat' dir='ltr'><strong>fuit,</strong></span> <span class='ocrx_word' id='word_1_12' title='bbox 864 443 938 506; x_wconf 89' lang='lat' dir='ltr'><strong>ut</strong></span> <span class='ocrx_word' id='word_1_13' title='bbox 972 442 1206 525; x_wconf 89' lang='lat' dir='ltr'><strong>aliquid</strong></span> <span class='ocrx_word' id='word_1_14' title='bbox 1239 462 1459 526; x_wconf 90' lang='lat' dir='ltr'><strong>parum</strong></span> <span class='ocrx_word' id='word_1_15' title='bbox 1490 442 1830 519; x_wconf 86' lang='lat' dir='ltr'><strong>fructuum,</strong></span> <span class='ocrx_word' id='word_1_16' title='bbox 1869 443 2199 507; x_wconf 87' lang='lat' dir='ltr'><strong>herbarum</strong></span> <span class='ocrx_word' id='word_1_17' title='bbox 2234 443 2346 506; x_wconf 86' lang='lat' dir='ltr'><strong>aut</strong></span> <span class='ocrx_word' id='word_1_18' title='bbox 2376 440 2819 505; x_wconf 88' lang='lat' dir='ltr'><strong>dulciariorum</strong></span> <span class='ocrx_word' id='word_1_19' title='bbox 2844 444 3155 523; x_wconf 88' lang='lat' dir='ltr'><strong>permitte-</strong></span> 
     </span>
     <span class='ocr_line' id='line_1_3' title="bbox 685 542 3149 628; baseline 0 -20"><span class='ocrx_word' id='word_1_20' title='bbox 685 547 858 609; x_wconf 86' lang='lat' dir='ltr'><strong>retur</strong></span> <span class='ocrx_word' id='word_1_21' title='bbox 893 545 979 608; x_wconf 77' lang='lat' dir='ltr'><strong>ad</strong></span> <span class='ocrx_word' id='word_1_22' title='bbox 1009 545 1401 618; x_wconf 81' lang='lat' dir='ltr'><em>medicinam,</em></span> <span class='ocrx_word' id='word_1_23' title='bbox 1442 564 1514 609; x_wconf 91' lang='lat' dir='ltr'><strong>ne</strong></span> <span class='ocrx_word' id='word_1_24' title='bbox 1560 546 1747 628; x_wconf 89' lang='lat' dir='ltr'><strong>potus</strong></span> <span class='ocrx_word' id='word_1_25' title='bbox 1779 547 2044 621; x_wconf 79' lang='lat' dir='ltr'>noceret,</span> <span class='ocrx_word' id='word_1_26' title='bbox 2095 545 2169 608; x_wconf 86' lang='lat' dir='ltr'><strong>ut</strong></span> <span class='ocrx_word' id='word_1_27' title='bbox 2205 564 2254 607; x_wconf 94' lang='lat' dir='ltr'><strong>s.</strong></span> <span class='ocrx_word' id='word_1_28' title='bbox 2295 543 2648 608; x_wconf 77' lang='lat' dir='ltr'><strong>Antoninus</strong></span> <span class='ocrx_word' id='word_1_29' title='bbox 2682 542 2756 606; x_wconf 88' lang='lat' dir='ltr'><strong>de</strong></span> <span class='ocrx_word' id='word_1_30' title='bbox 2786 561 2900 606; x_wconf 88' lang='lat' dir='ltr'><strong>sua</strong></span> <span class='ocrx_word' id='word_1_31' title='bbox 2947 545 3149 609; x_wconf 81' lang='lat' dir='ltr'><strong>aetate</strong></span> 
     </span>
     <span class='ocr_line' id='line_1_4' title="bbox 685 644 3152 729; baseline 0 -18"><span class='ocrx_word' id='word_1_32' title='bbox 685 648 976 712; x_wconf 82' lang='lat' dir='ltr'><strong>testatur.</strong></span> <span class='ocrx_word' id='word_1_33' title='bbox 1026 647 1408 711; x_wconf 76' lang='lat' dir='ltr'><strong>Posteriores</strong></span> <span class='ocrx_word' id='word_1_34' title='bbox 1464 647 1658 729; x_wconf 80' lang='lat' dir='ltr'>aliqui</span> <span class='ocrx_word' id='word_1_35' title='bbox 1711 647 2009 711; x_wconf 88' lang='lat' dir='ltr'><strong>nonnulla</strong></span> <span class='ocrx_word' id='word_1_36' title='bbox 2066 646 2501 720; x_wconf 75' lang='lat' dir='ltr'><strong>admittebant,</strong></span> <span class='ocrx_word' id='word_1_37' title='bbox 2552 663 2628 708; x_wconf 93' lang='lat' dir='ltr'><strong>ne</strong></span> <span class='ocrx_word' id='word_1_38' title='bbox 2681 644 2982 710; x_wconf 88' lang='lat' dir='ltr'><strong>insomnis</strong></span> <span class='ocrx_word' id='word_1_39' title='bbox 3037 666 3152 711; x_wconf 82' lang='lat' dir='ltr'><strong>nox</strong></span> 
     </span>
     <span class='ocr_line' id='line_1_5' title="bbox 684 745 3148 834; baseline -0.001 -21"><span class='ocrx_word' id='word_1_40' title='bbox 684 750 1155 834; x_wconf 81' lang='lat' dir='ltr'><strong>transigeretur,</strong></span> <span class='ocrx_word' id='word_1_41' title='bbox 1204 769 1324 814; x_wconf 91' lang='lat' dir='ltr'><strong>non</strong></span> <span class='ocrx_word' id='word_1_42' title='bbox 1374 768 1517 814; x_wconf 87' lang='lat' dir='ltr'><strong>vero</strong></span> <span class='ocrx_word' id='word_1_43' title='bbox 1553 748 1631 813; x_wconf 89' lang='lat' dir='ltr'><strong>ad</strong></span> <span class='ocrx_word' id='word_1_44' title='bbox 1678 749 2103 812; x_wconf 84' lang='lat' dir='ltr'><strong>nutritionem.</strong></span> <span class='ocrx_word' id='word_1_45' title='bbox 2140 746 2549 813; x_wconf 85' lang='lat' dir='ltr'><strong>Postmodum</strong></span> <span class='ocrx_word' id='word_1_46' title='bbox 2582 745 2962 811; x_wconf 83' lang='lat' dir='ltr'><strong>cousuetudo</strong></span> <span class='ocrx_word' id='word_1_47' title='bbox 2998 747 3148 812; x_wconf 90' lang='lat' dir='ltr'><strong>obti-</strong></span> 
     </span>
     <span class='ocr_line' id='line_1_6' title="bbox 685 848 3148 931; baseline -0 -16"><span class='ocrx_word' id='word_1_48' title='bbox 685 853 844 929; x_wconf 87' lang='lat' dir='ltr'><strong>nuit,</strong></span> <span class='ocrx_word' id='word_1_49' title='bbox 894 854 968 917; x_wconf 89' lang='lat' dir='ltr'><strong>nt</strong></span> <span class='ocrx_word' id='word_1_50' title='bbox 1013 853 1201 917; x_wconf 88' lang='lat' dir='ltr'><strong>etiam</strong></span> <span class='ocrx_word' id='word_1_51' title='bbox 1251 853 1330 916; x_wconf 88' lang='lat' dir='ltr'><strong>ad</strong></span> <span class='ocrx_word' id='word_1_52' title='bbox 1375 852 1774 916; x_wconf 89' lang='lat' dir='ltr'><strong>nutriendum</strong></span> <span class='ocrx_word' id='word_1_53' title='bbox 1805 852 2155 915; x_wconf 79' lang='lat' dir='ltr'><strong>sumeretur</strong></span> <span class='ocrx_word' id='word_1_54' title='bbox 2202 849 2437 931; x_wconf 90' lang='lat' dir='ltr'><strong>aliquid</strong></span> <span class='ocrx_word' id='word_1_55' title='bbox 2484 849 2660 931; x_wconf 87' lang='lat' dir='ltr'><strong>panis</strong></span> <span class='ocrx_word' id='word_1_56' title='bbox 2705 849 2772 912; x_wconf 88' lang='lat' dir='ltr'><strong>et</strong></span> <span class='ocrx_word' id='word_1_57' title='bbox 2811 848 3148 927; x_wconf 84' lang='lat' dir='ltr'><strong>fructuum,</strong></span> 
     </span>
     <span class='ocr_line' id='line_1_7' title="bbox 685 950 2909 1037; baseline -0.001 -20"><span class='ocrx_word' id='word_1_58' title='bbox 685 974 882 1036; x_wconf 81' lang='lat' dir='ltr'><strong>usque</strong></span> <span class='ocrx_word' id='word_1_59' title='bbox 930 954 1007 1019; x_wconf 87' lang='lat' dir='ltr'><strong>ad</strong></span> <span class='ocrx_word' id='word_1_60' title='bbox 1054 956 1180 1019; x_wconf 90' lang='lat' dir='ltr'><strong>tres</strong></span> <span class='ocrx_word' id='word_1_61' title='bbox 1215 957 1326 1019; x_wconf 90' lang='lat' dir='ltr'><strong>aut</strong></span> <span class='ocrx_word' id='word_1_62' title='bbox 1359 956 1630 1037; x_wconf 86' lang='lat' dir='ltr'><strong>quatuor</strong></span> <span class='ocrx_word' id='word_1_63' title='bbox 1660 957 1792 1028; x_wconf 91' lang='lat' dir='ltr'><strong>aut,</strong></span> <span class='ocrx_word' id='word_1_64' title='bbox 1828 956 1901 1017; x_wconf 90' lang='lat' dir='ltr'><strong>ut</strong></span> <span class='ocrx_word' id='word_1_65' title='bbox 1934 953 2042 1017; x_wconf 89' lang='lat' dir='ltr'><strong>alii</strong></span> <span class='ocrx_word' id='word_1_66' title='bbox 2073 952 2377 1028; x_wconf 88' lang='lat' dir='ltr'><strong>dicebaut,</strong></span> <span class='ocrx_word' id='word_1_67' title='bbox 2415 950 2493 1015; x_wconf 88' lang='lat' dir='ltr'><strong>ad</strong></span> <span class='ocrx_word' id='word_1_68' title='bbox 2525 970 2627 1015; x_wconf 86' lang='lat' dir='ltr'><strong>sex</strong></span> <span class='ocrx_word' id='word_1_69' title='bbox 2675 952 2909 1015; x_wconf 86' lang='lat' dir='ltr'><strong>uncias.</strong></span> 
     </span>
    </p>

    <p class='ocr_par' dir='ltr' id='par_1_3' title="bbox 683 1053 3150 1443">
     <span class='ocr_line' id='line_1_8' title="bbox 779 1053 3148 1139; baseline 0 -19"><span class='ocrx_word' id='word_1_70' title='bbox 779 1057 1235 1135; x_wconf 84' lang='lat' dir='ltr'><strong>Recentiornm,</strong></span> <span class='ocrx_word' id='word_1_71' title='bbox 1285 1058 1491 1139; x_wconf 87' lang='lat' dir='ltr'><strong>inquit</strong></span> <span class='ocrx_word' id='word_1_72' title='bbox 1536 1076 1585 1119; x_wconf 93' lang='lat' dir='ltr'><strong>s.</strong></span> <span class='ocrx_word' id='word_1_73' title='bbox 1620 1057 1996 1137; x_wconf 74' lang='lat' dir='ltr'><strong>AlphonsUS,</strong></span> <span class='ocrx_word' id='word_1_74' title='bbox 2045 1074 2169 1120; x_wconf 91' lang='lat' dir='ltr'><strong>nou</strong></span> <span class='ocrx_word' id='word_1_75' title='bbox 2218 1073 2341 1118; x_wconf 88' lang='lat' dir='ltr'><strong>una</strong></span> <span class='ocrx_word' id='word_1_76' title='bbox 2390 1055 2484 1117; x_wconf 88' lang='lat' dir='ltr'><strong>est</strong></span> <span class='ocrx_word' id='word_1_77' title='bbox 2515 1053 2841 1117; x_wconf 87' lang='lat' dir='ltr'><strong>sententia.</strong></span> <span class='ocrx_word' id='word_1_78' title='bbox 2882 1054 2968 1117; x_wconf 82' lang='lat' dir='ltr'><strong>At</strong></span> <span class='ocrx_word' id='word_1_79' title='bbox 3004 1074 3148 1121; x_wconf 88' lang='lat' dir='ltr'><strong>vero</strong></span> 
     </span>
     <span class='ocr_line' id='line_1_9' title="bbox 683 1154 3150 1238; baseline -0.001 -15"><span class='ocrx_word' id='word_1_80' title='bbox 683 1163 854 1235; x_wconf 89' lang='lat' dir='ltr'><strong>nota,</strong></span> <span class='ocrx_word' id='word_1_81' title='bbox 903 1160 1271 1223; x_wconf 81' lang='lat' dir='ltr'><strong>recentiores</strong></span> <span class='ocrx_word' id='word_1_82' title='bbox 1320 1160 1453 1223; x_wconf 89' lang='lat' dir='ltr'><strong>heic</strong></span> <span class='ocrx_word' id='word_1_83' title='bbox 1514 1159 1635 1222; x_wconf 92' lang='lat' dir='ltr'><strong>dici</strong></span> <span class='ocrx_word' id='word_1_84' title='bbox 1691 1157 2114 1234; x_wconf 63' lang='lat' dir='ltr'><strong>Pillizaecium,</strong></span> <span class='ocrx_word' id='word_1_85' title='bbox 2164 1156 2522 1238; x_wconf 77' lang='lat' dir='ltr'><strong>Laymann,</strong></span> <span class='ocrx_word' id='word_1_86' title='bbox 2581 1154 2829 1235; x_wconf 66' lang='lat' dir='ltr'><strong>Sporer,</strong></span> <span class='ocrx_word' id='word_1_87' title='bbox 2888 1156 3150 1221; x_wconf 75' lang='lat' dir='ltr'><strong>Busem-</strong></span> 
     </span>
     <span class='ocr_line' id='line_1_10' title="bbox 688 1258 3150 1345; baseline -0 -19"><span class='ocrx_word' id='word_1_88' title='bbox 688 1264 875 1326; x_wconf 81' lang='lat' dir='ltr'><strong>baum</strong></span> <span class='ocrx_word' id='word_1_89' title='bbox 907 1266 1044 1340; x_wconf 62' lang='lat' dir='ltr'><strong>etc„</strong></span> <span class='ocrx_word' id='word_1_90' title='bbox 1089 1264 1193 1345; x_wconf 90' lang='lat' dir='ltr'><strong>qui</strong></span> <span class='ocrx_word' id='word_1_91' title='bbox 1242 1264 1363 1327; x_wconf 90' lang='lat' dir='ltr'><strong>duo</strong></span> <span class='ocrx_word' id='word_1_92' title='bbox 1413 1264 1556 1326; x_wconf 86' lang='lat' dir='ltr'><strong>ante</strong></span> <span class='ocrx_word' id='word_1_93' title='bbox 1605 1263 1812 1326; x_wconf 87' lang='lat' dir='ltr'><strong>secula</strong></span> <span class='ocrx_word' id='word_1_94' title='bbox 1859 1262 2138 1326; x_wconf 88' lang='lat' dir='ltr'><strong>floruere.</strong></span> <span class='ocrx_word' id='word_1_95' title='bbox 2173 1260 2409 1324; x_wconf 91' lang='lat' dir='ltr'><strong>Verum</strong></span> <span class='ocrx_word' id='word_1_96' title='bbox 2440 1261 2583 1323; x_wconf 89' lang='lat' dir='ltr'><strong>ets.</strong></span> <span class='ocrx_word' id='word_1_97' title='bbox 2618 1258 2996 1342; x_wconf 78' lang='lat' dir='ltr'><strong>AlphonsuS,</strong></span> <span class='ocrx_word' id='word_1_98' title='bbox 3045 1262 3150 1343; x_wconf 88' lang='lat' dir='ltr'><strong>qui</strong></span> 
     </span>
     <span class='ocr_line' id='line_1_11' title="bbox 688 1363 2268 1443; baseline -0.003 -13"><span class='ocrx_word' id='word_1_99' title='bbox 688 1367 840 1430; x_wconf 86' lang='lat' dir='ltr'><strong>haec</strong></span> <span class='ocrx_word' id='word_1_100' title='bbox 871 1367 1196 1443; x_wconf 82' lang='lat' dir='ltr'><strong>scribebat,</strong></span> <span class='ocrx_word' id='word_1_101' title='bbox 1232 1366 1356 1431; x_wconf 87' lang='lat' dir='ltr'><strong>fere</strong></span> <span class='ocrx_word' id='word_1_102' title='bbox 1381 1384 1504 1430; x_wconf 91' lang='lat' dir='ltr'><strong>uno</strong></span> <span class='ocrx_word' id='word_1_103' title='bbox 1537 1366 1743 1430; x_wconf 87' lang='lat' dir='ltr'><strong>seculo</strong></span> <span class='ocrx_word' id='word_1_104' title='bbox 1779 1384 1814 1428; x_wconf 88' lang='lat' dir='ltr'><strong>a</strong></span> <span class='ocrx_word' id='word_1_105' title='bbox 1847 1365 2023 1428; x_wconf 89' lang='lat' dir='ltr'><strong>nobis</strong></span> <span class='ocrx_word' id='word_1_106' title='bbox 2054 1363 2268 1427; x_wconf 87' lang='lat' dir='ltr'><strong>distat.</strong></span> 
     </span>
    </p>

    <p class='ocr_par' dir='ltr' id='par_1_4' title="bbox 685 1464 3155 1957">
     <span class='ocr_line' id='line_1_12' title="bbox 779 1464 3155 1551; baseline -0.001 -18"><span class='ocrx_word' id='word_1_107' title='bbox 779 1468 1088 1551; x_wconf 83' lang='lat' dir='ltr'><strong>Quidquid</strong></span> <span class='ocrx_word' id='word_1_108' title='bbox 1129 1469 1232 1545; x_wconf 89' lang='lat' dir='ltr'><strong>sit,</strong></span> <span class='ocrx_word' id='word_1_109' title='bbox 1267 1469 1374 1532; x_wconf 89' lang='lat' dir='ltr'><strong>alii</strong></span> <span class='ocrx_word' id='word_1_110' title='bbox 1408 1487 1480 1532; x_wconf 85' lang='lat' dir='ltr'><strong>ex</strong></span> <span class='ocrx_word' id='word_1_111' title='bbox 1509 1467 1646 1531; x_wconf 77' lang='lat' dir='ltr'><strong>illis</strong></span> <span class='ocrx_word' id='word_1_112' title='bbox 1674 1466 2138 1543; x_wconf 86' lang='lat' dir='ltr'><strong>recentioribus,</strong></span> <span class='ocrx_word' id='word_1_113' title='bbox 2189 1467 2260 1528; x_wconf 84' lang='lat' dir='ltr'><strong>ut</strong></span> <span class='ocrx_word' id='word_1_114' title='bbox 2307 1464 2745 1540; x_wconf 88' lang='lat' dir='ltr'><strong>Busembaum,</strong></span> <span class='ocrx_word' id='word_1_115' title='bbox 2797 1467 3155 1530; x_wconf 86' lang='lat' dir='ltr'><strong>statuerunt</strong></span> 
     </span>
     <span class='ocr_line' id='line_1_13' title="bbox 685 1565 3149 1653; baseline -0.002 -17"><span class='ocrx_word' id='word_1_116' title='bbox 685 1592 800 1636; x_wconf 89' lang='lat' dir='ltr'><strong>ceu</strong></span> <span class='ocrx_word' id='word_1_117' title='bbox 831 1590 1114 1635; x_wconf 90' lang='lat' dir='ltr'><strong>normam</strong></span> <span class='ocrx_word' id='word_1_118' title='bbox 1148 1591 1431 1653; x_wconf 86' lang='lat' dir='ltr'><strong>aequam,</strong></span> <span class='ocrx_word' id='word_1_119' title='bbox 1464 1574 1758 1652; x_wconf 78' lang='lat' dir='ltr'><strong>quartam</strong></span> <span class='ocrx_word' id='word_1_120' title='bbox 1777 1572 2030 1648; x_wconf 77' lang='lat' dir='ltr'><strong>partem</strong></span> <span class='ocrx_word' id='word_1_121' title='bbox 2062 1586 2286 1631; x_wconf 88' lang='lat' dir='ltr'><strong>coenae</strong></span> <span class='ocrx_word' id='word_1_122' title='bbox 2319 1566 2478 1630; x_wconf 88' lang='lat' dir='ltr'><strong>idest</strong></span> <span class='ocrx_word' id='word_1_123' title='bbox 2509 1565 2770 1649; x_wconf 85' lang='lat' dir='ltr'><strong>prandii.</strong></span> <span class='ocrx_word' id='word_1_124' title='bbox 2805 1567 2898 1630; x_wconf 91' lang='lat' dir='ltr'><strong>De</strong></span> <span class='ocrx_word' id='word_1_125' title='bbox 2930 1587 3055 1648; x_wconf 85' lang='lat' dir='ltr'><strong>qua</strong></span> <span class='ocrx_word' id='word_1_126' title='bbox 3088 1587 3149 1632; x_wconf 91' lang='lat' dir='ltr'><strong>re</strong></span> 
     </span>
     <span class='ocr_line' id='line_1_14' title="bbox 686 1669 3154 1756; baseline -0.001 -19"><span class='ocrx_word' id='word_1_127' title='bbox 686 1692 736 1738; x_wconf 91' lang='lat' dir='ltr'><strong>s.</strong></span> <span class='ocrx_word' id='word_1_128' title='bbox 772 1673 1163 1756; x_wconf 86' lang='lat' dir='ltr'><strong>Alphonsus:</strong></span> <span class='ocrx_word' id='word_1_129' title='bbox 1220 1699 1253 1730; x_wconf 86' lang='lat'>«</span> <span class='ocrx_word' id='word_1_130' title='bbox 1287 1672 1404 1737; x_wconf 87' lang='lat' dir='ltr'><strong>Sed</strong></span> <span class='ocrx_word' id='word_1_131' title='bbox 1451 1673 1601 1736; x_wconf 89' lang='lat' dir='ltr'><strong>haec</strong></span> <span class='ocrx_word' id='word_1_132' title='bbox 1647 1673 1866 1756; x_wconf 89' lang='lat' dir='ltr'><strong>regula</strong></span> <span class='ocrx_word' id='word_1_133' title='bbox 1899 1690 2020 1735; x_wconf 91' lang='lat' dir='ltr'><strong>non</strong></span> <span class='ocrx_word' id='word_1_134' title='bbox 2054 1670 2325 1734; x_wconf 88' lang='lat' dir='ltr'><strong>multum</strong></span> <span class='ocrx_word' id='word_1_135' title='bbox 2374 1670 2529 1733; x_wconf 87' lang='lat' dir='ltr'><strong>mihi</strong></span> <span class='ocrx_word' id='word_1_136' title='bbox 2563 1669 2826 1746; x_wconf 81' lang='lat' dir='ltr'><strong>arridet3</strong></span> <span class='ocrx_word' id='word_1_137' title='bbox 2861 1689 3008 1734; x_wconf 87' lang='lat' dir='ltr'><strong>nam</strong></span> <span class='ocrx_word' id='word_1_138' title='bbox 3059 1671 3154 1735; x_wconf 83' lang='lat' dir='ltr'><strong>vel</strong></span> 
     </span>
     <span class='ocr_line' id='line_1_15' title="bbox 686 1771 3153 1859; baseline -0 -20"><span class='ocrx_word' id='word_1_139' title='bbox 686 1776 895 1858; x_wconf 88' lang='lat' dir='ltr'><strong>potest</strong></span> <span class='ocrx_word' id='word_1_140' title='bbox 926 1793 1057 1838; x_wconf 89' lang='lat' dir='ltr'><strong>esse</strong></span> <span class='ocrx_word' id='word_1_141' title='bbox 1087 1775 1274 1838; x_wconf 88' lang='lat' dir='ltr'><strong>nimis</strong></span> <span class='ocrx_word' id='word_1_142' title='bbox 1322 1774 1646 1859; x_wconf 81' lang='lat' dir='ltr'><strong>indulgens</strong></span> <span class='ocrx_word' id='word_1_143' title='bbox 1685 1775 1750 1838; x_wconf 87' lang='lat' dir='ltr'><strong>et</strong></span> <span class='ocrx_word' id='word_1_144' title='bbox 1793 1774 1931 1839; x_wconf 90' lang='lat' dir='ltr'><strong>ideo</strong></span> <span class='ocrx_word' id='word_1_145' title='bbox 1966 1793 2100 1837; x_wconf 86' lang='lat' dir='ltr'><strong>eam</strong></span> <span class='ocrx_word' id='word_1_146' title='bbox 2151 1773 2482 1855; x_wconf 90' lang='lat' dir='ltr'><strong>reprobant</strong></span> <span class='ocrx_word' id='word_1_147' title='bbox 2528 1771 3047 1838; x_wconf 86' lang='lat' dir='ltr'><strong>Salmanticenses</strong></span> <span class='ocrx_word' id='word_1_148' title='bbox 3093 1777 3153 1838; x_wconf 88' lang='lat' dir='ltr'><strong>et</strong></span> 
     </span>
     <span class='ocr_line' id='line_1_16' title="bbox 687 1874 3149 1957; baseline -0 -17"><span class='ocrx_word' id='word_1_149' title='bbox 687 1877 891 1940; x_wconf 89' lang='lat' dir='ltr'><strong>Diana</strong></span> <span class='ocrx_word' id='word_1_150' title='bbox 923 1896 1062 1940; x_wconf 90' lang='lat' dir='ltr'><strong>cum</strong></span> <span class='ocrx_word' id='word_1_151' title='bbox 1104 1876 1262 1953; x_wconf 87' lang='lat' dir='ltr'><strong>aliis,</strong></span> <span class='ocrx_word' id='word_1_152' title='bbox 1297 1877 1396 1939; x_wconf 89' lang='lat' dir='ltr'><strong>vel</strong></span> <span class='ocrx_word' id='word_1_153' title='bbox 1427 1877 1650 1941; x_wconf 88' lang='lat' dir='ltr'><strong>saltem</strong></span> <span class='ocrx_word' id='word_1_154' title='bbox 1684 1879 1779 1940; x_wconf 87' lang='lat' dir='ltr'><strong>est</strong></span> <span class='ocrx_word' id='word_1_155' title='bbox 1815 1877 1994 1941; x_wconf 86' lang='lat' dir='ltr'><strong>valde</strong></span> <span class='ocrx_word' id='word_1_156' title='bbox 2036 1876 2295 1940; x_wconf 88' lang='lat' dir='ltr'><strong>obscura</strong></span> <span class='ocrx_word' id='word_1_157' title='bbox 2332 1874 2760 1957; x_wconf 88' lang='lat' dir='ltr'><strong>scrupulisque</strong></span> <span class='ocrx_word' id='word_1_158' title='bbox 2794 1875 3058 1939; x_wconf 81' lang='lat' dir='ltr'><strong>obnoxia</strong></span> <span class='ocrx_word' id='word_1_159' title='bbox 3090 1901 3149 1939; x_wconf 82' lang='grc'><strong>».</strong></span> 
     </span>
    </p>

    <p class='ocr_par' dir='ltr' id='par_1_5' title="bbox 689 1977 3151 2166">
     <span class='ocr_line' id='line_1_17' title="bbox 778 1977 3151 2063; baseline 0 -21"><span class='ocrx_word' id='word_1_160' title='bbox 778 1978 1100 2057; x_wconf 72' lang='lat' dir='ltr'><strong>Addemm,</strong></span> <span class='ocrx_word' id='word_1_161' title='bbox 1142 2000 1278 2043; x_wconf 89' lang='lat' dir='ltr'><strong>eam</strong></span> <span class='ocrx_word' id='word_1_162' title='bbox 1310 1998 1488 2062; x_wconf 90' lang='lat' dir='ltr'><strong>posse</strong></span> <span class='ocrx_word' id='word_1_163' title='bbox 1514 1998 1642 2043; x_wconf 88' lang='lat' dir='ltr'><strong>esse</strong></span> <span class='ocrx_word' id='word_1_164' title='bbox 1675 1980 1842 2044; x_wconf 90' lang='lat' dir='ltr'><strong>iusto</strong></span> <span class='ocrx_word' id='word_1_165' title='bbox 1879 1979 2256 2063; x_wconf 83' lang='lat' dir='ltr'><strong>rigidiorem,</strong></span> <span class='ocrx_word' id='word_1_166' title='bbox 2291 1977 2343 2041; x_wconf 88' lang='lat' dir='ltr'><strong>si</strong></span> <span class='ocrx_word' id='word_1_167' title='bbox 2377 1977 2477 2041; x_wconf 90' lang='lat' dir='ltr'><strong>cui</strong></span> <span class='ocrx_word' id='word_1_168' title='bbox 2509 1978 2804 2042; x_wconf 86' lang='lat' dir='ltr'><strong>consueta</strong></span> <span class='ocrx_word' id='word_1_169' title='bbox 2836 1996 3026 2042; x_wconf 90' lang='lat' dir='ltr'><strong>coena</strong></span> <span class='ocrx_word' id='word_1_170' title='bbox 3058 1996 3151 2043; x_wconf 89' lang='lat' dir='ltr'><strong>so·</strong></span> 
     </span>
     <span class='ocr_line' id='line_1_18' title="bbox 689 2081 1293 2166; baseline 0 -22"><span class='ocrx_word' id='word_1_171' title='bbox 689 2082 819 2145; x_wconf 91' lang='lat' dir='ltr'><strong>leat</strong></span> <span class='ocrx_word' id='word_1_172' title='bbox 850 2100 980 2144; x_wconf 88' lang='lat' dir='ltr'><strong>esse</strong></span> <span class='ocrx_word' id='word_1_173' title='bbox 1011 2081 1293 2166; x_wconf 87' lang='lat' dir='ltr'><strong>frugalis.</strong></span> 
     </span>
    </p>

    <p class='ocr_par' dir='ltr' id='par_1_6' title="bbox 685 2180 3154 2677">
     <span class='ocr_line' id='line_1_19' title="bbox 777 2180 3154 2263; baseline 0 -17"><span class='ocrx_word' id='word_1_174' title='bbox 777 2183 1050 2247; x_wconf 87' lang='lat' dir='ltr'><strong>Eandem</strong></span> <span class='ocrx_word' id='word_1_175' title='bbox 1086 2186 1293 2247; x_wconf 86' lang='lat' dir='ltr'><strong>tamen</strong></span> <span class='ocrx_word' id='word_1_176' title='bbox 1320 2183 1651 2248; x_wconf 87' lang='lat' dir='ltr'><strong>defendunt</strong></span> <span class='ocrx_word' id='word_1_177' title='bbox 1684 2184 1985 2259; x_wconf 79' lang='lat' dir='ltr'><strong>doctores,</strong></span> <span class='ocrx_word' id='word_1_178' title='bbox 2019 2182 2285 2246; x_wconf 82' lang='lat' dir='ltr'><strong>maxime</strong></span> <span class='ocrx_word' id='word_1_179' title='bbox 2317 2180 2614 2245; x_wconf 82' lang='lat' dir='ltr'><strong>Germani</strong></span> <span class='ocrx_word' id='word_1_180' title='bbox 2645 2200 2904 2263; x_wconf 85' lang='lat' dir='ltr'><strong>eamque</strong></span> <span class='ocrx_word' id='word_1_181' title='bbox 2939 2201 3154 2247; x_wconf 87' lang='lat' dir='ltr'><strong>conve·</strong></span> 
     </span>
     <span class='ocr_line' id='line_1_20' title="bbox 688 2282 3148 2369; baseline 0 -19"><span class='ocrx_word' id='word_1_182' title='bbox 688 2287 819 2351; x_wconf 88' lang='lat' dir='ltr'><strong>nire</strong></span> <span class='ocrx_word' id='word_1_183' title='bbox 856 2307 996 2350; x_wconf 91' lang='lat' dir='ltr'><strong>cum</strong></span> <span class='ocrx_word' id='word_1_184' title='bbox 1044 2306 1281 2364; x_wconf 89' lang='lat' dir='ltr'><strong>norma,</strong></span> <span class='ocrx_word' id='word_1_185' title='bbox 1316 2308 1504 2369; x_wconf 90' lang='lat' dir='ltr'><strong>quam</strong></span> <span class='ocrx_word' id='word_1_186' title='bbox 1553 2287 1661 2351; x_wconf 90' lang='lat' dir='ltr'><strong>alii</strong></span> <span class='ocrx_word' id='word_1_187' title='bbox 1707 2286 2150 2368; x_wconf 89' lang='lat' dir='ltr'><strong>proponebant,</strong></span> <span class='ocrx_word' id='word_1_188' title='bbox 2200 2286 2288 2349; x_wconf 88' lang='lat' dir='ltr'><strong>sic</strong></span> <span class='ocrx_word' id='word_1_189' title='bbox 2323 2283 2529 2348; x_wconf 87' lang='lat' dir='ltr'><strong>innuit</strong></span> <span class='ocrx_word' id='word_1_190' title='bbox 2561 2282 2785 2367; x_wconf 89' lang='lat' dir='ltr'><strong>Sporer</strong></span> <span class='ocrx_word' id='word_1_191' title='bbox 2830 2284 2905 2348; x_wconf 83' lang='lat' dir='ltr'><strong>de</strong></span> <span class='ocrx_word' id='word_1_192' title='bbox 2942 2284 3148 2350; x_wconf 80' lang='lat' dir='ltr'><strong>Ieiun.</strong></span> 
     </span>
     <span class='ocr_line' id='line_1_21' title="bbox 686 2386 3148 2473; baseline -0.001 -20"><span class='ocrx_word' id='word_1_193' title='bbox 686 2410 746 2453; x_wconf 91' lang='lat' dir='ltr'><strong>n.</strong></span> <span class='ocrx_word' id='word_1_194' title='bbox 784 2389 888 2452; x_wconf 87' lang='lat'><strong>27.</strong></span> <span class='ocrx_word' id='word_1_195' title='bbox 931 2389 1082 2453; x_wconf 90' lang='lat' dir='ltr'><strong>tom.</strong></span> <span class='ocrx_word' id='word_1_196' title='bbox 1137 2389 1194 2452; x_wconf 92' lang='lat'><strong>1.</strong></span> <span class='ocrx_word' id='word_1_197' title='bbox 1245 2409 1386 2473; x_wconf 86' lang='lat' dir='ltr'><strong>pag.</strong></span> <span class='ocrx_word' id='word_1_198' title='bbox 1438 2390 1617 2452; x_wconf 82' lang='lat'><strong>263.:</strong></span> <span class='ocrx_word' id='word_1_199' title='bbox 1662 2414 1695 2446; x_wconf 86' lang='lat'>«</span> <span class='ocrx_word' id='word_1_200' title='bbox 1730 2387 1792 2452; x_wconf 88' lang='lat' dir='ltr'><strong>Si</strong></span> <span class='ocrx_word' id='word_1_201' title='bbox 1828 2388 1967 2469; x_wconf 91' lang='lat' dir='ltr'><strong>quis</strong></span> <span class='ocrx_word' id='word_1_202' title='bbox 2000 2386 2161 2451; x_wconf 91' lang='lat' dir='ltr'><strong>enim</strong></span> <span class='ocrx_word' id='word_1_203' title='bbox 2200 2386 2264 2450; x_wconf 90' lang='lat' dir='ltr'><strong>in</strong></span> <span class='ocrx_word' id='word_1_204' title='bbox 2312 2404 2500 2449; x_wconf 85' lang='lat' dir='ltr'><strong>coena</strong></span> <span class='ocrx_word' id='word_1_205' title='bbox 2549 2386 2750 2450; x_wconf 86' lang='lat' dir='ltr'><strong>soleat</strong></span> <span class='ocrx_word' id='word_1_206' title='bbox 2786 2406 3025 2451; x_wconf 89' lang='lat' dir='ltr'><strong>sumere</strong></span> <span class='ocrx_word' id='word_1_207' title='bbox 3070 2388 3148 2451; x_wconf 87' lang='lat' dir='ltr'><strong>ad</strong></span> 
     </span>
     <span class='ocr_line' id='line_1_22' title="bbox 685 2488 3139 2578; baseline -0.002 -21"><span class='ocrx_word' id='word_1_208' title='bbox 685 2493 950 2578; x_wconf 87' lang='lat' dir='ltr'><strong>triginta</strong></span> <span class='ocrx_word' id='word_1_209' title='bbox 980 2492 1215 2568; x_wconf 75' lang='lat' dir='ltr'><strong>unciae,</strong></span> <span class='ocrx_word' id='word_1_210' title='bbox 1244 2492 1396 2556; x_wconf 89' lang='lat' dir='ltr'><strong>duas</strong></span> <span class='ocrx_word' id='word_1_211' title='bbox 1429 2493 1671 2556; x_wconf 83' lang='lat' dir='ltr'><strong>circiter</strong></span> <span class='ocrx_word' id='word_1_212' title='bbox 1700 2491 1926 2554; x_wconf 86' lang='lat' dir='ltr'><strong>libras:</strong></span> <span class='ocrx_word' id='word_1_213' title='bbox 1955 2491 2179 2571; x_wconf 86' lang='lat' dir='ltr'><strong>quarta</strong></span> <span class='ocrx_word' id='word_1_214' title='bbox 2212 2507 2354 2571; x_wconf 83' lang='lat' dir='ltr'><strong>pars</strong></span> <span class='ocrx_word' id='word_1_215' title='bbox 2378 2488 2547 2552; x_wconf 88' lang='lat' dir='ltr'><strong>licite</strong></span> <span class='ocrx_word' id='word_1_216' title='bbox 2579 2489 2869 2553; x_wconf 84' lang='lat' dir='ltr'><strong>ascendet</strong></span> <span class='ocrx_word' id='word_1_217' title='bbox 2897 2489 2968 2551; x_wconf 89' lang='lat' dir='ltr'><strong>ad</strong></span> <span class='ocrx_word' id='word_1_218' title='bbox 3001 2492 3139 2552; x_wconf 87' lang='lat' dir='ltr'><strong>octo</strong></span> 
     </span>
     <span class='ocr_line' id='line_1_23' title="bbox 685 2593 1978 2677; baseline -0.002 -19"><span class='ocrx_word' id='word_1_219' title='bbox 685 2596 917 2671; x_wconf 88' lang='lat' dir='ltr'><strong>uncias,</strong></span> <span class='ocrx_word' id='word_1_220' title='bbox 958 2595 1225 2659; x_wconf 87' lang='lat' dir='ltr'><strong>mediam</strong></span> <span class='ocrx_word' id='word_1_221' title='bbox 1257 2596 1499 2659; x_wconf 89' lang='lat' dir='ltr'><strong>circiter</strong></span> <span class='ocrx_word' id='word_1_222' title='bbox 1529 2595 1756 2659; x_wconf 88' lang='lat' dir='ltr'><strong>libram</strong></span> <span class='ocrx_word' id='word_1_223' title='bbox 1788 2619 1824 2653; x_wconf 81' lang='lat'><strong>»</strong></span> <span class='ocrx_word' id='word_1_224' title='bbox 1863 2593 1978 2677; x_wconf 83' lang='lat' dir='ltr'><strong>(a).</strong></span> 
     </span>
    </p>

    <p class='ocr_par' dir='ltr' id='par_1_7' title="bbox 684 2693 3151 3190">
     <span class='ocr_line' id='line_1_24' title="bbox 779 2693 3148 2780; baseline -0.003 -13"><span class='ocrx_word' id='word_1_225' title='bbox 779 2693 969 2767; x_wconf 77' lang='lat'><strong>1124.</strong></span> <span class='ocrx_word' id='word_1_226' title='bbox 1003 2696 1064 2761; x_wconf 86' lang='lat' dir='ltr'><strong>S.</strong></span> <span class='ocrx_word' id='word_1_227' title='bbox 1100 2698 1452 2780; x_wconf 87' lang='lat' dir='ltr'><strong>Alphonsus</strong></span> <span class='ocrx_word' id='word_1_228' title='bbox 1485 2719 1543 2762; x_wconf 91' lang='lat' dir='ltr'><strong>n.</strong></span> <span class='ocrx_word' id='word_1_229' title='bbox 1583 2699 1776 2761; x_wconf 83' lang='lat'><strong>1025.</strong></span> <span class='ocrx_word' id='word_1_230' title='bbox 1812 2698 1885 2760; x_wconf 89' lang='lat' dir='ltr'><strong>ut</strong></span> <span class='ocrx_word' id='word_1_231' title='bbox 1916 2695 2200 2780; x_wconf 88' lang='lat' dir='ltr'><strong>regulam</strong></span> <span class='ocrx_word' id='word_1_232' title='bbox 2233 2696 2558 2760; x_wconf 88' lang='lat' dir='ltr'><strong>certiorem</strong></span> <span class='ocrx_word' id='word_1_233' title='bbox 2600 2697 2845 2760; x_wconf 86' lang='lat' dir='ltr'><strong>statuat</strong></span> <span class='ocrx_word' id='word_1_234' title='bbox 2877 2698 2941 2760; x_wconf 90' lang='lat' dir='ltr'><strong>et</strong></span> <span class='ocrx_word' id='word_1_235' title='bbox 2986 2715 3148 2760; x_wconf 86' lang='lat' dir='ltr'><strong>scru-</strong></span> 
     </span>
     <span class='ocr_line' id='line_1_25' title="bbox 684 2799 3145 2884; baseline -0.001 -20"><span class='ocrx_word' id='word_1_236' title='bbox 684 2802 848 2884; x_wconf 90' lang='lat' dir='ltr'><strong>pulis</strong></span> <span class='ocrx_word' id='word_1_237' title='bbox 895 2820 1014 2864; x_wconf 91' lang='lat' dir='ltr'><strong>non</strong></span> <span class='ocrx_word' id='word_1_238' title='bbox 1065 2802 1411 2879; x_wconf 78' lang='lat' dir='ltr'><strong>obnoxiam,</strong></span> <span class='ocrx_word' id='word_1_239' title='bbox 1463 2802 1585 2865; x_wconf 90' lang='lat' dir='ltr'><strong>ait:</strong></span> <span class='ocrx_word' id='word_1_240' title='bbox 1643 2826 1677 2859; x_wconf 87' lang='lat'>«</span> <span class='ocrx_word' id='word_1_241' title='bbox 1710 2800 1936 2864; x_wconf 87' lang='lat' dir='ltr'><strong>Melius</strong></span> <span class='ocrx_word' id='word_1_242' title='bbox 1984 2799 2182 2884; x_wconf 90' lang='lat' dir='ltr'><strong>igitur</strong></span> <span class='ocrx_word' id='word_1_243' title='bbox 2221 2799 2329 2863; x_wconf 89' lang='lat' dir='ltr'><strong>alii</strong></span> <span class='ocrx_word' id='word_1_244' title='bbox 2376 2799 2788 2865; x_wconf 91' lang='lat' dir='ltr'><strong>communiter</strong></span> <span class='ocrx_word' id='word_1_245' title='bbox 2837 2800 3145 2877; x_wconf 86' lang='lat' dir='ltr'><strong>asserunt,</strong></span> 
     </span>
     <span class='ocr_line' id='line_1_26' title="bbox 686 2901 3151 2985; baseline 0 -20"><span class='ocrx_word' id='word_1_246' title='bbox 686 2902 966 2985; x_wconf 89' lang='lat' dir='ltr'><strong>permitti</strong></span> <span class='ocrx_word' id='word_1_247' title='bbox 997 2902 1061 2964; x_wconf 92' lang='lat' dir='ltr'><strong>in</strong></span> <span class='ocrx_word' id='word_1_248' title='bbox 1092 2903 1534 2967; x_wconf 88' lang='lat' dir='ltr'><strong>collatiuncula</strong></span> <span class='ocrx_word' id='word_1_249' title='bbox 1569 2905 1707 2967; x_wconf 89' lang='lat' dir='ltr'><strong>octo</strong></span> <span class='ocrx_word' id='word_1_250' title='bbox 1743 2903 1956 2966; x_wconf 88' lang='lat' dir='ltr'><strong>uncias</strong></span> <span class='ocrx_word' id='word_1_251' title='bbox 1989 2901 2108 2965; x_wconf 92' lang='lat' dir='ltr'><strong>cibi</strong></span> <span class='ocrx_word' id='word_1_252' title='bbox 2135 2925 2169 2960; x_wconf 84' lang='lat'><strong>»</strong></span> <span class='ocrx_word' id='word_1_253' title='bbox 2197 2924 2210 2964; x_wconf 90' lang='lat'>:</span> <span class='ocrx_word' id='word_1_254' title='bbox 2239 2902 2384 2984; x_wconf 88' lang='lat' dir='ltr'><strong>post</strong></span> <span class='ocrx_word' id='word_1_255' title='bbox 2414 2920 2571 2984; x_wconf 90' lang='lat' dir='ltr'><strong>quae</strong></span> <span class='ocrx_word' id='word_1_256' title='bbox 2604 2902 2777 2965; x_wconf 89' lang='lat' dir='ltr'><strong>addit</strong></span> <span class='ocrx_word' id='word_1_257' title='bbox 2813 2901 3151 2966; x_wconf 86' lang='lat' dir='ltr'><strong>auctorita·</strong></span> 
     </span>
     <span class='ocr_line' id='line_1_27' title="bbox 688 3004 3147 3088; baseline 0.001 -21"><span class='ocrx_word' id='word_1_258' title='bbox 688 3005 815 3068; x_wconf 91' lang='lat' dir='ltr'><strong>tem</strong></span> <span class='ocrx_word' id='word_1_259' title='bbox 850 3004 1005 3079; x_wconf 91' lang='lat' dir='ltr'><strong>DD.,</strong></span> <span class='ocrx_word' id='word_1_260' title='bbox 1046 3005 1153 3086; x_wconf 90' lang='lat' dir='ltr'><strong>qui</strong></span> <span class='ocrx_word' id='word_1_261' title='bbox 1185 3006 1342 3069; x_wconf 87' lang='lat' dir='ltr'><strong>hanc</strong></span> <span class='ocrx_word' id='word_1_262' title='bbox 1378 3006 1615 3088; x_wconf 81' lang='lat' dir='ltr'><strong>praxim</strong></span> <span class='ocrx_word' id='word_1_263' title='bbox 1646 3005 1832 3069; x_wconf 89' lang='lat' dir='ltr'><strong>modo</strong></span> <span class='ocrx_word' id='word_1_264' title='bbox 1868 3005 2302 3067; x_wconf 76' lang='lat' dir='ltr'><strong>timoratorum</strong></span> <span class='ocrx_word' id='word_1_265' title='bbox 2316 3005 2647 3084; x_wconf 73' lang='lat' dir='ltr'><strong>propriam</strong></span> <span class='ocrx_word' id='word_1_266' title='bbox 2691 3004 2929 3078; x_wconf 86' lang='lat' dir='ltr'><strong>dicunt,</strong></span> <span class='ocrx_word' id='word_1_267' title='bbox 2964 3004 3147 3069; x_wconf 90' lang='lat' dir='ltr'><strong>modo</strong></span> 
     </span>
     <span class='ocr_line' id='line_1_28' title="bbox 685 3106 2849 3190; baseline -0.001 -18"><span class='ocrx_word' id='word_1_268' title='bbox 685 3109 766 3172; x_wconf 83' lang='lat' dir='ltr'><strong>ab</strong></span> <span class='ocrx_word' id='word_1_269' title='bbox 806 3108 1089 3172; x_wconf 74' lang='lat' dir='ltr'><strong>omnibus</strong></span> <span class='ocrx_word' id='word_1_270' title='bbox 1118 3113 1444 3190; x_wconf 75' lang='lat' dir='ltr'><strong>receptam,</strong></span> <span class='ocrx_word' id='word_1_271' title='bbox 1477 3107 1662 3172; x_wconf 90' lang='lat' dir='ltr'><strong>modo</strong></span> <span class='ocrx_word' id='word_1_272' title='bbox 1699 3108 2107 3170; x_wconf 79' lang='lat' dir='ltr'><strong>communiter</strong></span> <span class='ocrx_word' id='word_1_273' title='bbox 2130 3127 2172 3168; x_wconf 91' lang='lat' dir='ltr'><strong>a</strong></span> <span class='ocrx_word' id='word_1_274' title='bbox 2189 3107 2327 3186; x_wconf 75' lang='lat' dir='ltr'><strong>piis</strong></span> <span class='ocrx_word' id='word_1_275' title='bbox 2361 3106 2704 3169; x_wconf 79' lang='lat' dir='ltr'><strong>admissam</strong></span> <span class='ocrx_word' id='word_1_276' title='bbox 2733 3107 2849 3170; x_wconf 87' lang='lat' dir='ltr'><strong>etc.</strong></span> 
     </span>
    </p>

    <p class='ocr_par' dir='ltr' id='par_1_8' title="bbox 683 3207 3150 3605">
     <span class='ocr_line' id='line_1_29' title="bbox 777 3207 3150 3293; baseline -0.002 -17"><span class='ocrx_word' id='word_1_277' title='bbox 777 3212 849 3275; x_wconf 93' lang='lat' dir='ltr'><strong>In</strong></span> <span class='ocrx_word' id='word_1_278' title='bbox 888 3212 1142 3276; x_wconf 90' lang='lat' dir='ltr'><strong>eandem</strong></span> <span class='ocrx_word' id='word_1_279' title='bbox 1182 3211 1552 3276; x_wconf 86' lang='lat' dir='ltr'><strong>sententiam</strong></span> <span class='ocrx_word' id='word_1_280' title='bbox 1599 3210 1689 3273; x_wconf 89' lang='lat' dir='ltr'><strong>ait</strong></span> <span class='ocrx_word' id='word_1_281' title='bbox 1726 3209 2016 3293; x_wconf 89' lang='lat' dir='ltr'><strong>Ligorius</strong></span> <span class='ocrx_word' id='word_1_282' title='bbox 2066 3210 2408 3274; x_wconf 90' lang='lat' dir='ltr'><strong>consentire</strong></span> <span class='ocrx_word' id='word_1_283' title='bbox 2456 3229 2515 3292; x_wconf 92' lang='lat' dir='ltr'><strong>p.</strong></span> <span class='ocrx_word' id='word_1_284' title='bbox 2555 3207 2837 3284; x_wconf 85' lang='lat' dir='ltr'><strong>Milante,</strong></span> <span class='ocrx_word' id='word_1_285' title='bbox 2879 3210 3029 3273; x_wconf 90' lang='lat' dir='ltr'><strong>utut</strong></span> <span class='ocrx_word' id='word_1_286' title='bbox 3073 3209 3150 3272; x_wconf 91' lang='lat' dir='ltr'><strong>ri-</strong></span> 
     </span>
     <span class='ocr_line' id='line_1_30' title="bbox 687 3310 3143 3400; baseline -0.001 -21"><span class='ocrx_word' id='word_1_287' title='bbox 687 3316 975 3400; x_wconf 89' lang='lat' dir='ltr'><strong>gidarum</strong></span> <span class='ocrx_word' id='word_1_288' title='bbox 1001 3316 1449 3380; x_wconf 86' lang='lat' dir='ltr'><strong>sententiarum</strong></span> <span class='ocrx_word' id='word_1_289' title='bbox 1483 3312 1810 3376; x_wconf 87' lang='lat' dir='ltr'><strong>fautorem.</strong></span> <span class='ocrx_word' id='word_1_290' title='bbox 1847 3310 2039 3376; x_wconf 89' lang='lat' dir='ltr'><strong>Cuius</strong></span> <span class='ocrx_word' id='word_1_291' title='bbox 2064 3311 2256 3376; x_wconf 88' lang='lat' dir='ltr'><strong>etiam</strong></span> <span class='ocrx_word' id='word_1_292' title='bbox 2281 3311 2460 3375; x_wconf 86' lang='lat' dir='ltr'><strong>affert</strong></span> <span class='ocrx_word' id='word_1_293' title='bbox 2481 3311 2640 3374; x_wconf 89' lang='lat' dir='ltr'><strong>hanc</strong></span> <span class='ocrx_word' id='word_1_294' title='bbox 2662 3310 3143 3387; x_wconf 88' lang='lat' dir='ltr'><strong>conclusionem,</strong></span> 
     </span>
     <span class='ocr_line' id='line_1_31' title="bbox 684 3412 3148 3500; baseline -0.002 -19"><span class='ocrx_word' id='word_1_295' title='bbox 684 3418 851 3500; x_wconf 87' lang='lat' dir='ltr'><strong>qnod</strong></span> <span class='ocrx_word' id='word_1_296' title='bbox 891 3444 925 3479; x_wconf 65' lang='grc' dir='ltr'><strong>α</strong></span> <span class='ocrx_word' id='word_1_297' title='bbox 957 3420 1127 3481; x_wconf 78' lang='lat' dir='ltr'><strong>iusta</strong></span> <span class='ocrx_word' id='word_1_298' title='bbox 1172 3437 1248 3480; x_wconf 78' lang='lat' dir='ltr'><strong>ex</strong></span> <span class='ocrx_word' id='word_1_299' title='bbox 1294 3435 1486 3478; x_wconf 83' lang='lat' dir='ltr'><strong>causa</strong></span> <span class='ocrx_word' id='word_1_300' title='bbox 1518 3415 1758 3495; x_wconf 77' lang='lat' dir='ltr'><strong>poterit</strong></span> <span class='ocrx_word' id='word_1_301' title='bbox 1801 3434 1930 3479; x_wconf 81' lang='lat' dir='ltr'><strong>esse</strong></span> <span class='ocrx_word' id='word_1_302' title='bbox 1975 3415 2234 3478; x_wconf 69' lang='lat' dir='ltr'><strong>maioris·</strong></span> <span class='ocrx_word' id='word_1_303' title='bbox 2269 3413 2589 3492; x_wconf 78' lang='lat' dir='ltr'><strong>ponderis,</strong></span> <span class='ocrx_word' id='word_1_304' title='bbox 2616 3412 2834 3494; x_wconf 89' lang='lat' dir='ltr'><strong>(quam</strong></span> <span class='ocrx_word' id='word_1_305' title='bbox 2861 3415 3002 3477; x_wconf 88' lang='lat' dir='ltr'><strong>octo</strong></span> <span class='ocrx_word' id='word_1_306' title='bbox 3030 3434 3148 3477; x_wconf 91' lang='lat' dir='ltr'><strong>un-</strong></span> 
     </span>
     <span class='ocr_line' id='line_1_32' title="bbox 683 3516 2755 3605; baseline -0.003 -21"><span class='ocrx_word' id='word_1_307' title='bbox 683 3521 970 3605; x_wconf 88' lang='lat' dir='ltr'><strong>ciarum),</strong></span> <span class='ocrx_word' id='word_1_308' title='bbox 1005 3518 1253 3600; x_wconf 79' lang='lat' dir='ltr'><strong>quando</strong></span> <span class='ocrx_word' id='word_1_309' title='bbox 1290 3517 1573 3581; x_wconf 77' lang='lat' dir='ltr'><strong>videlicet</strong></span> <span class='ocrx_word' id='word_1_310' title='bbox 1599 3517 1836 3598; x_wconf 72' lang='lat' dir='ltr'><strong>aliquis</strong></span> <span class='ocrx_word' id='word_1_311' title='bbox 1867 3518 2096 3580; x_wconf 77' lang='lat' dir='ltr'><strong>maiori</strong></span> <span class='ocrx_word' id='word_1_312' title='bbox 2126 3521 2263 3597; x_wconf 72' lang='lat' dir='ltr'><strong>eyet</strong></span> <span class='ocrx_word' id='word_1_313' title='bbox 2290 3516 2671 3578; x_wconf 77' lang='lat' dir='ltr'><strong>nutrimento</strong></span> <span class='ocrx_word' id='word_1_314' title='bbox 2694 3539 2755 3578; x_wconf 81' lang='lat'><strong>».</strong></span> 
     </span>
    </p>
   </div>
   <div class='ocr_carea' id='block_1_3' title="bbox 719 3674 893 3682">
    <p class='ocr_par' dir='ltr' id='par_1_9' title="bbox 719 3674 893 3682">
     <span class='ocr_line' id='line_1_33' title="bbox 719 3674 893 3682; baseline 0 1465"><span class='ocrx_word' id='word_1_315' title='bbox 719 3674 893 3682; x_wconf 95' lang='lat' dir='ltr'><strong> </strong></span> 
     </span>
    </p>
   </div>
   <div class='ocr_carea' id='block_1_4' title="bbox 676 3773 3150 4239">
    <p class='ocr_par' dir='ltr' id='par_1_10' title="bbox 676 3773 3150 4239">
     <span class='ocr_line' id='line_1_34' title="bbox 789 3773 3147 3835; baseline -0.004 -10"><span class='ocrx_word' id='word_1_316' title='bbox 789 3784 856 3835; x_wconf 75' lang='lat' dir='ltr'><strong>(a)</strong></span> <span class='ocrx_word' id='word_1_317' title='bbox 887 3781 1123 3831; x_wconf 78' lang='lat' dir='ltr'><strong>Quaestio</strong></span> <span class='ocrx_word' id='word_1_318' title='bbox 1151 3783 1264 3824; x_wconf 73' lang='lat' dir='ltr'><strong>orta</strong></span> <span class='ocrx_word' id='word_1_319' title='bbox 1293 3782 1382 3832; x_wconf 82' lang='lat' dir='ltr'><strong>est,</strong></span> <span class='ocrx_word' id='word_1_320' title='bbox 1414 3780 1537 3833; x_wconf 84' lang='lat' dir='ltr'><strong>quid</strong></span> <span class='ocrx_word' id='word_1_321' title='bbox 1567 3777 1769 3821; x_wconf 87' lang='lat' dir='ltr'><strong>nomine</strong></span> <span class='ocrx_word' id='word_1_322' title='bbox 1799 3787 1962 3821; x_wconf 80' lang='lat' dir='ltr'><strong>coenae</strong></span> <span class='ocrx_word' id='word_1_323' title='bbox 1981 3776 2034 3818; x_wconf 83' lang='lat' dir='ltr'><strong>in</strong></span> <span class='ocrx_word' id='word_1_324' title='bbox 2064 3776 2160 3818; x_wconf 77' lang='lat' dir='ltr'><strong>hac</strong></span> <span class='ocrx_word' id='word_1_325' title='bbox 2188 3774 2366 3829; x_wconf 75' lang='lat' dir='ltr'><strong>regule.</strong></span> <span class='ocrx_word' id='word_1_326' title='bbox 2385 3774 2576 3816; x_wconf 77' lang='lat' dir='ltr'><strong>veniat.</strong></span> <span class='ocrx_word' id='word_1_327' title='bbox 2600 3773 2673 3827; x_wconf 61' lang='lat'><strong>13„</strong></span> <span class='ocrx_word' id='word_1_328' title='bbox 2703 3775 2763 3816; x_wconf 83' lang='lat' dir='ltr'><strong>ut</strong></span> <span class='ocrx_word' id='word_1_329' title='bbox 2791 3774 2936 3827; x_wconf 71' lang='lat' dir='ltr'><strong>patet</strong></span> <span class='ocrx_word' id='word_1_330' title='bbox 2964 3773 3078 3816; x_wconf 82' lang='lat' dir='ltr'><strong>heio</strong></span> <span class='ocrx_word' id='word_1_331' title='bbox 3099 3779 3147 3816; x_wconf 74' lang='lat' dir='ltr'><strong>et</strong></span> 
     </span>
     <span class='ocr_line' id='line_1_35' title="bbox 682 3839 3150 3900; baseline -0.004 -9"><span class='ocrx_word' id='word_1_332' title='bbox 682 3860 745 3891; x_wconf 80' lang='lat' dir='ltr'><strong>ex</strong></span> <span class='ocrx_word' id='word_1_333' title='bbox 773 3851 895 3890; x_wconf 83' lang='lat' dir='ltr'><strong>note.</strong></span> <span class='ocrx_word' id='word_1_334' title='bbox 922 3847 1058 3900; x_wconf 76' lang='lat' dir='ltr'><strong>apud</strong></span> <span class='ocrx_word' id='word_1_335' title='bbox 1086 3847 1231 3899; x_wconf 78' lang='lat' dir='ltr'><strong>Gury</strong></span> <span class='ocrx_word' id='word_1_336' title='bbox 1259 3852 1381 3889; x_wconf 80' lang='lat' dir='ltr'><strong>tom.</strong></span> <span class='ocrx_word' id='word_1_337' title='bbox 1405 3849 1444 3889; x_wconf 86' lang='lat'><strong>1.</strong></span> <span class='ocrx_word' id='word_1_338' title='bbox 1466 3859 1515 3890; x_wconf 90' lang='lat' dir='ltr'><strong>n.</strong></span> <span class='ocrx_word' id='word_1_339' title='bbox 1546 3845 1661 3896; x_wconf 62' lang='lat'><strong>497„</strong></span> <span class='ocrx_word' id='word_1_340' title='bbox 1684 3843 1883 3888; x_wconf 79' lang='lat' dir='ltr'><strong>censuit</strong></span> <span class='ocrx_word' id='word_1_341' title='bbox 1904 3843 2124 3898; x_wconf 75' lang='lat' dir='ltr'><strong>intelligi</strong></span> <span class='ocrx_word' id='word_1_342' title='bbox 2153 3842 2444 3896; x_wconf 84' lang='lat' dir='ltr'><strong>prandium,</strong></span> <span class='ocrx_word' id='word_1_343' title='bbox 2464 3841 2597 3896; x_wconf 83' lang='lat' dir='ltr'><strong>quod</strong></span> <span class='ocrx_word' id='word_1_344' title='bbox 2618 3841 2753 3883; x_wconf 70' lang='lat' dir='ltr'><strong>circa</strong></span> <span class='ocrx_word' id='word_1_345' title='bbox 2783 3839 3048 3883; x_wconf 73' lang='lat' dir='ltr'><strong>meridiem</strong></span> <span class='ocrx_word' id='word_1_346' title='bbox 3069 3853 3150 3883; x_wconf 75' lang='lat' dir='ltr'><strong>eu·</strong></span> 
     </span>
     <span class='ocr_line' id='line_1_36' title="bbox 682 3906 3148 3967; baseline -0.003 -11"><span class='ocrx_word' id='word_1_347' title='bbox 682 3914 843 3956; x_wconf 83' lang='lat' dir='ltr'><strong>mitur</strong></span> <span class='ocrx_word' id='word_1_348' title='bbox 871 3913 1103 3967; x_wconf 84' lang='lat' dir='ltr'><strong>quodque</strong></span> <span class='ocrx_word' id='word_1_349' title='bbox 1130 3913 1183 3956; x_wconf 91' lang='lat' dir='ltr'><strong>in</strong></span> <span class='ocrx_word' id='word_1_350' title='bbox 1213 3913 1601 3967; x_wconf 77' lang='lat' dir='ltr'><strong>quadragesima</strong></span> <span class='ocrx_word' id='word_1_351' title='bbox 1628 3911 1756 3954; x_wconf 82' lang='lat' dir='ltr'><strong>solet</strong></span> <span class='ocrx_word' id='word_1_352' title='bbox 1786 3911 1954 3954; x_wconf 76' lang='lat' dir='ltr'><strong>vocari</strong></span> <span class='ocrx_word' id='word_1_353' title='bbox 1984 3923 2153 3954; x_wconf 73' lang='lat' dir='ltr'><strong>coena.</strong></span> <span class='ocrx_word' id='word_1_354' title='bbox 2184 3908 2243 3951; x_wconf 85' lang='lat' dir='ltr'><strong>Id</strong></span> <span class='ocrx_word' id='word_1_355' title='bbox 2273 3913 2407 3951; x_wconf 83' lang='lat' dir='ltr'><strong>certe</strong></span> <span class='ocrx_word' id='word_1_356' title='bbox 2437 3908 2698 3962; x_wconf 82' lang='lat' dir='ltr'><strong>colligitur</strong></span> <span class='ocrx_word' id='word_1_357' title='bbox 2725 3920 2787 3951; x_wconf 84' lang='lat' dir='ltr'><strong>ex</strong></span> <span class='ocrx_word' id='word_1_358' title='bbox 2818 3906 3021 3950; x_wconf 83' lang='lat' dir='ltr'><strong>Pichler</strong></span> <span class='ocrx_word' id='word_1_359' title='bbox 3041 3906 3075 3950; x_wconf 85' lang='lat'><strong>1.</strong></span> <span class='ocrx_word' id='word_1_360' title='bbox 3105 3910 3148 3949; x_wconf 76' lang='lat'><strong>5.</strong></span> 
     </span>
     <span class='ocr_line' id='line_1_37' title="bbox 681 3973 3150 4034; baseline -0.003 -11"><span class='ocrx_word' id='word_1_361' title='bbox 681 3981 764 4023; x_wconf 83' lang='lat' dir='ltr'><strong>tit.</strong></span> <span class='ocrx_word' id='word_1_362' title='bbox 796 3981 863 4023; x_wconf 78' lang='lat'><strong>46.</strong></span> <span class='ocrx_word' id='word_1_363' title='bbox 894 3993 945 4022; x_wconf 87' lang='lat' dir='ltr'><strong>n.</strong></span> <span class='ocrx_word' id='word_1_364' title='bbox 963 3980 1005 4022; x_wconf 83' lang='lat'><strong>6.</strong></span> <span class='ocrx_word' id='word_1_365' title='bbox 1036 3980 1448 4034; x_wconf 75' lang='lat' dir='ltr'><strong>aientezplurimi</strong></span> <span class='ocrx_word' id='word_1_366' title='bbox 1461 3981 1743 4033; x_wconf 73' lang='lat' dir='ltr'><strong>permittunt</strong></span> <span class='ocrx_word' id='word_1_367' title='bbox 1772 3980 1992 4032; x_wconf 79' lang='lat' dir='ltr'><strong>quartam</strong></span> <span class='ocrx_word' id='word_1_368' title='bbox 2010 3980 2195 4030; x_wconf 76' lang='lat' dir='ltr'><strong>partem</strong></span> <span class='ocrx_word' id='word_1_369' title='bbox 2225 3978 2340 4017; x_wconf 75' lang='lat' dir='ltr'><strong>iusti</strong></span> <span class='ocrx_word' id='word_1_370' title='bbox 2352 3976 2557 4028; x_wconf 77' lang='lat' dir='ltr'><strong>prandii</strong></span> <span class='ocrx_word' id='word_1_371' title='bbox 2573 3973 2642 4016; x_wconf 79' lang='lat' dir='ltr'><strong>vel</strong></span> <span class='ocrx_word' id='word_1_372' title='bbox 2667 3984 2832 4016; x_wconf 75' lang='lat' dir='ltr'><strong>coenae</strong></span> <span class='ocrx_word' id='word_1_373' title='bbox 2859 3975 3070 4028; x_wconf 62' lang='lat' dir='ltr'><strong>integrae</strong></span> <span class='ocrx_word' id='word_1_374' title='bbox 3092 3986 3150 4015; x_wconf 82' lang='lat' dir='ltr'><strong>ac</strong></span> 
     </span>
     <span class='ocr_line' id='line_1_38' title="bbox 676 4040 3150 4102; baseline -0.003 -12"><span class='ocrx_word' id='word_1_375' title='bbox 676 4048 856 4102; x_wconf 73' lang='lat' dir='ltr'><strong>plenae,</strong></span> <span class='ocrx_word' id='word_1_376' title='bbox 879 4061 938 4091; x_wconf 83' lang='lat' dir='ltr'><strong>ex</strong></span> <span class='ocrx_word' id='word_1_377' title='bbox 960 4047 1151 4091; x_wconf 78' lang='lat' dir='ltr'><strong>Reater</strong></span> <span class='ocrx_word' id='word_1_378' title='bbox 1180 4050 1310 4100; x_wconf 78' lang='lat' dir='ltr'><strong>part.</strong></span> <span class='ocrx_word' id='word_1_379' title='bbox 1331 4047 1374 4089; x_wconf 77' lang='lat'><strong>2.</strong></span> <span class='ocrx_word' id='word_1_380' title='bbox 1396 4050 1461 4090; x_wconf 85' lang='lat' dir='ltr'><strong>tr.</strong></span> <span class='ocrx_word' id='word_1_381' title='bbox 1483 4046 1525 4089; x_wconf 78' lang='grc' dir='ltr'><strong>Β.</strong></span> <span class='ocrx_word' id='word_1_382' title='bbox 1548 4059 1596 4099; x_wconf 92' lang='lat' dir='ltr'><strong>q.</strong></span> <span class='ocrx_word' id='word_1_383' title='bbox 1617 4046 1658 4089; x_wconf 83' lang='grc' dir='ltr'><strong>Β.</strong></span> <span class='ocrx_word' id='word_1_384' title='bbox 1684 4059 1732 4088; x_wconf 85' lang='lat' dir='ltr'><strong>n.</strong></span> <span class='ocrx_word' id='word_1_385' title='bbox 1753 4047 1873 4089; x_wconf 60' lang='lat' dir='ltr'><strong>lu:</strong></span> <span class='ocrx_word' id='word_1_386' title='bbox 1906 4047 1956 4086; x_wconf 78' lang='lat' dir='ltr'><strong>ut</strong></span> <span class='ocrx_word' id='word_1_387' title='bbox 1976 4045 2156 4087; x_wconf 75' lang='lat' dir='ltr'><strong>cuilibet</strong></span> <span class='ocrx_word' id='word_1_388' title='bbox 2172 4044 2308 4085; x_wconf 72' lang='lat' dir='ltr'><strong>liceat</strong></span> <span class='ocrx_word' id='word_1_389' title='bbox 2332 4045 2509 4096; x_wconf 78' lang='lat' dir='ltr'><strong>quarta</strong></span> <span class='ocrx_word' id='word_1_390' title='bbox 2527 4040 2597 4084; x_wconf 75' lang='lat' dir='ltr'><strong>vel</strong></span> <span class='ocrx_word' id='word_1_391' title='bbox 2624 4043 2794 4093; x_wconf 69' lang='lat' dir='ltr'><strong>quinta</strong></span> <span class='ocrx_word' id='word_1_392' title='bbox 2812 4052 2931 4094; x_wconf 75' lang='lat' dir='ltr'><strong>pars</strong></span> <span class='ocrx_word' id='word_1_393' title='bbox 2941 4042 3150 4093; x_wconf 70' lang='lat' dir='ltr'><strong>prandii</strong></span> 
     </span>
     <span class='ocr_line' id='line_1_39' title="bbox 680 4106 3150 4168; baseline -0.004 -9"><span class='ocrx_word' id='word_1_394' title='bbox 680 4128 757 4159; x_wconf 76' lang='lat' dir='ltr'><strong>eeu</strong></span> <span class='ocrx_word' id='word_1_395' title='bbox 788 4116 1051 4168; x_wconf 74' lang='lat' dir='ltr'><strong>resectionis</strong></span> <span class='ocrx_word' id='word_1_396' title='bbox 1078 4116 1229 4158; x_wconf 69' lang='lat' dir='ltr'><strong>iustae</strong></span> <span class='ocrx_word' id='word_1_397' title='bbox 1256 4117 1307 4156; x_wconf 87' lang='lat' dir='ltr'><strong>et</strong></span> <span class='ocrx_word' id='word_1_398' title='bbox 1328 4113 1492 4156; x_wconf 78' lang='lat' dir='ltr'><strong>Gobat</strong></span> <span class='ocrx_word' id='word_1_399' title='bbox 1515 4113 1663 4162; x_wconf 85' lang='lat' dir='ltr'><strong>Quin.</strong></span> <span class='ocrx_word' id='word_1_400' title='bbox 1695 4116 1759 4155; x_wconf 86' lang='lat' dir='ltr'><strong>tr.</strong></span> <span class='ocrx_word' id='word_1_401' title='bbox 1783 4113 1825 4155; x_wconf 80' lang='grc' dir='ltr'><strong>Β.</strong></span> <span class='ocrx_word' id='word_1_402' title='bbox 1849 4125 1889 4154; x_wconf 89' lang='lat' dir='ltr'><strong>c.</strong></span> <span class='ocrx_word' id='word_1_403' title='bbox 1908 4111 1977 4154; x_wconf 68' lang='lat'><strong>⁵28.</strong></span> <span class='ocrx_word' id='word_1_404' title='bbox 1999 4124 2049 4152; x_wconf 88' lang='lat' dir='ltr'><strong>n.</strong></span> <span class='ocrx_word' id='word_1_405' title='bbox 2070 4109 2165 4152; x_wconf 79' lang='grc'><strong>203.</strong></span> <span class='ocrx_word' id='word_1_406' title='bbox 2184 4124 2193 4150; x_wconf 92' lang='lat'>:</span> <span class='ocrx_word' id='word_1_407' title='bbox 2214 4109 2493 4152; x_wconf 70' lang='lat' dir='ltr'><strong>consuetudo</strong></span> <span class='ocrx_word' id='word_1_408' title='bbox 2515 4108 2755 4161; x_wconf 73' lang='lat' dir='ltr'><strong>permittit,</strong></span> <span class='ocrx_word' id='word_1_409' title='bbox 2776 4106 2938 4150; x_wconf 66' lang='lat' dir='ltr'><strong>saltem</strong></span> <span class='ocrx_word' id='word_1_410' title='bbox 2958 4109 3010 4148; x_wconf 82' lang='lat' dir='ltr'><strong>in</strong></span> <span class='ocrx_word' id='word_1_411' title='bbox 3037 4106 3150 4151; x_wconf 69' lang='lat' dir='ltr'><strong>Ger-</strong></span> 
     </span>
     <span class='ocr_line' id='line_1_40' title="bbox 680 4176 3148 4239; baseline -0.004 -10"><span class='ocrx_word' id='word_1_412' title='bbox 680 4189 863 4238; x_wconf 80' lang='lat' dir='ltr'><strong>mania,</strong></span> <span class='ocrx_word' id='word_1_413' title='bbox 890 4187 1152 4239; x_wconf 72' lang='lat' dir='ltr'><strong>practicari</strong></span> <span class='ocrx_word' id='word_1_414' title='bbox 1178 4187 1440 4228; x_wconf 78' lang='lat' dir='ltr'><strong>doctrinam</strong></span> <span class='ocrx_word' id='word_1_415' title='bbox 1472 4184 1718 4236; x_wconf 77' lang='lat' dir='ltr'><strong>Filliuccii,</strong></span> <span class='ocrx_word' id='word_1_416' title='bbox 1751 4181 2017 4236; x_wconf 70' lang='lat' dir='ltr'><strong>Reyirzaldi,</strong></span> <span class='ocrx_word' id='word_1_417' title='bbox 2047 4183 2299 4234; x_wconf 71' lang='lat' dir='ltr'><strong>Laymarm</strong></span> <span class='ocrx_word' id='word_1_418' title='bbox 2331 4181 2618 4222; x_wconf 77' lang='lat' dir='ltr'><strong>tradentium</strong></span> <span class='ocrx_word' id='word_1_419' title='bbox 2639 4189 2773 4232; x_wconf 67' lang='lat' dir='ltr'><strong>posse</strong></span> <span class='ocrx_word' id='word_1_420' title='bbox 2799 4176 2938 4220; x_wconf 74' lang='lat' dir='ltr'><strong>libere</strong></span> <span class='ocrx_word' id='word_1_421' title='bbox 2961 4190 3055 4230; x_wconf 81' lang='lat' dir='ltr'><strong>pro</strong></span> <span class='ocrx_word' id='word_1_422' title='bbox 3083 4191 3148 4221; x_wconf 78' lang='lat' dir='ltr'><strong>re-</strong></span> 
     </span>
    </p>
   </div>
   <div class='ocr_carea' id='block_1_5' title="bbox 680 4248 3151 4636">
    <p class='ocr_par' dir='ltr' id='par_1_11' title="bbox 680 4248 3151 4636">
     <span class='ocr_line' id='line_1_41' title="bbox 680 4248 3146 4306; baseline -0.003 -9"><span class='ocrx_word' id='word_1_423' title='bbox 680 4253 967 4306; x_wconf 75' lang='lat' dir='ltr'><strong>fectiuncula</strong></span> <span class='ocrx_word' id='word_1_424' title='bbox 997 4256 1253 4306; x_wconf 70' lang='lat' dir='ltr'><strong>vespertina</strong></span> <span class='ocrx_word' id='word_1_425' title='bbox 1283 4255 1465 4293; x_wconf 80' lang='lat' dir='ltr'><strong>tantum</strong></span> <span class='ocrx_word' id='word_1_426' title='bbox 1508 4253 1679 4293; x_wconf 78' lang='lat' dir='ltr'><strong>comedi</strong></span> <span class='ocrx_word' id='word_1_427' title='bbox 1706 4262 1760 4291; x_wconf 77' lang='lat' dir='ltr'><strong>ca:</strong></span> <span class='ocrx_word' id='word_1_428' title='bbox 1788 4250 1922 4291; x_wconf 71' lang='lat' dir='ltr'><strong>rebus</strong></span> <span class='ocrx_word' id='word_1_429' title='bbox 1957 4250 2215 4301; x_wconf 67' lang='lat' dir='ltr'><strong>permissis,</strong></span> <span class='ocrx_word' id='word_1_430' title='bbox 2246 4251 2473 4301; x_wconf 76' lang='lat' dir='ltr'><strong>quantum</strong></span> <span class='ocrx_word' id='word_1_431' title='bbox 2510 4249 2683 4299; x_wconf 78' lang='lat' dir='ltr'><strong>aequat</strong></span> <span class='ocrx_word' id='word_1_432' title='bbox 2709 4248 2934 4299; x_wconf 77' lang='lat' dir='ltr'><strong>quartam</strong></span> <span class='ocrx_word' id='word_1_433' title='bbox 2956 4250 3146 4299; x_wconf 75' lang='lat' dir='ltr'><strong>partem</strong></span> 
     </span>
     <span class='ocr_line' id='line_1_42' title="bbox 680 4314 3148 4374; baseline -0.003 -11"><span class='ocrx_word' id='word_1_434' title='bbox 680 4323 796 4364; x_wconf 73' lang='lat' dir='ltr'><strong>iusti</strong></span> <span class='ocrx_word' id='word_1_435' title='bbox 813 4321 1033 4374; x_wconf 77' lang='lat' dir='ltr'><strong>prandii.</strong></span> <span class='ocrx_word' id='word_1_436' title='bbox 1055 4319 1182 4362; x_wconf 84' lang='lat' dir='ltr'><strong>Cum</strong></span> <span class='ocrx_word' id='word_1_437' title='bbox 1210 4319 1265 4360; x_wconf 89' lang='lat' dir='ltr'><strong>hi</strong></span> <span class='ocrx_word' id='word_1_438' title='bbox 1285 4320 1387 4360; x_wconf 84' lang='lat' dir='ltr'><strong>tres</strong></span> <span class='ocrx_word' id='word_1_439' title='bbox 1408 4316 1647 4360; x_wconf 78' lang='lat' dir='ltr'><strong>Germani</strong></span> <span class='ocrx_word' id='word_1_440' title='bbox 1669 4315 1791 4366; x_wconf 78' lang='lat' dir='ltr'><strong>sint,</strong></span> <span class='ocrx_word' id='word_1_441' title='bbox 1814 4315 1899 4356; x_wconf 81' lang='lat' dir='ltr'><strong>vix</strong></span> <span class='ocrx_word' id='word_1_442' title='bbox 1921 4314 2156 4358; x_wconf 73' lang='lat' dir='ltr'><strong>dubitare</strong></span> <span class='ocrx_word' id='word_1_443' title='bbox 2177 4315 2297 4357; x_wconf 83' lang='lat' dir='ltr'><strong>licet</strong></span> <span class='ocrx_word' id='word_1_444' title='bbox 2318 4327 2418 4356; x_wconf 88' lang='lat' dir='ltr'><strong>non</strong></span> <span class='ocrx_word' id='word_1_445' title='bbox 2440 4325 2543 4356; x_wconf 74' lang='lat' dir='ltr'><strong>esse</strong></span> <span class='ocrx_word' id='word_1_446' title='bbox 2564 4325 2646 4356; x_wconf 81' lang='lat' dir='ltr'><strong>eos</strong></span> <span class='ocrx_word' id='word_1_447' title='bbox 2665 4316 2923 4356; x_wconf 70' lang='lat' dir='ltr'><strong>assecutos</strong></span> <span class='ocrx_word' id='word_1_448' title='bbox 2942 4325 3148 4356; x_wconf 76' lang='lat' dir='ltr'><strong>sensum</strong></span> 
     </span>
     <span class='ocr_line' id='line_1_43' title="bbox 681 4378 3148 4441; baseline -0.002 -11"><span class='ocrx_word' id='word_1_449' title='bbox 681 4386 887 4441; x_wconf 74' lang='lat' dir='ltr'><strong>regulae</strong></span> <span class='ocrx_word' id='word_1_450' title='bbox 908 4387 961 4428; x_wconf 87' lang='lat' dir='ltr'><strong>in</strong></span> <span class='ocrx_word' id='word_1_451' title='bbox 982 4385 1257 4429; x_wconf 80' lang='lat' dir='ltr'><strong>Germania</strong></span> <span class='ocrx_word' id='word_1_452' title='bbox 1292 4385 1526 4426; x_wconf 78' lang='lat' dir='ltr'><strong>usitatae.</strong></span> <span class='ocrx_word' id='word_1_453' title='bbox 1550 4383 1640 4424; x_wconf 83' lang='lat' dir='ltr'><strong>His</strong></span> <span class='ocrx_word' id='word_1_454' title='bbox 1676 4380 1886 4423; x_wconf 77' lang='lat' dir='ltr'><strong>accessit</strong></span> <span class='ocrx_word' id='word_1_455' title='bbox 1917 4381 2207 4424; x_wconf 83' lang='lat' dir='ltr'><strong>Lehmkuhl</strong></span> <span class='ocrx_word' id='word_1_456' title='bbox 2231 4381 2328 4424; x_wconf 75' lang='lat' dir='ltr'><strong>vol.</strong></span> <span class='ocrx_word' id='word_1_457' title='bbox 2355 4383 2392 4424; x_wconf 87' lang='lat'><strong>1.</strong></span> <span class='ocrx_word' id='word_1_458' title='bbox 2415 4394 2464 4423; x_wconf 89' lang='lat' dir='ltr'><strong>n.</strong></span> <span class='ocrx_word' id='word_1_459' title='bbox 2497 4380 2617 4422; x_wconf 79' lang='lat'><strong>1211.</strong></span> <span class='ocrx_word' id='word_1_460' title='bbox 2644 4381 2688 4423; x_wconf 74' lang='lat'><strong>3.</strong></span> <span class='ocrx_word' id='word_1_461' title='bbox 2719 4378 2953 4422; x_wconf 81' lang='lat' dir='ltr'><strong>Fuerunt</strong></span> <span class='ocrx_word' id='word_1_462' title='bbox 2973 4383 3148 4424; x_wconf 77' lang='lat' dir='ltr'><strong>tamen</strong></span> 
     </span>
     <span class='ocr_line' id='line_1_44' title="bbox 681 4445 3151 4508; baseline -0.002 -14"><span class='ocrx_word' id='word_1_463' title='bbox 681 4453 770 4508; x_wconf 87' lang='lat' dir='ltr'><strong>qui</strong></span> <span class='ocrx_word' id='word_1_464' title='bbox 799 4453 853 4494; x_wconf 84' lang='lat' dir='ltr'><strong>in</strong></span> <span class='ocrx_word' id='word_1_465' title='bbox 882 4452 1127 4494; x_wconf 78' lang='lat' dir='ltr'><strong>Ballerini</strong></span> <span class='ocrx_word' id='word_1_466' title='bbox 1157 4455 1422 4504; x_wconf 76' lang='lat' dir='ltr'><strong>carperent</strong></span> <span class='ocrx_word' id='word_1_467' title='bbox 1450 4449 1582 4491; x_wconf 80' lang='lat' dir='ltr'><strong>hano</strong></span> <span class='ocrx_word' id='word_1_468' title='bbox 1604 4447 2075 4500; x_wconf 80' lang='lat' dir='ltr'><strong>interpretationem</strong></span> <span class='ocrx_word' id='word_1_469' title='bbox 2098 4452 2146 4491; x_wconf 81' lang='lat' dir='ltr'><strong>et</strong></span> <span class='ocrx_word' id='word_1_470' title='bbox 2170 4448 2378 4498; x_wconf 77' lang='lat' dir='ltr'><strong>vellent,</strong></span> <span class='ocrx_word' id='word_1_471' title='bbox 2401 4459 2626 4497; x_wconf 75' lang='lat' dir='ltr'><strong>coenam,</strong></span> <span class='ocrx_word' id='word_1_472' title='bbox 2652 4445 2798 4488; x_wconf 78' lang='lat' dir='ltr'><strong>cuius</strong></span> <span class='ocrx_word' id='word_1_473' title='bbox 2821 4449 3011 4499; x_wconf 74' lang='lat' dir='ltr'><strong>quart-n</strong></span> <span class='ocrx_word' id='word_1_474' title='bbox 3031 4458 3151 4499; x_wconf 65' lang='lat' dir='ltr'><strong>pers</strong></span> 
     </span>
     <span class='ocr_line' id='line_1_45' title="bbox 680 4512 3151 4570; baseline -0.002 -8"><span class='ocrx_word' id='word_1_475' title='bbox 680 4520 735 4562; x_wconf 83' lang='lat' dir='ltr'><strong>in</strong></span> <span class='ocrx_word' id='word_1_476' title='bbox 758 4519 1047 4570; x_wconf 78' lang='lat' dir='ltr'><strong>vespertina</strong></span> <span class='ocrx_word' id='word_1_477' title='bbox 1062 4516 1429 4559; x_wconf 80' lang='lat' dir='ltr'><strong>refectiuncula</strong></span> <span class='ocrx_word' id='word_1_478' title='bbox 1450 4514 1784 4569; x_wconf 80' lang='lat' dir='ltr'><strong>permittitur,</strong></span> <span class='ocrx_word' id='word_1_479' title='bbox 1814 4525 1916 4556; x_wconf 79' lang='lat' dir='ltr'><strong>esse</strong></span> <span class='ocrx_word' id='word_1_480' title='bbox 1937 4527 2144 4557; x_wconf 74' lang='lat' dir='ltr'><strong>coenam</strong></span> <span class='ocrx_word' id='word_1_481' title='bbox 2168 4513 2510 4567; x_wconf 72' lang='lat' dir='ltr'><strong>vespertinum</strong></span> <span class='ocrx_word' id='word_1_482' title='bbox 2538 4512 2851 4555; x_wconf 76' lang='lat' dir='ltr'><strong>ordinariam</strong></span> <span class='ocrx_word' id='word_1_483' title='bbox 2871 4515 3021 4555; x_wconf 70' lang='lat' dir='ltr'><strong>ext-ru</strong></span> <span class='ocrx_word' id='word_1_484' title='bbox 3041 4512 3151 4556; x_wconf 80' lang='lat' dir='ltr'><strong>dies</strong></span> 
     </span>
     <span class='ocr_line' id='line_1_46' title="bbox 680 4578 3149 4636; baseline -0.002 -8"><span class='ocrx_word' id='word_1_485' title='bbox 680 4584 877 4628; x_wconf 86' lang='lat' dir='ltr'><strong>ieiunii.</strong></span> <span class='ocrx_word' id='word_1_486' title='bbox 909 4584 1050 4633; x_wconf 84' lang='lat' dir='ltr'><strong>Quod</strong></span> <span class='ocrx_word' id='word_1_487' title='bbox 1079 4582 1283 4636; x_wconf 81' lang='lat' dir='ltr'><strong>quidem</strong></span> <span class='ocrx_word' id='word_1_488' title='bbox 1312 4585 1477 4636; x_wconf 81' lang='lat' dir='ltr'><strong>potest</strong></span> <span class='ocrx_word' id='word_1_489' title='bbox 1504 4580 1705 4623; x_wconf 79' lang='lat' dir='ltr'><strong>suaderi</strong></span> <span class='ocrx_word' id='word_1_490' title='bbox 1736 4593 1798 4624; x_wconf 84' lang='lat' dir='ltr'><strong>ex</strong></span> <span class='ocrx_word' id='word_1_491' title='bbox 1819 4579 1935 4622; x_wconf 78' lang='lat' dir='ltr'><strong>aliis</strong></span> <span class='ocrx_word' id='word_1_492' title='bbox 1964 4581 2280 4625; x_wconf 75' lang='lat' dir='ltr'><strong>auctoribus.</strong></span> <span class='ocrx_word' id='word_1_493' title='bbox 2307 4580 2389 4623; x_wconf 66' lang='lat' dir='ltr'><strong>Ita</strong></span> <span class='ocrx_word' id='word_1_494' title='bbox 2417 4578 2712 4622; x_wconf 77' lang='lat' dir='ltr'><strong>Tamburini</strong></span> <span class='ocrx_word' id='word_1_495' title='bbox 2732 4578 2892 4623; x_wconf 78' lang='lat' dir='ltr'><strong>Decal.</strong></span> <span class='ocrx_word' id='word_1_496' title='bbox 2916 4580 2955 4622; x_wconf 91' lang='lat'><strong>1.</strong></span> <span class='ocrx_word' id='word_1_497' title='bbox 2977 4581 3021 4622; x_wconf 75' lang='lat'><strong>4.</strong></span> <span class='ocrx_word' id='word_1_498' title='bbox 3038 4592 3082 4622; x_wconf 82' lang='lat' dir='ltr'><strong>o.</strong></span> <span class='ocrx_word' id='word_1_499' title='bbox 3105 4581 3149 4623; x_wconf 82' lang='grc' dir='ltr'><strong>ὅ.</strong></span> 
     </span>
    </p>
   </div>
  </div>
 </body>
</html>
