3497 5147
722 303 830 357 282
939 315 1151 357 1111101.
1179 316 1260 358 v1.
1289 315 1451 356 311101.
1480 315 1518 355 1.
1546 315 1631 354 m:
1656 313 1849 355 muno
1875 315 2092 355 11111110.
2125 313 2452 355 0110111001.
2479 313 2612 355 CAP.
2641 314 2706 355 11.
2731 314 2877 356 nun.
2904 315 2969 354 11.
3040 300 3185 375 [3831

812 410 988 483 383.
1022 412 1238 492 Quoad
1270 413 1493 493 triplex
1516 411 1825 495 sacrilegii
1857 431 2070 495 genuS,
2100 412 2368 476 advertit
2400 411 2626 476 Suarez
2659 411 2734 475 de
2763 412 2978 494 Reliy.
3005 414 3083 476 tr.
3119 415 3178 476 3.

721 517 762 579 l.
790 517 851 579 3.
878 536 930 580 c.
969 518 1025 579 1.
1059 537 1120 579 11.
1148 516 1297 579 6.-8.
1331 515 1565 579 nullam
1601 516 1908 579 rationem
1942 516 2142 579 afferri
2174 516 2358 579 huius
2395 516 2750 597 partitionis
2775 516 2951 579 iuxta
2986 519 3183 580 mate-

720 619 898 681 riam.
926 616 1104 693 Sane,
1124 617 1178 680 si
1201 636 1296 681 res
1322 636 1427 699 per
1451 636 1514 681 se
1540 619 1868 698 spectetur,
1899 617 2268 693 viderentur,
2294 637 2435 681 cum
2461 618 2855 703 sacrilegium
2881 619 3182 682 consistat

719 720 781 785 in
814 720 1209 784 irreverentia
1240 720 1328 783 rei
1359 738 1588 793 sacrae,
1624 719 1832 800 potius
1867 720 2093 801 species
2132 720 2603 804 distinguendae
2637 740 2709 785 ex
2744 722 2920 802 parte
2954 720 3183 784 sancti-

722 823 893 895 tatis,
933 842 1053 904 qua
1087 841 1182 885 res
1214 822 1614 885 constituitur
1652 822 1714 884 in
1763 840 1892 885 esse
1940 840 2168 896 sacrae,
2203 841 2392 903 quam
2442 841 2515 885 ex
2552 824 2726 903 parte
2763 842 2991 898 rerum,
3025 842 3182 904 quae

722 927 869 989 sunt
899 924 1181 988 materia.
1216 924 1305 987 Eo
1339 924 1437 987 vel
1467 924 1667 1007 magis
1700 923 1865 1004 quod
1897 924 1960 986 in
2000 923 2212 987 eadem
2247 943 2313 988 re
2362 926 2568 1006 potest
2612 943 2744 989 esse
2777 925 2902 988 alia
2950 927 3014 988 et
3061 925 3181 987 alia

721 1027 1041 1103 sanctitas,
1071 1028 1141 1089 ut
1168 1046 1219 1089 e.
1254 1047 1314 1109 g.
1352 1026 1513 1089 idem
1544 1026 1701 1089 calix
1731 1025 2040 1089 Ecclesiae
2078 1046 2175 1089 res
2208 1045 2383 1090 sacra
2416 1029 2612 1092 estet
2643 1030 2949 1109 quatenus
2980 1046 3184 1091 conse·

722 1133 932 1194 cratus
970 1132 1063 1193 est
1101 1131 1163 1192 et
1194 1131 1498 1210 quatenus
1531 1129 1645 1192 sub
1680 1128 1855 1192 bonis
1893 1127 2199 1192 Ecclesiae
2231 1130 2348 1192 est.
2388 1129 2666 1210 Denique
2704 1129 2852 1210 quia
2889 1149 2961 1192 ex
2996 1129 3180 1194 modo

724 1232 1079 1296 violationis
1120 1250 1307 1312 quam
1356 1251 1426 1294 ex
1473 1231 1603 1311 ipsa
1637 1251 1700 1294 re
1747 1230 2003 1305 violata,
2037 1231 2240 1315 magis
2287 1232 2510 1313 pendet
2554 1232 2800 1295 malitia
2846 1232 3182 1315 sacrilegii:

724 1334 907 1417 longe
954 1333 1115 1397 enim
1148 1333 1457 1396 diversum
1489 1332 1882 1416 sacrilegium
1916 1351 2045 1396 esse
2077 1332 2321 1397 videtur
2352 1334 2708 1397 conculcare
2755 1334 3090 1417 imaginem
3122 1336 3185 1396 et

724 1438 897 1501 illam
937 1436 1151 1500 furari.
1200 1435 1638 1509 Nihilominus,
1680 1435 1790 1510 ait,
1830 1435 2206 1499 trimembris
2242 1436 2395 1498 haec
2441 1435 2662 1499 divisio
2711 1454 2783 1499 ex
2828 1436 3006 1517 parte
3053 1454 3186 1498 ma-

724 1541 935 1613 teriae,
961 1540 1231 1602 multum
1253 1542 1495 1619 recepta
1521 1540 1615 1601 est
1640 1538 1815 1619 eique
1841 1556 2102 1601 canones
2127 1537 2365 1611 favent3
2386 1538 2546 1602 ratio
2573 1556 2716 1601 vero
2736 1540 2798 1601 61
2815 1537 3184 1601 sufficientia

726 1643 909 1707 huius
941 1641 1258 1705 divisionis
1291 1660 1413 1704 11011
1446 1642 1540 1704 631
1563 1640 1943 1721 speculativo
1969 1640 2172 1723 rigore
2197 1640 2512 1723 exigenda.
2541 1638 2757 1704 Solum
2781 1640 2946 1704 enim
2971 1660 3044 1703 ea
3068 1643 3189 1703 tra·

723 1746 892 1809 ditur
938 1745 1237 1826 tanquam
1285 1743 1666 1827 magistralis
1716 1742 1936 1806 divisio
1985 1742 2450 1807 accommodata
2485 1742 2562 1805 ad
2611 1742 2817 1806 omnia
2864 1743 3188 1827 sacrilegia

724 1848 1079 1929 explicanda
1114 1848 1176 1911 et
1208 1847 1321 1910 sub
1354 1846 1725 1928 quibusdam
1752 1843 2041 1925 capitulis
2066 1845 2631 1927 comprehendenda
2664 1846 2728 1908 et
2759 1844 2836 1908 ad
2875 1845 3192 1908 excluden-

724 1951 871 2013 dum
910 1950 1207 2030 quidquid
1255 1950 1332 2011 ad
1379 1948 1774 2030 sacrilegium
1822 1966 1944 2010 non
2001 1948 2323 2028 pertineat.
2373 1949 2534 2011 Tum
2581 1968 2713 2030 cap.
2768 1948 2829 2011 5.
2879 1949 3193 2012 communi

727 2051 1067 2115 sententiae
1115 2051 1424 2125 adhaeret,
1458 2069 1616 2131 quae
1648 2051 1711 2112 in
1742 2049 1970 2130 triplici
2004 2050 2119 2112 hac
2151 2051 2483 2131 partitione
2530 2051 2836 2131 triplicem
2885 2051 3192 2135 sacrilegii

724 2154 985 2236 speciem
1023 2153 1380 2217 distinctam
1418 2152 1754 2236 cognoscit,
1799 2154 1984 2233 atque
2026 2153 2174 2216 adeo
2215 2153 2278 2216 in
2315 2152 2694 2217 confessione
2742 2153 3185 2234 explicandam.

726 2257 863 2320 Hoc
894 2256 1097 2332 modo,
1133 2255 1222 2318 ait
1253 2276 1312 2318 n.
1351 2255 1430 2331 7.‚
1464 2255 1672 2336 potest
1703 2253 1912 2335 aliqua
1945 2254 2201 2318 moralis
2239 2255 2400 2318 ratio
2450 2254 2619 2319 illius
2658 2255 2980 2319 divisionis
3028 2254 3188 2327 dari;

726 2378 871 2422 nam
910 2377 1167 2440 persona
1200 2377 1396 2430 sacra,
1428 2358 1502 2420 ut
1526 2357 1631 2433 sic,
1660 2358 1722 2420 et
1754 2357 1926 2421 locus
1958 2376 2147 2432 sacer,
2185 2358 2257 2419 ut
2288 2356 2375 2421 sic
2406 2356 2621 2438 (prout
2657 2357 2966 2422 habitatio
3006 2377 3193 2439 quae·

725 2462 871 2526 dam
902 2462 1017 2526 Dei
1049 2465 1143 2525 est
1175 2465 1285 2524 aut
1318 2460 1550 2542 aliquid
1583 2460 1639 2524 ei
1671 2460 2006 2541 annexum)
2039 2459 2271 2522 habent
2315 2460 2644 2541 specialem
2673 2460 2929 2524 modum
2966 2460 3198 2524 sancti-

724 2566 875 2630 tatis
905 2568 970 2630 et
991 2565 1426 2641 immunitatiS,
1454 2564 1817 2647 praesertim
1849 2564 2022 2627 iuxta
2048 2563 2462 2629 ecclesiastica
2487 2564 2645 2642 iura,
2684 2566 2746 2628 et
2767 2564 2907 2630 ideo
2932 2564 3046 2629 illa
3077 2565 3194 2629 duo

726 2669 1073 2750 specialiter
1119 2670 1444 2731 numerata
1491 2669 1665 2731 sunt:
1706 2667 1831 2730 alia
1865 2685 2007 2730 vero
2042 2667 2156 2730 sub
2188 2667 2428 2731 ratione
2475 2667 2679 2751 magis
2713 2669 3017 2752 generali3
3054 2668 3196 2750 quia

726 2771 881 2834 vitia
911 2771 998 2834 eis
1044 2770 1355 2834 contraria
1386 2769 1508 2834 fere
1541 2788 1664 2833 non
1710 2769 1941 2833 habent
1989 2768 2050 2831 in
2099 2767 2231 2832 iure
2268 2768 2575 2833 diversam
2614 2770 3189 2835 considerationem.

726 2872 939 2937 Monet
965 2873 1187 2936 idcirco
1222 2872 1446 2936 ibidem
1479 2872 1644 2953 quod
1683 2872 1855 2935 locus
1881 2889 2050 2934 sacer
2083 2889 2134 2934 e.
2176 2890 2239 2954 g.
2274 2855 2580 2952 quatenus
2612 2872 2801 2937 habet
2833 2874 3194 2938 convenien-

723 2976 880 3039 tiam
909 2994 1052 3038 cum
1086 2975 1202 3038 alis
1233 2974 1415 3038 rebus
1448 2974 1660 3048 sacris,
1687 2993 1810 3037 non
1848 2973 2175 3037 constituit
2210 2973 2606 3057 sacrilegium
2633 2975 2829 3057 specie
2855 2975 3189 3052 diversum,

733 3081 804 3142 111
838 3078 1090 3160 proinde
1121 3077 1515 3161 sacrilegium
1547 3077 1709 3140 idem
1757 3077 1839 3139 sit
1876 3075 2187 3139 destruere
2235 3077 2539 3158 templum
2586 3079 2650 3143 et
2695 3097 2846 3144 vasa
2893 3098 3070 3144 sacra
3101 3081 3195 3144 in-

733 3183 1018 3264 fringere.

821 3283 1052 3347 Verum
1092 3283 1193 3346 vix
1225 3285 1338 3358 est,
1371 3302 1482 3346 cur
1526 3281 1779 3346 solliciti
1811 3281 1884 3344 de
1915 3281 2033 3345 hoc
2063 3281 2278 3358 simus,
2312 3283 2459 3365 quia
2490 3284 2769 3367 quisq‘uis
2817 3283 3060 3349 facinus
3105 3303 3198 3348 sa·

729 3386 1028 3470 crilegum
1075 3384 1423 3461 confitetur,
1475 3404 1545 3449 eo
1594 3384 1726 3465 ipso
1785 3383 2048 3464 speciem
2093 3384 2407 3468 indigitat.
2457 3385 2596 3450 Erit
2649 3385 2901 3467 proinde
2958 3386 3196 3451 facinus

733 3489 1019 3554 distincte
1066 3488 1479 3570 aperiendum.

818 3586 997 3661 384.
1039 3615 1072 3646 «
1101 3589 1390 3653 Dubitari
1421 3589 1646 3670 potest,
1675 3588 1766 3652 ait
1796 3588 1973 3673 Lugo
2001 3587 2102 3653 De
2128 3588 2380 3653 Poenit.
2402 3590 2460 3652 d.
2492 3590 2595 3653 16.
2622 3591 2768 3655 sect.
2796 3592 2902 3655 11.
2928 3613 2989 3656 n.
3018 3593 3192 3665 471„

734 3714 813 3757 an
844 3693 952 3774 (1111
984 3692 1226 3755 furatur
1250 3692 1314 3754 in
1337 3691 1474 3755 loco
1499 3709 1674 3755 sacro
1706 3710 1838 3754 rem
1869 3709 2131 3766 sacram,
2164 3691 2383 3754 debeat
2407 3691 2706 3772 explicare
2730 3690 2794 3756 in
2818 3693 3200 3759 confessione

734 3797 1061 3875 utramque
1079 3794 1611 3858 circumstantiam
1636 3796 1700 3858 et
1721 3794 1810 3858 rei
1835 3795 1898 3856 et
1922 3794 2061 3868 loci,
2086 3812 2164 3856 an
2191 3812 2332 3858 vero
2359 3793 2632 3858 sufficiat
2653 3794 2933 3859 confiteri
2956 3794 3196 3873 &rhun

733 3896 1125 3977 sacr-ileyum.
1160 3896 1487 3980 Fagundez
1529 3896 1698 3970 dicit,
1733 3896 2012 3960 sufficere
2054 3895 2220 3976 quod
2257 3896 2320 3958 in
2352 3895 2663 3977 praedicto
2697 3914 2845 3960 casu
2879 3897 3078 3961 dicat:
3115 3897 3203 3961 fu·

734 4001 908 4064 ratus
942 4018 1078 4063 sum
1117 4018 1248 4061 rem
1279 4017 1546 4069 sacram:
1583 3998 1728 4079 quia
1764 3999 2025 4078 utraque
2057 3997 2168 4060 illa
2200 3998 2668 4062 circumstantia
2701 3998 2779 4062 ad
2811 3998 3073 4063 eandem
3106 4017 3204 4062 ra·

736 4105 967 4169 tionem
1003 4102 1329 4166 formalem
1360 4101 1612 4164 virtutis
1645 4099 1961 4183 religionis
2007 4101 2267 4181 spectat.
2303 4099 2534 4165 Contra
2567 4101 2684 4166 hoc
2714 4103 2924 4166 tamen
2957 4103 3202 4167 videtur

733 4226 861 4270 esse
894 4206 1237 4270 communis
1270 4203 1611 4285 Theologg.
1649 4201 1948 4276 doctrina,
1985 4202 2092 4283 qui
2138 4221 2280 4267 cum
2313 4223 2362 4267 3.
2398 4203 2639 4268 Thoma
2666 4203 2879 4268 dicunt
2904 4207 3034 4270 tres
3072 4224 3200 4270 esse

733 4309 961 4391 species
994 4309 1092 4372 vel
1124 4308 1331 4391 potius
1364 4324 1590 4389 genera
1623 4303 1951 4386 sacrilegii,
1988 4324 2202 4386 nempe
2249 4305 2410 4370 circa
2449 4325 2774 4388 personam
2812 4324 3080 4381 sacram,
3115 4307 3201 4372 lo-

735 4430 874 4474 cum
924 4430 1185 4490 sacrum,
1222 4429 1351 4473 rem
1398 4427 1659 4471 sacram.
1696 4405 1896 4486 Quare
1943 4411 2263 4490 peccatum
2312 4409 2621 4494 sacrilegii
2665 4410 2827 4474 circa
2873 4430 3200 4494 personam

736 4532 974 4577 sacram
1009 4513 1209 4576 differt
1243 4511 1319 4574 ad
1353 4509 1556 4573 minus
1590 4509 1787 4590 specie
1822 4529 1856 4573 a
1889 4511 2211 4595 sacrilegio
2251 4511 2410 4577 circa
2440 4511 2666 4589 locum,
2702 4514 2764 4576 et
2788 4513 3081 4579 similiter
3109 4532 3203 4577 sa·
3255 4523 3264 4534 ·
