3497 5147
354 367 503 445 [167]
1007 383 1147 431 oms
1183 382 1348 425 oano
1383 382 1741 425 snnvaunns
1778 383 1843 424 111
1878 382 2182 423 cam-rum
2714 370 2818 424 123

438 480 850 563 Prosequitur
880 479 1095 544 deinde
1124 498 1173 544 s.
1208 479 1480 544 Thomas
1527 480 1590 543 et
1633 478 1836 544 reddit
1869 480 2195 558 rationem,
2236 499 2346 545 cur
2392 482 2454 545 et
2500 480 2810 564 quomodo

356 582 419 646 1⁰
447 582 782 647 debeamus
805 582 1008 666 magis
1032 581 1287 667 diligere
1310 581 1487 646 nobis
1511 581 1712 665 magis
1742 582 2104 647 coniunctos
2131 581 2467 646 secundum
2493 583 2803 646 carnalem

355 684 680 770 originem:
717 686 788 747 2⁰
820 704 899 748 an
936 703 1008 748 ex
1043 685 1305 749 caritate
1336 683 1665 748 debeamus
1696 685 1901 768 magis
1934 684 2190 769 diligere
2226 683 2429 748 filium
2475 704 2668 767 quam
2708 703 2812 768 pa-

355 788 545 852 trem:
581 787 655 850 3⁰
684 805 763 850 an
796 786 983 851 homo
1013 787 1217 870 magis
1248 785 1468 850 debeat
1497 786 1753 870 diligere
1800 789 2093 851 matrem:
2129 787 2200 850 4⁰
2247 805 2327 850 an
2376 786 2561 851 homo
2610 787 2812 872 magis

356 889 573 954 debeat
617 888 876 973 diligere
921 908 1193 965 uxorem,
1228 908 1417 972 quam
1463 889 1704 973 patrem
1750 892 1814 954 et
1858 892 2141 954 matrem.
2175 889 2258 953 Et
2289 890 2492 972 quoad
2539 891 2811 974 primum

354 991 629 1058 doctrina
659 993 830 1056 certa
861 994 976 1070 est,
1000 992 1426 1075 praeferendos
1458 992 1819 1057 coniunctos
1843 993 2083 1056 ratione
2119 992 2396 1076 originis,
2421 992 2573 1057 licet
2602 992 2807 1075 quoad

353 1095 620 1159 rationes
653 1095 913 1159 alterius
950 1095 1399 1159 coniunctionis
1429 1095 1639 1178 potior
1668 1095 1869 1177 possit
1901 1097 2013 1159 aut
2045 1095 2237 1159 etiam
2269 1094 2490 1160 debeat
2529 1114 2660 1159 esse
2692 1097 2817 1160 alia

359 1196 651 1262 amicitia.

441 1299 545 1368 Ita
574 1317 624 1363 s,
658 1299 879 1363 Thom.
923 1300 982 1361 2.
1018 1300 1078 1362 2.
1119 1319 1176 1380 q.
1214 1299 1318 1361 26.
1368 1300 1486 1362 art.
1527 1300 1625 1362 8.:
1673 1323 1709 1358 ‹
1741 1297 1806 1362 Si
1837 1318 2264 1382 comparemus
2317 1301 2509 1365 etiam
2564 1301 2820 1366 coniun-

353 1402 616 1466 ctionem
640 1401 714 1465 ad
740 1401 1255 1477 coniunctionem,
1275 1401 1523 1465 constat
1539 1401 1705 1482 quod
1730 1402 2083 1467 coniunctio
2108 1403 2416 1468 naturalis
2444 1403 2701 1487 originis
2720 1404 2816 1467 est

354 1504 513 1588 prior
531 1505 598 1568 et
618 1503 1016 1580 immobilior,
1030 1503 1178 1585 quia
1203 1504 1297 1567 est
1319 1503 1656 1568 secundum
1672 1503 1754 1580 id,
1768 1504 1933 1585 quod
1955 1505 2223 1587 pertinet
2250 1504 2326 1569 ad
2350 1505 2808 1570 substantiam:

353 1608 504 1673 aliae
536 1610 750 1672 autem
779 1607 1240 1673 coniunctiones
1271 1609 1417 1671 sunt
1450 1608 1948 1690 supervenientes
1982 1609 2045 1671 et
2076 1609 2377 1673 removeri
2423 1609 2703 1692 possunt.
2730 1608 2813 1672 Et

352 1711 484 1776 ideo
509 1710 786 1776 amicitia
810 1709 1408 1794 consanguineorum
1432 1712 1527 1773 est
1550 1708 1856 1774 stabilior.
1882 1707 1998 1773 Sed
2023 1710 2182 1774 aliae
2208 1710 2518 1774 amicitiae
2543 1710 2805 1794 possunt

358 1830 480 1877 esse
510 1813 779 1896 potiores
804 1812 1142 1876 secundum
1171 1811 1347 1888 illud,
1374 1811 1540 1892 quod
1572 1811 1668 1874 est
1689 1810 2010 1893 proprium
2041 1811 2373 1893 unicuique
2398 1811 2717 1875 amicitiae
2742 1835 2808 1875 ».

447 1913 660 1994 Quoad
689 1914 1211 1998 comparationem
1243 1914 1405 1977 inter
1452 1931 1725 1977 amorem
1765 1932 1913 1997 erga
1944 1914 2188 1997 patrem
2227 1915 2414 1996 atque
2448 1932 2595 1998 erga
2633 1912 2815 1991 filios,

352 2017 529 2099 pater
558 2016 654 2081 est
679 2017 882 2101 magis
918 2015 1266 2101 diligendus
1313 2015 1658 2090 dilectione,
1692 2034 1852 2097 quae
1890 2016 2160 2080 sumitur
2192 2015 2270 2080 ab
2322 2015 2582 2080 obiecto.
2619 2012 2806 2079 Secus

347 2119 649 2183 intensius
680 2118 1029 2204 diligendus
1051 2118 1241 2194 filius,
1268 2118 1473 2200 plures
1507 2118 1584 2181 ob
1615 2117 1908 2194 rationes,
1935 2135 2092 2199 quas
2116 2119 2204 2182 sic
2227 2118 2424 2182 affert.
2452 2137 2501 2182 s.
2529 2118 2802 2182 Thomas

351 2223 409 2285 2.
435 2223 495 2284 2.
522 2240 584 2304 q.
606 2220 712 2285 26.
732 2223 850 2284 art.
885 2223 983 2285 9.:
1017 2244 1053 2279 ‹
1077 2219 1218 2285 Alio
1243 2220 1426 2286 modo
1458 2219 1690 2304 gradus
1720 2219 2068 2284 dilectionis
2101 2221 2503 2303 computatur
2532 2239 2604 2284 ex
2630 2220 2807 2302 parte

344 2322 662 2408 diligentis
699 2325 762 2387 et
797 2324 887 2387 sic
916 2324 1118 2408 magis
1151 2322 1436 2407 diligitur
1457 2322 1622 2405 quod
1655 2323 1751 2385 est
1781 2322 2190 2386 coniunctius
2217 2323 2301 2386 Et
2323 2323 2661 2388 secundum
2687 2323 2803 2387 hoc

345 2426 507 2491 filius
539 2427 642 2490 est
677 2426 878 2510 magis
910 2425 1278 2509 diligendus,
1313 2443 1504 2506 quam
1534 2426 1775 2508 pater...
1802 2424 2012 2489 Primo
2043 2424 2311 2507 quidem,
2339 2426 2487 2507 quia
2519 2426 2803 2507 parentes

348 2528 622 2615 diligunt
650 2528 833 2605 filios,
873 2528 949 2593 ut
978 2527 1214 2611 aliquid
1252 2528 1349 2592 sui
1381 2527 1763 2593 exsistentes.
1797 2527 1986 2592 Pater
2031 2528 2243 2593 autem
2289 2545 2412 2593 non
2445 2528 2539 2592 est
2571 2526 2807 2609 aliquid

348 2631 490 2708 filii;
526 2633 598 2697 et
625 2631 763 2696 ideo
801 2631 1070 2708 dilectio,
1110 2649 1234 2712 qua
1281 2634 1459 2713 pater
1504 2630 1715 2715 diligit
1764 2630 1986 2709 filium,
2027 2630 2294 2695 similior
2339 2632 2434 2695 est
2480 2628 2815 2707 dilectioni,

346 2753 467 2818 qua
497 2735 646 2817 quis
677 2733 889 2819 diligit
919 2733 1208 2816 seipsum.
1244 2732 1521 2799 Secundo
1554 2733 1703 2815 quia
1734 2734 2020 2816 parentes
2061 2733 2265 2817 magis
2312 2733 2537 2810 sciunt,
2573 2732 2815 2814 aliquos

345 2855 472 2901 esse
517 2854 676 2902 suos
723 2835 904 2912 filios,
945 2854 1137 2919 quam
1183 2856 1215 2899 e
1263 2853 1576 2899 converso.
1626 2834 1838 2899 Tertio
1885 2835 2033 2916 quia
2069 2835 2237 2899 filius
2284 2838 2381 2900 est
2425 2835 2629 2919 magis
2674 2853 2818 2917 pro-

337 2938 619 3021 pinquus
650 2937 911 3022 parenti,
945 2940 1167 3021 utpote
1197 2956 1341 3021 pars
1373 2936 1690 3015 exsistens,
1717 2956 1909 3019 quam
1930 2940 2109 3020 pater
2130 2937 2282 3015 filio,
2312 2937 2389 3002 ad
2420 2957 2605 3020 quem
2631 2938 2820 3002 habet

338 3041 778 3108 habitudinem
816 3040 1119 3124 principii.
1153 3040 1391 3119 Quarto
1439 3040 1587 3122 quia
1634 3040 1918 3122 parentes
1958 3039 2196 3104 diutius
2232 3042 2632 3116 amaverunt3
2666 3058 2814 3103 nam

339 3144 562 3209 statim
610 3145 792 3227 pater
834 3143 1055 3226 incipit
1101 3143 1358 3226 diligere
1387 3142 1621 3207 filium:
1656 3141 1826 3207 filius
1871 3143 2086 3207 autem
2129 3144 2407 3226 tempore
2445 3142 2807 3226 procedente

338 3247 562 3331 incipit
599 3247 861 3332 diligere
891 3247 1153 3329 patrem.
1186 3245 1452 3310 Dilectio
1486 3247 1697 3310 autem
1729 3246 1964 3328 quanto
1999 3246 2095 3310 est
2117 3246 2490 3319 diuturnior,
2516 3247 2697 3310 tanto
2723 3245 2820 3309 est

337 3349 602 3427 firmior,
643 3349 983 3414 secundum
1010 3348 1168 3413 illud
1199 3348 1384 3413 Eccli.
1420 3347 1530 3413 IX.
1570 3349 1701 3412 14.:
1753 3347 1905 3414 Non
1949 3347 2348 3429 derelinquas
2392 3349 2665 3412 amicum
2708 3368 2819 3411 ane

341 3452 620 3533 fiquum‚·
655 3470 852 3516 novus
881 3452 1050 3515 enim
1079 3470 1206 3515 non
1237 3452 1360 3515 erit
1393 3450 1624 3514 similis
1663 3449 1772 3513 illi
1802 3477 1862 3513 ».

432 3551 592 3626 167.
627 3555 754 3618 Pro
788 3554 1020 3637 duplici
1065 3556 1278 3618 autem
1323 3552 1669 3617 dilectionis
1700 3553 1963 3629 ratione,
1997 3554 2085 3617 sic
2130 3570 2388 3617 munera
2433 3570 2549 3615 sua
2596 3552 2816 3633 cuique

339 3659 593 3741 potiora
645 3657 1048 3741 assignantur
1091 3655 1239 3720 ibid.
1290 3655 1369 3718 ad
1418 3655 1513 3719 1.:
1556 3678 1592 3713 ‹
1624 3655 1936 3738 Principio
1984 3655 2242 3719 debetur
2286 3654 2607 3731 subiecti0,
2657 3672 2823 3718 reve-

337 3762 544 3826 rentia
577 3762 649 3824 et
686 3760 913 3835 hon0r3
955 3758 1197 3823 effectui
1245 3761 1457 3822 autem
1486 3757 2035 3840 proportionaliter
2081 3757 2387 3840 competit
2430 3759 2697 3841 recipere
2734 3758 2823 3821 in-

335 3862 674 3929 fluentiam
706 3862 991 3946 principii
1026 3862 1090 3925 et
1120 3860 1536 3943 provisionem
1564 3859 1780 3942 ipsius.
1816 3860 1899 3924 Et
1943 3862 2195 3944 propter
2232 3860 2349 3925 hoc
2388 3861 2747 3943 parentibus
2782 3880 2818 3924 a

335 3965 485 4032 filiis
509 3966 727 4050 magis
751 3964 1007 4029 debetur
1029 3964 1245 4039 honor,
1271 3963 1416 4027 filiis
1442 3964 1654 4027 autem
1670 3963 1874 4047 magis
1898 3962 2155 4028 debetur
2178 3983 2328 4028 cura
2352 3964 2726 4047 provisionis
2756 3989 2819 4028 ».

427 4069 514 4134 Et
544 4085 774 4133 rursus
804 4066 882 4130 ad
920 4068 981 4130 3.
1021 4067 1328 4130 memorat
1357 4068 1420 4130 et
1451 4065 1675 4148 excipit
1720 4084 1935 4131 casum
1966 4067 2372 4145 necessitatis,
2406 4084 2565 4149 quae
2612 4068 2818 4150 potior

336 4174 453 4237 sit:
496 4196 535 4231 «
568 4170 676 4236 Ad
710 4172 948 4254 patrem
980 4169 1223 4253 proprie
1255 4169 1540 4250 pertinet,
1575 4171 1649 4233 ut
1680 4169 1737 4233 ei
1770 4188 1806 4232 a
1836 4169 1982 4233 filiis
2029 4170 2226 4235 honor
2281 4169 2703 4253 impendatur3
2745 4169 2824 4234 ad

336 4273 544 4340 filium
570 4273 796 4338 autem
811 4273 885 4336 ut
907 4272 963 4335 ei
988 4271 1233 4336 utilitas
1258 4290 1294 4335 a
1317 4271 1677 4355 parentibus
1701 4271 2117 4354 provideatur.
2142 4272 2438 4352 Quamvis
2464 4272 2528 4336 in
2555 4272 2817 4338 articulo

333 4375 741 4443 necessitatis
786 4374 953 4439 filius
1008 4374 1324 4458 obligatus
1371 4375 1455 4439 sit
1500 4394 1573 4439 ex
1621 4374 1937 4454 beneficiis
1983 4376 2301 4455 suscepti&
2337 4376 2413 4439 ut
2458 4375 2816 4458 parentibus

338 4481 619 4546 maxime
671 4477 998 4561 provideat
1043 4501 1104 4540 ».

432 4583 529 4647 De
560 4579 1035 4661 comparatione
1075 4579 1286 4643 autem
1331 4578 1493 4642 inter
1524 4581 1767 4662 patrem
1805 4597 1877 4642 ac
1911 4579 2198 4652 matrem,
2236 4579 2598 4660 quaestione
2631 4577 2704 4639 de
2749 4576 2827 4637 iis
