3497 5147
704 348 816 402 560
1028 361 1240 401 macr.
1266 362 1347 403 w.
1371 360 1535 402 611101.
1556 360 1622 400 11.
1646 359 1733 398 ms
1757 357 1980 399 nanno
2003 355 2220 397 punc.
2249 353 2578 397 necamur.
2604 355 2746 397 nun.
2780 356 2845 396 11.
3027 339 3178 413 [754]

704 477 919 523 60111111
957 477 1142 523 11611111
1188 457 1585 522 concedendis
1619 459 1838 541 agunt,
1876 455 1973 519 illi
2017 471 2163 518 vero
2210 453 2283 517 de
2346 451 2721 517 conficiendo
2770 471 2950 536 opere
2997 454 3174 518 cuius

701 584 931 630 merces
960 565 1038 629 iis
1068 565 1133 629 in
1166 565 1617 649 eleemosynam
1642 564 1978 628 tribuatur.
2015 561 2083 624 2ο
2108 559 2174 625 Si
2197 578 2341 625 vero
2367 560 2506 642 quis
2539 579 2773 644 pauper
2803 560 2868 623 in
2900 562 3175 625 extrema

701 668 801 733 vel
837 667 1018 753 gravi
1064 668 1428 733 necessitate
1476 669 1776 743 versetur,
1833 667 1908 728 ut
1970 662 2047 728 ad
2087 662 2573 727 subveniendum
2622 662 2678 727 ei
2742 681 2895 746 opus
2945 663 3029 727 sit
3075 663 3173 727 die

701 769 860 834 festo
922 770 1225 847 laborare,
1290 769 1352 832 id
1415 768 1691 852 profecto
1736 767 1886 832 licet
1945 764 2470 849 quemadmodum
2524 765 2588 828 et
2625 763 2746 848 ipsi
2791 765 3068 849 pauperi,
3120 766 3173 830 si

701 872 929 954 posset,
964 872 1195 936 liceret.

810 1014 950 1067 XIX.
979 1016 1029 1068 ὅ.
1057 1013 1332 1067 Necessitas
1370 1013 1568 1080 propria
1607 1016 1687 1066 vel
1725 1012 1900 1076 aliena,
1926 1009 2151 1076 corporis
2189 1009 2268 1062 vel
2306 1006 2522 1061 animae:
2548 1005 2592 1060 si
2623 1006 2847 1061 nimirum
2886 1006 2992 1061 sine
3029 1008 3170 1071 gravi

698 1099 1008 1152 incommodo
1046 1106 1131 1152 aut
1168 1099 1457 1153 detrimento
1484 1099 1664 1165 aliquid
1703 1097 1864 1153 omitti
1901 1113 1998 1151 non
2037 1095 2209 1164 possit.
2237 1096 2346 1162 Quo
2387 1097 2533 1148 modo
2559 1101 2857 1148 excusantur
2885 1098 2933 1148 l.
2963 1094 3164 1158 iudicia,

700 1198 827 1248 quae
865 1181 1163 1237 celeritatem
1204 1183 1474 1249 requirunt,
1507 1199 1555 1237 v.
1582 1199 1656 1249 gr.
1681 1183 1724 1238 si
1761 1185 1888 1239 latro
1926 1182 1990 1237 sit
2028 1179 2280 1245 fugitivus,
2314 1178 2407 1232 nisi
2445 1185 2558 1233 tunc
2597 1178 2830 1246 capiatur.
2861 1183 2911 1233 2.
2937 1179 3080 1233 Servi
3118 1187 3166 1233 et

700 1267 905 1321 ancillae
936 1266 1097 1319 coacti
1123 1282 1148 1320 a
1177 1267 1387 1321 dominis
1413 1271 1639 1322 laborare
1665 1283 1755 1321 nec
1779 1269 2014 1320 audentes
2040 1279 2300 1319 recusare:
2329 1264 2460 1329 quod
2487 1261 2529 1315 si
2556 1270 2716 1315 tamen
2751 1266 3026 1328 frequenter
3049 1278 3165 1316 con·

701 1351 868 1418 tingat,
897 1366 983 1405 eos
1020 1354 1249 1405 deserere
1288 1354 1484 1406 debent.
1504 1356 1703 1418 Suarez,
1733 1355 1902 1417 Laym.
1928 1353 2023 1406 loc.
2051 1351 2133 1405 cit.
2168 1352 2217 1403 3.
2246 1349 2395 1402 Iidem
2437 1356 2486 1403 et
2524 1347 2710 1402 similes
2746 1349 3022 1403 reficientes
3050 1364 3165 1402 suas

701 1443 882 1502 1166166,
907 1451 1018 1490 cum
1056 1437 1107 1489 id
1133 1436 1243 1491 aliis
1268 1436 1442 1491 diebus
1467 1452 1564 1491 non
1590 1437 1796 1505 possint.
1825 1437 1872 1490 4.
1907 1439 2167 1502 pauperes,
2193 1434 2277 1500 qui
2318 1448 2372 1486 se
2408 1446 2625 1498 suosque
2650 1434 2784 1487 alere
2815 1447 2911 1486 non
2940 1440 3161 1499 possunt,

696 1533 958 1589 operantes
995 1521 1237 1589 privatim,
1263 1523 1367 1579 sine
1405 1526 1653 1588 scandalo,
1680 1523 1892 1577 maxime
1933 1525 2127 1589 quando
2158 1520 2301 1575 multi
2336 1519 2444 1573 dies
2482 1519 2594 1573 testi
2629 1526 2946 1574 concurrunt.
2979 1521 3161 1574 Bonae.

698 1623 745 1660 n.
778 1610 860 1661 43.
890 1609 941 1661 5.
966 1606 1127 1674 Coqui
1151 1613 1201 1661 et
1226 1608 1469 1662 culinarii.
1497 1612 1549 1663 6.
1575 1608 1809 1672 Pistores,
1837 1607 2056 1662 laniones
2084 1614 2133 1662 et
2169 1605 2354 1660 similes
2378 1605 2428 1657 in
2454 1602 2652 1670 oppidis
2676 1603 2932 1671 populosis
2958 1611 3007 1658 et
3044 1620 3158 1658 con·

695 1707 842 1746 cursu
884 1697 1135 1747 lestorum.
1162 1694 1212 1746 7.
1238 1692 1470 1758 Chirurgi
1494 1701 1543 1747 et
1567 1697 2000 1761 pharmacopolae.
2031 1695 2079 1747 8.
2106 1690 2415 1745 Conssatores
2443 1687 2557 1742 lerri
2592 1695 2640 1741 et
2667 1686 2794 1751 vitri,
2826 1695 3050 1742 coctores
3088 1689 3158 1742 la-

696 1786 868 1843 terum,
889 1778 1037 1833 calcis
1062 1787 1154 1833 etc.
1183 1786 1232 1833 et
1256 1779 1567 1846 quicumque,
1593 1794 1804 1846 quorum
1831 1794 1956 1846 opus
1995 1781 2144 1832 semel
2170 1783 2398 1842 coeptum
2427 1790 2521 1828 non
2549 1781 2712 1841 potest
2736 1773 3028 1841 interrumpi
3057 1773 3160 1826 sine

695 1865 887 1915 damno.
905 1865 953 1916 9.
976 1863 1228 1917 Molitores
1248 1870 1298 1917 et
1317 1863 1532 1918 naucleri
1554 1867 1821 1930 pendentes
1842 1879 1866 1916 a
1890 1864 2070 1916 ventis.
2094 1865 2112 1914 -l
2128 1865 2175 1914 Ο.
2194 1860 2470 1915 Piscatores
2490 1862 2728 1922 balecnm,
2743 1861 3043 1923 thynnorum
3067 1869 3162 1911 etc.

693 1946 778 2011 qui
802 1954 938 2001 certo
962 1954 1147 2002 tantum
1173 1948 1285 2002 anni
1312 1957 1532 2015 tempore
1550 1948 1599 2002 id
1621 1955 1842 2015 possunt.
1869 1950 1951 2001 11.
1973 1951 2322 2001 lnstauratores
2349 1942 2571 2008 rontium,
2591 1943 2828 2008 pontium,
2859 1942 3048 1996 viarum
3079 1958 3161 2008 pu-

693 2031 928 2084 blicarum
965 2039 1016 2086 et
1051 2032 1298 2098 similium,
1323 2047 1448 2098 quae
1474 2048 1661 2087 moran
1688 2049 1785 2087 non
1814 2034 2080 2101 patiuntur.
2113 2034 2194 2086 12.
2224 2033 2453 2084 Sartores
2489 2027 2539 2081 in
2577 2027 2813 2095 operibus
2844 2029 3156 2093 necessariis

696 2122 750 2167 ut
775 2114 1043 2181 funeribus,
1070 2115 1253 2182 nuptiis
1279 2123 1391 2179 etc„
1423 2117 1466 2169 si
1504 2114 1647 2171 aliter
1683 2117 1792 2171 fleri
1832 2133 1927 2171 non
1964 2123 2143 2184 potest,
2175 2123 2228 2169 ut
2251 2112 2567 2168 satisfaciant.
2602 2115 2686 2165 13.
2713 2111 2974 2177 Agricolae
3000 2116 3060 2166 ad
3087 2129 3164 2166 ca·

695 2201 906 2253 vendum
945 2202 1169 2253 damnum
1210 2199 1317 2253 ruri
1366 2202 1662 2266 laborantes,
1702 2210 1756 2255 nt
1794 2201 1835 2255 si
1886 2205 1949 2254 ob
1990 2200 2206 2269 pluviam
2245 2198 2573 2252 imminentem
2614 2203 2805 2261 segetes
2844 2199 2922 2251 vel
2965 2201 3160 2251 [oenum

691 2290 1002 2350 congregent.
1029 2287 1148 2338 Bon.
1168 2300 1214 2338 n.
1240 2288 1257 2338 ,¹
1274 2287 1321 2338 3.
1344 2285 1453 2338 Fill.
1474 2301 1521 2340 n.
1543 2289 1665 2339 21-1.
1694 2286 1777 2339 lh.
1801 2285 2021 2351 Denique
2048 2290 2343 2339 excusantur
2368 2281 2511 2335 etiam
2534 2288 2849 2349 mercatoreS‚
2869 2281 2954 2347 qui
2979 2282 3160 2336 clausis

678 2369 906 2423 tabernis
943 2372 1179 2435 quaedam
1217 2371 1436 2423 vendunt
1474 2385 1582 2424 cum
1611 2385 2006 2438 praesupponere
2033 2369 2236 2436 possint,
2269 2369 2574 2432 emptoribus
2600 2380 2655 2419 ea
2690 2373 2806 2419 tuuc
2844 2381 2954 2420 esse
2993 2382 3156 2422 neces-

690 2454 817 2508 saria
854 2469 945 2508 nec
983 2454 1104 2508 alias
1139 2456 1394 2508 commode
1433 2470 1597 2509 emere
1634 2469 1797 2522 posse.
1826 2457 1900 2508 De
1938 2469 2089 2521 supra
2126 2453 2270 2506 dictis
2309 2454 2372 2505 V.
2411 2454 2556 2504 Suar.
2594 2450 2704 2505 Fill.
2740 2466 2786 2503 u.
2821 2453 2945 2504 210.
2983 2451 3157 2517 haym.

691 2541 813 2595 Bou.
850 2542 900 2595 ll.
939 2555 1010 2595 cc.

777 2659 953 2732 754.
989 2661 1352 2727 Generalem
1376 2663 1745 2746 principium
1779 2666 1891 2739 est,
1927 2663 2172 2746 quando
2208 2662 2418 2747 agitur
2440 2660 2515 2725 de
2551 2661 2732 2745 gravi
2760 2662 3151 2727 incommodo

688 2768 751 2826 et
796 2763 1043 2827 damno,
1108 2762 1309 2842 Quam
1353 2764 1420 2828 in
1458 2784 1587 2829 rem
1626 2784 1674 2829 s.
1716 2764 1900 2847 Alph.
1934 2786 1994 2829 n.
2047 2766 2195 2828 295.
2248 2764 2426 2828 affert
2476 2763 2849 2826 sententiam
2895 2782 2945 2827 s.
2995 2764 3154 2828 Tho-

686 2884 825 2929 mae
859 2867 918 2927 2.
962 2867 1021 2928 2.
1056 2883 1115 2946 q.
1160 2867 1305 2930 122.
1344 2870 1462 2931 art.
1489 2868 1550 2930 4.
1588 2867 1663 2931 ad
1712 2868 1811 2932 3.:
1853 2892 1890 2927 «
1927 2867 2205 2948 Quilibet
2244 2867 2455 2930 autem
2503 2866 2636 2927 tam
2686 2882 2921 2943 servuS,
2962 2884 3151 2946 quam

686 2966 841 3031 liber
888 2969 1135 3031 tenetur
1177 2969 1241 3032 111
1272 2970 1629 3033 necessariis
1660 2970 1981 3053 providere
2011 2989 2134 3034 non
2167 2969 2418 3033 tantum
2458 2966 2576 3030 sibi
2608 2966 2713 3030 sed
2752 2968 2816 3031 et
2847 2969 3145 3051 proximo,

685 3070 1012 3153 praecipue
1044 3070 1293 3152 quidem
1326 3072 1389 3136 in
1420 3072 1518 3148 iis,
1553 3091 1712 3153 quae
1744 3073 1823 3136 ad
1854 3072 2124 3137 salutem
2156 3070 2430 3153 corporis
2479 3069 2892 3152 pertinent...;
2944 3090 3150 3136 secun-

685 3172 858 3237 dario
910 3176 1120 3237 autem
1160 3175 1351 3238 etiam
1398 3174 1461 3237 in
1508 3174 1735 3239 damno
1783 3194 1993 3239 rerum
2029 3173 2284 3238 vitando
2317 3198 2386 3235 ».

772 3276 1010 3340 Auctor
1034 3278 1244 3340 autem
1276 3276 1528 3341 subiicit
1558 3278 1658 3339 14.
1697 3278 2142 3361 applicationes
2177 3276 2254 3341 ad
2285 3294 2465 3340 casus
2504 3276 2973 3357 fiequentioreS‚
2992 3296 3146 3359 quas

684 3379 951 3443 breviter
984 3379 1302 3444 enucleare
1333 3381 1633 3463 praestat.

1345 3562 1402 3624 1.
1440 3558 1544 3625 De
1574 3560 1828 3626 iudiciis
1860 3560 2032 3625 brevi
2062 3558 2483 3641 expediendis.

767 3706 859 3769 De
892 3705 1008 3769 hoc
1038 3703 1165 3768 iam
1197 3704 1464 3769 diximus
1497 3723 1632 3789 sup.
1671 3705 1779 3770 ubi
1813 3704 1886 3769 de
1920 3704 2160 3769 actibus
2184 3701 2603 3767 iudicialibus.

1240 3880 1299 3942 2.
1326 3877 1429 3943 De
1458 3877 1718 3957 famulis
1748 3878 1977 3943 coactis
2006 3876 2096 3940 ad
2130 3876 2566 3943 laborandum.

762 4031 934 4107 755.
974 4036 1263 4121 Intellige
1309 4035 1381 4101 de
1428 4034 1745 4100 laboribus
1796 4032 2072 4115 alioquin
2104 4031 2361 4100 illicitis.
2396 4033 2560 4101 Nam
2608 4037 2810 4103 multa
2857 4043 3009 4104 suut
3053 4041 3138 4105 la-

670 4139 936 4215 boriosa,
973 4159 1131 4221 quae
1162 4141 1226 4203 et
1257 4138 1473 4202 diebus
1508 4135 1682 4201 festis
1716 4155 1754 4200 a
1786 4134 2038 4199 famulis
2071 4136 2441 4219 praestanda
2473 4140 2709 4204 suntet
2738 4144 3138 4224 praestantur

669 4259 973 4406 8111ῧὲῗὲ
978 4245 1220 4407 aits-nec
1263 4339 1562 4404 audentes
1597 4358 1906 4415 recusare,
1941 4339 2219 4427 intellige
2245 4340 2734 4418 rationabiliter,
2768 4361 3003 4428 nempe,
3039 4344 3132 4409 uti

668 4443 1078 4507 communiter
1111 4442 1287 4507 aiunt
1320 4443 1454 4505 DD.
1490 4441 1653 4525 apud
1685 4460 1733 4506 s.
1761 4438 1947 4525 Alph.
1986 4463 2043 4507 n.
2083 4443 2252 4522 296„
2281 4444 2333 4508 si
2368 4443 2443 4507 ad
2476 4443 2537 4507 id
2576 4448 2882 4529 cogantur
2907 4445 3128 4511 timore

665 4544 874 4629 gravis
923 4544 1367 4627 indignationis
1416 4543 1649 4609 domini
1696 4546 1809 4609 aut
1854 4546 2064 4631 gravis
2115 4545 2506 4611 incommodi.
2549 4545 2754 4612 Grave
2793 4551 3006 4613 autem
3043 4547 3127 4611 in-
