3497 5147
421 380 566 455 [891]
1085 347 1171 436 {m
1209 395 1526 439 odoremus
1561 398 1762 446 11116111
1803 392 2218 441 Aeennssoms
2781 390 2887 444 661

512 487 689 561 89⁰.
724 492 811 555 At
844 511 914 556 ex
946 492 1239 557 Auctoris
1286 494 1593 559 sententia
1638 494 1922 577 quaestio
1970 497 2083 572 est,
2117 495 2171 560 si
2196 496 2289 559 vis
2319 495 2434 561 fiat
2479 498 2727 563 domino
2777 502 2886 564 aut

421 594 684 672 custodi,
752 614 829 659 an
879 595 980 660 hic
1026 596 1314 660 teneatur
1358 616 1488 660 rem
1547 597 1862 662 dimittere
1907 597 2050 676 furi,
2115 618 2193 663 an
2255 600 2537 665 resistere
2582 601 2767 666 liceat
2813 622 2882 668 eo

421 716 637 781 usque,
672 699 745 761 ut
791 697 1044 762 tandem
1088 698 1295 781 ipsum
1328 698 1585 763 occidat.
1619 699 1697 763 V.
1731 719 1826 783 gr.
1860 700 2021 782 petit
2065 700 2167 763 fur
2194 718 2323 765 rem
2355 720 2476 765 non
2514 703 2726 788 magni
2756 723 2884 770 mo·

423 800 639 875 menti,
690 799 789 862 vel
836 799 975 863 vult
1019 798 1260 884 ingredi
1305 799 1550 864 vineam
1598 800 1672 865 ad
1743 801 2125 884 accipiendas
2191 821 2347 867 uvas
2405 806 2517 867 aut
2569 804 2723 869 ficus
2771 807 2884 872 aut

400 921 629 986 panes,
680 920 890 966 caseos
938 921 971 965 e
1020 901 1204 966 domo
1253 903 1369 966 etc.
1403 902 1559 967 duas
1605 903 1874 987 gallinas
1911 921 1944 967 e
1975 903 2327 988 gallinario.
2361 905 2644 971 Profecto
2691 906 2884 972 domi-

420 1022 539 1069 nus
594 1007 707 1069 aut
753 1005 964 1070 custos
1010 1020 1134 1069 non
1180 1004 1390 1088 potest
1431 1004 1602 1069 licite
1656 1006 1874 1070 statim
1923 1006 2233 1087 petentem
2280 1008 2392 1071 aut
2436 1008 2879 1092 ingredientem

420 1107 706 1172 occidere.

508 1209 596 1272 At
643 1210 847 1291 potest
892 1208 1063 1274 licite
1112 1228 1337 1295 negare
1384 1228 1449 1274 se
1506 1207 1824 1285 daturum,
1875 1209 1989 1272 aut
2035 1208 2331 1274 obsistere
2375 1230 2451 1275 ne
2495 1213 2883 1297 ingrediatur

418 1310 664 1375 vineam
712 1310 825 1374 aut
870 1310 1146 1376 domum.
1181 1311 1378 1395 Finge
1413 1330 1576 1375 nunc
1618 1310 1820 1375 furem
1866 1310 2114 1375 iniicere
2145 1328 2367 1377 manus
2413 1314 2477 1377 in
2524 1314 2878 1394 dominum3

419 1412 732 1478 tenebitur
775 1433 851 1478 ne
888 1414 1035 1478 dare
1070 1432 1221 1491 rem,
1280 1414 1392 1478 aut
1436 1412 1785 1498 ingressum
1834 1412 2231 1495 permittere?
2296 1412 2724 1497 Nequaquam,
2774 1418 2879 1481 sed

419 1514 588 1580 licite
626 1517 835 1598 potest
872 1516 965 1580 illi
1004 1516 1178 1580 velut
1211 1516 1448 1579 iniusto
1496 1515 1848 1600 aggressori
1884 1515 2168 1579 resistere
2202 1534 2272 1579 ae
2309 1517 2438 1580 vim
2470 1518 2533 1581 vi
2570 1519 2878 1601 repellere.

510 1617 909 1683 Moderamen
956 1636 1141 1702 porro
1186 1619 1541 1701 inculpatae
1587 1618 1825 1682 tutelae
1871 1618 2093 1701 exiget,
2126 1620 2202 1682 ut
2245 1638 2367 1683 non
2403 1621 2702 1684 maiorem
2749 1622 2874 1686 vim

419 1720 730 1796 adhibeaS‚
780 1740 972 1802 quam
1011 1720 1289 1787 sufficiat
1337 1720 1414 1783 ad
1446 1719 1865 1802 repellendum
1912 1721 1975 1783 et
2021 1720 2072 1783 si
2120 1721 2273 1785 satis
2304 1723 2400 1785 est
2429 1723 2744 1805 impellere
2767 1728 2880 1789 aut

418 1823 643 1906 pugnis
682 1823 1077 1900 contundere,
1112 1840 1236 1886 non
1269 1821 1585 1886 adhibebis
1616 1821 1929 1899 baculum,
1970 1823 2084 1886 aut
2112 1821 2165 1886 si
2203 1822 2434 1887 sufficit
2464 1824 2723 1889 baculus
2755 1842 2875 1891 non

417 1924 611 1989 uteris
658 1925 859 1989 cultro
908 1926 1022 1989 aut
1066 1925 1340 2007 sclopeto
1389 1924 1502 1987 aut
1545 1923 1720 1989 falce.
1771 1923 1856 1988 At
1902 1923 1956 1988 si
2002 1942 2329 2009 aggressor
2386 1927 2636 2009 promat
2680 1946 2873 2005 arma,

419 2026 692 2110 profecto
725 2045 848 2092 non
882 2027 1108 2091 teneris
1140 2027 1285 2090 dare
1315 2044 1465 2103 rem,
1504 2026 1612 2090 sed
1658 2026 1848 2090 armis
1879 2028 2056 2109 potes
2101 2027 2164 2091 te
2210 2028 2372 2092 tueri
2403 2030 2468 2091 et
2504 2028 2557 2092 si
2596 2048 2749 2112 opus
2781 2031 2875 2095 est

415 2149 558 2194 eum
608 2130 895 2195 occidere.
958 2128 1063 2208 At,
1119 2130 1215 2194 uti
1261 2129 1454 2211 patet,
1512 2128 1647 2193 heic
1692 2148 1889 2210 neque
1937 2130 2150 2213 agitur
2185 2130 2258 2194 de
2312 2131 2446 2195 sola
2491 2151 2555 2196 re
2593 2152 2700 2215 per
2745 2133 2872 2198 vim

416 2231 645 2307 ablata,
696 2233 891 2296 veluti
937 2231 991 2295 si
1027 2233 1166 2314 quis
1199 2248 1519 2296 accurrens
1551 2229 1795 2296 auferat
1826 2231 1940 2295 tibi
1970 2231 2368 2317 horologium
2392 2234 2504 2297 aut
2534 2235 2870 2299 umbellam

415 2335 532 2398 aut
574 2333 807 2416 pileum
855 2353 888 2399 e
921 2334 1122 2417 capite
1171 2334 1285 2397 aut
1326 2332 1591 2415 pallium
1635 2352 1707 2397 ex
1736 2333 2055 2398 humeris:
2087 2353 2284 2415 neque
2316 2336 2528 2419 agitur
2559 2336 2631 2400 de
2662 2339 2873 2402 contu-

419 2437 625 2516 melia,
664 2456 823 2518 quae
851 2437 1050 2501 oritur
1080 2456 1152 2500 ex
1197 2437 1557 2519 contemptu
1605 2440 1739 2513 tu0‚
1774 2436 1882 2518 qui
1927 2437 2255 2513 reclamas;
2288 2440 2390 2501 ast
2433 2439 2645 2523 agitur
2690 2439 2764 2504 de
2807 2441 2871 2506 vi

409 2539 590 2605 illata
635 2556 950 2622 personae,
986 2536 1136 2603 adeo
1183 2539 1257 2603 ut
1299 2556 1398 2604 res
1443 2539 1529 2604 sit
1573 2539 1706 2604 sola
1745 2539 2005 2604 occasio.
2038 2536 2312 2621 Quisque
2343 2559 2525 2623 porro
2564 2542 2660 2606 ius
2684 2542 2871 2608 habet

410 2642 623 2707 tuendi
669 2663 766 2707 res
799 2661 945 2707 suas
975 2642 1313 2724 utcumque
1343 2642 1509 2706 leves
1541 2644 1604 2706 et
1635 2642 1688 2707 si
1726 2643 2043 2727 aggressio
2092 2642 2362 2707 succedit
2392 2663 2705 2726 personae,
2732 2646 2869 2711 tota

419 2745 602 2829 culpa
646 2744 864 2809 recidit
910 2744 974 2808 in
1019 2744 1329 2808 iniustum
1369 2762 1834 2828 aggressorem:
1877 2746 2213 2827 utcumque
2260 2746 2422 2809 enim
2468 2765 2657 2811 causa
2715 2747 2868 2813 levis

408 2846 711 2922 videatur,
752 2847 1068 2931 aggressio
1115 2863 1354 2929 semper
1388 2846 1628 2910 iniusta
1658 2846 1773 2910 est.

499 2948 622 3013 Ubi
668 2949 879 3014 autem
929 2948 1246 3033 aggressio
1295 2950 1390 3012 est
1433 2948 1689 3025 iniusta,
1723 2947 1870 3013 licet
1914 2949 2041 3013 vim
2089 2950 2397 3032 repellere,
2447 2952 2693 3016 servato
2740 2972 2867 3018 mo-

409 3051 725 3116 deramine
753 3051 1106 3134 inculpatae
1144 3050 1400 3115 tutelae.

496 3155 641 3220 Alia
685 3155 850 3219 ratio
897 3155 1019 3219 huc
1063 3154 1233 3232 facit,
1284 3172 1469 3235 quam
1520 3153 1698 3218 affert
1740 3152 2063 3238 Laymann
2109 3154 2215 3219 lib.
2267 3156 2328 3218 3.
2367 3157 2447 3219 tr.
2482 3157 2543 3219 3.
2590 3160 2753 3238 part.
2800 3160 2862 3224 3.

404 3277 540 3342 cap.
577 3258 638 3321 3.
665 3276 725 3320 n.
764 3258 850 3333 4.,
887 3255 1121 3339 publici
1157 3255 1393 3320 scilicet
1429 3256 1594 3320 boni.
1643 3254 1807 3320 Nam
1856 3256 2133 3338 alioquin
2179 3256 2477 3321 scelerum
2524 3258 2864 3343 impunitas

406 3363 719 3447 improbos
761 3360 838 3425 ad
862 3360 1234 3444 peccandum
1268 3360 1657 3424 audentiores
1702 3360 2000 3424 redderet.

484 3461 649 3536 891.
701 3466 735 3503 '¹‘
762 3463 959 3528 Nota:
996 3463 1089 3526 ait
1134 3461 1372 3526 Auctor
1402 3460 1750 3543 significare
1797 3461 1954 3538 iura,
2004 3462 2206 3524 furem
2252 3463 2625 3525 nocturnum
2674 3465 2864 3530 occidi

407 3568 679 3650 impune,
712 3585 835 3632 nou
868 3568 1079 3630 autem
1118 3564 1428 3628 diurnum.
1478 3562 1579 3625 Ita
1625 3560 1814 3624 Caius
1860 3562 1902 3625 1.
1938 3563 1998 3625 4.
2037 3564 2094 3626 1.
2128 3562 2254 3645 dig.
2294 3561 2382 3625 ad
2425 3562 2620 3644 leyem
2665 3564 2865 3646 Aqui-

406 3668 623 3734 liam...
672 3669 797 3733 Lex
848 3668 1169 3733 duodecim
1215 3665 1575 3730 tabularum
1617 3662 1819 3728 furem
1866 3666 2055 3728 noctu
2102 3664 2546 3747 deprehensum
2595 3668 2864 3733 occidere

404 3774 734 3857 permittit,
768 3775 845 3837 ut
882 3772 1089 3836 tamen
1134 3771 1199 3834 id
1245 3771 1450 3853 ipsum
1498 3787 1639 3832 cum
1686 3768 1956 3832 clamore
2000 3766 2402 3833 testificetur:
2442 3770 2712 3836 interdiu
2760 3792 2865 3838 au-

404 3878 533 3940 tem
568 3874 1013 3958 deprehensum
1035 3873 1126 3937 ita
1150 3872 1464 3956 permittit
1495 3871 1784 3946 occidere,
1819 3871 1873 3935 si
1893 3870 1949 3934 is
1975 3887 2038 3935 se
2068 3871 2192 3936 telo
2234 3870 2520 3936 defendat
2551 3875 2625 3937 ut
2655 3876 2862 3942 tamen

404 3996 598 4060 aeque
624 3996 765 4041 cum
791 3977 1060 4041 clamore
1085 3973 1451 4039 testificetur
1474 3999 1535 4038 ».
1556 3973 1863 4057 Ulpianus
1889 3974 2151 4038 auteml.
2181 3973 2688 4059 9.dig.adleyem
2720 3977 2864 4042 Cor-

402 4077 637 4143 neliam
684 4078 757 4141 de
787 4078 1062 4153 sicariis,
1111 4077 1230 4141 ait:
1271 4100 1306 4135 «
1343 4078 1569 4141 Furem
1616 4078 1990 4141 nocturnum
2037 4077 2091 4141 si
2122 4077 2261 4158 quis
2296 4078 2603 4152 occiderit,
2636 4079 2730 4140 ita
2760 4079 2864 4142 de-

399 4200 584 4245 mum
608 4181 858 4263 impune
880 4179 1056 4256 feret,
1091 4179 1145 4244 si
1177 4199 1423 4262 parcere
1454 4180 1511 4243 ei
1533 4180 1663 4244 sine
1696 4177 1968 4262 periculo
2000 4195 2116 4244 suo
2138 4197 2260 4243 non
2293 4179 2504 4261 potuit
2533 4203 2594 4242 ».
2621 4179 2864 4245 Pariter

401 4283 592 4347 Exod.
632 4282 838 4345 XXII.
875 4283 935 4344 2.
970 4282 1031 4344 3.
1068 4279 1145 4345 Si
1187 4279 1529 4362 effrinyens
1572 4280 1681 4360 fur
1725 4281 1974 4344 domum
2007 4281 2133 4344 sive
2165 4277 2506 4358 suffodiens
2539 4278 2734 4359 fuere}
2762 4282 2863 4345 iw-

398 4389 620 4449 ventus
668 4388 730 4448 et
770 4387 1014 4462 accepto
1059 4381 1315 4446 vulnere
1380 4385 1662 4447 mortuus
1705 4382 1901 4464 fuerit
1916 4404 1937 4460 ,·
1970 4401 2308 4464 percussor
2367 4402 2494 4446 non
2553 4384 2678 4446 erit
2718 4405 2864 4449 reus

395 4486 754 4568 sanquinis.
827 4483 1006 4565 Quod
1046 4484 1105 4548 si
1150 4486 1285 4546 orto
1328 4483 1456 4546 sole
1502 4483 1610 4547 hoc
1654 4484 1889 4564 fecerit,
1936 4483 2334 4548 homicidimn
2377 4488 2765 4565 perpetravit
2807 4493 2868 4550 et

396 4588 529 4669 ipse
576 4588 898 4651 morietur.
940 4587 1010 4650 In
1057 4604 1217 4668 quae
1263 4584 1451 4648 habet
1480 4584 1631 4648 haec
1660 4585 2053 4670 Augustinus
2089 4587 2326 4651 relatus
2355 4586 2420 4651 iu
2452 4607 2502 4652 6.
2532 4589 2592 4652 3.
2627 4589 2700 4652 de
2733 4588 2865 4654 Ho-
