3497 5147
357 348 539 416 [1049]
1081 359 1168 399 nn
1203 357 1540 400 casuram
1574 356 1655 396 m
1693 355 2096 399 vmaim'ram
2724 344 2830 399 777

354 458 586 541 ptionis
633 458 913 541 signum:
950 453 1304 520 meminisse
1339 456 1553 519 tamen
1594 455 1858 535 oportet,
1893 453 2228 518 identidem
2275 454 2498 520 violari
2537 453 2831 518 feminam

356 579 481 627 non
522 559 721 624 fracto
771 558 982 643 sigillo
1031 558 1096 622 et
1144 555 1350 641 frangi
1400 558 1512 620 aut
1583 555 1855 638 deperire
1915 557 2069 621 illud
2144 557 2302 623 citra
2348 557 2830 638 corruptionem.

356 661 894 744 Incorruptionem
941 661 1105 725 certe
1152 658 1449 741 supponit
1492 657 1859 723 Pontificale
1905 660 1969 723 in
2017 659 2145 725 suis
2179 660 2460 743 precibus
2492 662 2555 724 et
2606 659 2833 741 praeci-

358 765 550 849 pienS,
591 765 665 829 ut
709 762 1072 846 Episcopus,
1115 763 1453 843 antequam
1499 761 1577 825 ad
1628 761 1840 825 actum
1871 761 2162 844 procedat
2208 762 2709 839 consecrationis,
2743 762 2834 825 in·

362 868 639 951 terroget
669 864 929 930 seorsim
974 864 1255 948 singulas
1301 862 1375 927 de
1405 863 1540 928 vita
1570 866 1634 929 et
1664 864 2040 929 conscientia
2087 865 2151 929 et
2186 865 2401 929 camis
2447 865 2829 947 inteym‘tate.

455 967 521 1033 Si
552 970 763 1033 tamen
819 966 1031 1049 aliqua
1092 966 1394 1031 violenter
1448 984 1738 1049 oppressa
1775 965 1966 1031 fuerit
2001 966 2187 1048 idque
2219 967 2534 1032 occultum
2597 966 2682 1030 sit
2728 965 2832 1047 (ne

365 1089 540 1134 secus
587 1069 949 1134 scandalum
995 1088 1214 1151 nempe
1264 1068 1550 1151 oriatur),
1600 1069 1946 1132 consecrari
2001 1069 2211 1151 potest
2257 1069 2320 1134 et
2364 1069 2512 1134 licet
2566 1069 2623 1133 61
2670 1068 2832 1133 affir-

365 1191 537 1238 mare
568 1190 632 1235 se
655 1189 786 1235 esse
816 1170 1239 1252 incorruptam
1270 1170 1568 1235 nimirum
1591 1170 1984 1252 corruptione
2014 1170 2389 1236 voluntaria.
2422 1170 2589 1235 Nam
2619 1190 2832 1253 reapse

368 1273 570 1338 adhuc
615 1273 711 1337 est
746 1291 892 1337 vera
928 1271 1127 1357 virgo.
1168 1270 1260 1336 Cf.
1295 1292 1355 1336 n.
1393 1273 1585 1336 1045.

456 1375 522 1440 Si
543 1376 767 1438 -autem
796 1374 1153 1439 voluntaria
1185 1374 1373 1438 fuerit
1397 1374 1650 1438 amissio
1674 1375 2081 1459 integritatiS,
2107 1394 2231 1440 non
2256 1394 2434 1458 posse
2465 1377 2830 1454 consecrari,

365 1478 483 1542 etsi
519 1478 750 1542 crimen
797 1476 883 1541 sit
920 1477 1255 1557 occultum,
1282 1476 1471 1541 multi
1493 1477 1630 1540 DD.
1672 1476 1894 1543 docent
1940 1497 2084 1542 cum
2117 1498 2166 1543 s.
2195 1478 2456 1555 Thoma,
2498 1478 2662 1561 apud
2694 1477 2837 1543 Les-

365 1581 529 1645 sium
565 1599 624 1643 n.
658 1579 835 1654 117.;
869 1579 1017 1660 quia
1048 1579 1114 1643 in
1148 1579 1706 1644 sacramentalibus
1752 1579 2062 1645 Ecclesiae
2103 1579 2450 1644 actionibus
2496 1598 2620 1645 non
2652 1579 2833 1644 debet

364 1682 732 1746 intervenire
776 1679 968 1745 fictio.
1032 1681 1194 1745 Tum
1237 1681 1350 1744 illa
1396 1680 1776 1745 consecratio
1824 1684 1919 1746 est
1965 1682 2213 1765 propria
2275 1682 2634 1765 virginum:
2684 1699 2832 1764 ergo

364 1785 581 1866 nequit
603 1782 902 1867 applicari
924 1785 1272 1865 corruptae,
1294 1783 1457 1848 sicut
1473 1784 1855 1849 consecratio
1881 1803 2078 1866 aquae
2107 1784 2325 1865 nequit
2342 1784 2639 1867 applicari
2664 1784 2828 1849 vine.

454 1885 897 1964 NihilominuS,
945 1885 1191 1967 quando
1239 1887 1403 1950 esset
1449 1885 1792 1968 periculum
1840 1886 2135 1962 scandali,
2171 1886 2408 1952 addunt
2443 1886 2699 1968 quidam
2730 1885 2833 1949 ad-

367 1989 564 2054 hiberi
594 2007 772 2073 posse
810 1992 1006 2056 ritum
1029 1987 1531 2062 consecrationis,
1565 1990 1814 2055 omissis
1845 1989 1942 2068 iis„
1983 2008 2141 2071 quae
2191 1991 2340 2054 sunt
2370 1989 2444 2055 de
2475 1989 2830 2055 substantia

366 2092 843 2157 consecrationis
872 2091 1200 2177 virginalis
1246 2092 1312 2155 et
1353 2092 1602 2156 mutato
1650 2093 1899 2158 nomine
1935 2093 2322 2177 virginitatis
2357 2094 2421 2158 in
2466 2111 2690 2158 nomen
2736 2112 2834 2157 ca·

368 2194 606 2259 stitatis
638 2196 702 2259 et
738 2195 1174 2261 continentiae.
1209 2193 1446 2258 Verum
1494 2213 1675 2278 aegre
1713 2195 1831 2260 hoc
1863 2197 2045 2278 pacto
2093 2195 2456 2261 scandalum
2487 2196 2548 2259 h.
2582 2215 2634 2260 e.
2666 2214 2832 2260 reve-

368 2295 523 2360 latio
558 2296 785 2361 occulti
815 2296 1092 2362 criminis
1124 2296 1451 2362 vitaretur.

457 2396 845 2481 Quapropter
874 2400 1082 2464 censet
1112 2397 1362 2463 Lessius
1394 2400 1457 2463 et
1487 2399 1553 2463 in
1582 2399 1722 2464 istis
1755 2399 2016 2492 eundem
2041 2418 2294 2481 prorsus
2327 2400 2520 2465 ritum
2554 2399 2831 2465 adhiberi

366 2519 578 2584 posse:
613 2521 754 2565 cum
801 2501 964 2566 enim
1011 2502 1111 2566 hic
1157 2502 1236 2565 ab
1279 2501 1675 2567 institutione
1720 2502 2030 2566 Ecclesiae
2075 2501 2341 2585 pendeat
2385 2505 2449 2567 et
2493 2501 2831 2567 secundum

366 2606 499 2670 eius
534 2605 943 2670 intentionem
989 2604 1121 2682 fiat,
1157 2605 1469 2688 praesumi
1498 2605 1720 2670 merito
1760 2605 1968 2689 potest
1997 2604 2337 2670 Ecclesiam
2366 2605 2543 2682 velle,
2584 2606 2829 2687 quando

366 2707 710 2790 periculum
740 2706 1094 2792 gravissimi
1126 2707 1502 2772 incommodi
1531 2708 1746 2785 instat,
1783 2709 1969 2772 verba
2000 2727 2115 2773 sua
2152 2710 2217 2772 et
2245 2708 2372 2773 illis
2410 2708 2828 2787 accomodare,

366 2829 524 2892 quae
569 2811 811 2893 publice
871 2811 1178 2876 habentur
1222 2810 1535 2894 virgines3
1585 2829 1731 2875 nam
1785 2812 1849 2874 et
1903 2812 2018 2875 hae
2078 2813 2339 2894 possunt
2408 2831 2547 2877 vere
2617 2812 2828 2894 aliqua

365 2912 605 2978 ratione
636 2913 845 2979 vocari
892 2914 1049 2978 tales
1094 2915 1159 2978 et
1200 2913 1373 2997 ipsae
1419 2931 1531 2977 suo
1579 2912 1763 2977 modo
1796 2914 2057 2995 possunt
2103 2932 2234 2978 esse
2278 2931 2540 2997 sponsae
2571 2911 2825 2980 Christi.

460 3010 669 3084 lum.
704 3015 777 3079 In
827 3014 1211 3100 virginitatis
1250 3015 1850 3081 commendationem
1897 3015 2221 3080 subdimus
2268 3016 2573 3097 quaedam
2618 3018 2825 3095 verba,

367 3137 526 3200 quae
554 3118 619 3181 in
666 3136 881 3183 earum
912 3118 1370 3184 consecratione
1406 3119 1621 3184 cantat
1646 3118 2005 3200 Episcopus,
2053 3143 2089 3176 ‹<
2121 3118 2376 3201 Respice
2407 3120 2691 3197 Domine,
2731 3137 2830 3184 su-

366 3240 474 3303 per
504 3221 617 3284 has
663 3221 931 3286 famulas
980 3223 1144 3300 tuas,
1192 3240 1351 3302 quae
1405 3222 1470 3285 in
1523 3240 1716 3285 manu
1765 3222 1877 3285 tua
1922 3221 2338 3286 continentiae
2370 3239 2519 3285 suae
2556 3224 2830 3304 proposi·

369 3324 508 3386 tum
552 3323 945 3399 collocanteS,
981 3322 1097 3387 tibi
1133 3323 1523 3388 devotionem
1572 3341 1753 3386 suam
1802 3322 2085 3393 offerunt,
2122 3340 2158 3384 a
2192 3340 2315 3403 quo
2353 3324 2418 3385 et
2463 3322 2632 3403 ipsae
2680 3327 2828 3391 vota

373 3425 857 3507 assumpserunt.
891 3422 1213 3502 Quomodo
1238 3424 1402 3487 enim
1428 3424 1670 3487 animus
1694 3423 1951 3486 mortali
1966 3442 2146 3487 carne
2170 3422 2608 3500 circumdatus,
2629 3424 2829 3509 legem

371 3525 649 3603 naturae,
684 3526 1040 3590 libertatem
1070 3525 1377 3597 licentiae,
1412 3525 1539 3588 vim
1571 3523 2053 3601 consuetudinis,
2089 3524 2378 3588 stimulos
2412 3526 2639 3589 aetatis
2665 3529 2829 3592 evin-

371 3626 554 3701 ceret,
603 3627 723 3691 nisi
769 3629 841 3691 tu
888 3628 1055 3692 Deus
1104 3646 1211 3711 per
1240 3626 1505 3692 liberum
1552 3625 1902 3702 arbitrium,
1943 3626 2107 3689 hunc
2141 3625 2207 3689 in
2254 3626 2342 3690 eis
2389 3644 2664 3690 amorem
2713 3629 2832 3691 vir-

367 3727 655 3814 ginitatis
686 3730 1016 3795 clementer
1062 3730 1437 3808 accendereS,
1472 3731 1544 3794 tu
1576 3730 1736 3793 hanc
1761 3728 2167 3810 cupiditatem
2201 3729 2263 3792 in
2298 3747 2510 3792 earum
2543 3729 2830 3795 cordibus

368 3829 669 3914 benignus
695 3831 907 3910 aleres,
942 3835 1013 3897 tu
1036 3833 1472 3899 fortitudinem
1504 3834 1931 3897 ministrares?
1970 3832 2180 3896 Effusa
2214 3851 2484 3914 namque
2517 3834 2580 3897 in
2615 3853 2826 3901 omnes

366 3934 580 4018 gentes
613 3933 820 4017 gratia
868 3937 999 4013 tua,
1034 3957 1105 4001 ex
1138 3937 1308 4002 omni
1352 3936 1625 4010 natione,
1667 3954 1826 4017 quae
1858 3934 1973 3999 sub
2021 3934 2190 3999 caelo
2239 3937 2353 4012 est,
2388 3935 2452 3999 in
2501 3935 2829 4000 stellarum

365 4035 912 4101 innumerabilium
942 4058 1288 4117 numerum,
1321 4039 1469 4104 novi
1514 4037 1901 4103 Testamenti
1933 4036 2258 4101 heredibus
2297 4035 2630 4119 adoptatiS,
2665 4037 2829 4102 inter

363 4139 598 4202 ceteras
637 4138 922 4217 virtuteS‚
958 4159 1113 4222 quas
1135 4141 1281 4205 filiis
1304 4142 1433 4206 tuis
1471 4160 1592 4205 non
1626 4159 1695 4203 ex
1730 4138 2136 4223 sanguinibus
2162 4157 2359 4221 neque
2392 4157 2464 4202 ex
2495 4139 2824 4204 voluntate

362 4241 584 4318 carnis,
627 4240 733 4305 sed
769 4240 844 4306 de
882 4240 1120 4325 Spiritu
1155 4241 1381 4308 Sancto
1416 4244 1525 4307 tuo
1580 4241 1808 4326 genitis
1866 4240 2163 4317 indidisti,
2200 4241 2394 4305 etiam
2424 4242 2542 4305 hoc
2589 4241 2826 4307 donum

361 4344 426 4408 in
473 4344 775 4426 quasdam
823 4346 1059 4410 mentes
1090 4344 1165 4409 de
1187 4345 1504 4428 largitatis
1538 4346 1683 4408 tuae
1722 4343 1890 4408 fonte
1923 4342 2199 4421 defluxit,
2234 4344 2328 4416 ut,
2357 4362 2500 4406 cum
2532 4344 2829 4408 honorem

364 4449 729 4531 nuptiarum
781 4449 957 4514 nulla
1002 4448 1331 4513 interdicta
1377 4446 1747 4511 minuissent
1793 4466 1866 4511 ac
1911 4464 2095 4528 super
2127 4447 2417 4510 sanctum
2464 4446 2826 4531 coniugium

366 4551 662 4631 nuptialis
710 4551 1052 4617 benedictio
1084 4551 1491 4635 permaneret,
1526 4548 1888 4614 exsisterent
1913 4550 2122 4612 tamen
2155 4547 2546 4612 sublimiores
2580 4550 2824 4613 animae
