3497 5147
641 292 753 349 610
954 305 1166 346 macr.
1185 304 1267 344 vr.
1288 302 1450 344 sacr.
1476 302 1557 344 iv.
1584 302 1669 341 nn
1692 300 1939 348 Quan‘ro
1964 301 2180 343 Panno.
2207 302 2539 345 nmanom.
2556 304 2699 345 mm.
2727 303 2794 344 11.
2964 289 3112 366 [827]

640 407 837 483 etpro
867 402 1002 465 suis
1039 399 1256 463 liberis
1287 402 1349 463 et
1367 417 1579 461 uxore.
1614 398 1780 481 Ergo
1813 397 1979 482 leges
2012 398 2311 482 cuiusque
2340 400 2462 466 loci
2491 402 2677 465 erunt
2697 400 3111 483 inspiciendae

642 524 753 588 pro
790 502 1140 569 conditione
1180 501 1457 567 omnium
1494 499 1949 564 adiunctorum.

823 608 893 669 2⁰
937 604 1140 671 Notat
1186 602 1455 668 Sanchez
1503 602 1545 665 l.
1581 621 1632 665 c.
1666 622 1726 665 n.
1767 602 1891 678 19„
1942 602 2107 683 quod
2153 603 2263 667 ubi
2307 603 2783 670 matrimonium
2830 603 2915 669 sit
2958 604 3113 669 indi·

640 726 858 794 gnum,
888 727 1010 772 non
1036 708 1285 771 tenetur
1307 724 1527 789 parens
1551 703 1670 768 nisi
1696 703 1776 767 ad
1798 703 2105 768 modicam
2131 706 2573 786 quantitatem,
2601 724 2760 788 quae
2783 707 3112 771 conveniat

643 811 722 875 ad
752 810 1099 875 necessaria
1132 808 1457 872 alimenta:
1492 805 1657 887 quod
1706 804 1976 870 Sanchez
2025 806 2176 871 dicit
2221 806 2295 872 de
2341 806 2471 871 filia
2518 808 2786 873 nubente
2832 807 3108 892 indigne,

642 912 745 977 sed
796 913 918 977 huc
964 910 1287 977 transferri
1333 911 1557 992 potest.

729 1015 924 1078 Addit
962 1016 1107 1097 post
1150 1012 1484 1078 nonnullos
1530 1011 1677 1075 ibid.
1709 1031 1759 1075 s.
1793 1011 2004 1093 Alph„
2036 1012 2201 1092 quod
2248 1015 2426 1095 pater
2471 1012 2652 1077 debet
2696 1013 2901 1077 filium
2947 1012 3112 1077 alere

642 1119 891 1183 etiamsi
924 1117 1025 1180 hic
1069 1116 1418 1199 portionem
1455 1113 1578 1177 iam
1630 1114 1802 1196 prius
1843 1112 1958 1176 sibi
1993 1113 2293 1177 traditam
2339 1115 2564 1179 vitiose
2596 1119 3105 1179 consummasset.

644 1219 735 1283 Ex
768 1219 930 1283 Azor
959 1219 1121 1301 part.
1151 1219 1211 1280 2.
1237 1216 1345 1280 lib.
1374 1218 1435 1279 2.
1463 1235 1594 1298 cap.
1623 1217 1684 1280 4.
1713 1235 1771 1297 q.
1804 1216 1905 1278 12.

736 1320 853 1386 Sed
884 1323 1035 1385 haec
1082 1322 1262 1384 caute
1310 1318 1694 1401 accipienda:
1733 1338 1881 1381 nam
1930 1319 2332 1404 intelligenda
2380 1319 2668 1384 videntur
2713 1319 2788 1384 de
2834 1319 3107 1385 subsidio

643 1424 1044 1509 indigentiae.
1078 1423 1242 1486 Tum
1272 1420 1613 1486 cavendum
1653 1420 1790 1497 erit,
1830 1440 1905 1484 ne
1929 1420 2225 1485 damnum
2256 1422 2479 1487 fratres
2516 1422 2860 1505 patiantur.

734 1523 911 1597 827.
939 1524 1000 1589 S.
1027 1525 1213 1607 Alph.
1237 1543 1296 1587 n.
1326 1523 1477 1586 337.
1504 1521 1674 1599 dicit,
1702 1521 1970 1585 dandam
2004 1542 2040 1586 a
2079 1526 2256 1606 patre
2292 1524 2523 1599 dotem,
2542 1523 2596 1587 si
2628 1522 2758 1587 filia
2790 1524 2992 1589 maior
3028 1524 3112 1589 sit

644 1630 750 1693 25.
777 1629 975 1693 annis.
1003 1626 1068 1691 Si
1099 1644 1245 1690 vero
1280 1626 1364 1689 sit
1393 1624 1598 1689 minor
1623 1626 1750 1700 25„
1779 1624 1907 1701 alii,
1934 1625 2157 1706 inquit,
2184 1625 2400 1689 itidem
2432 1624 2698 1689 dandam
2730 1626 3112 1690 contendunt

642 1732 955 1798 absolute:
983 1729 1111 1806 alii,
1139 1729 1194 1793 si
1216 1728 1403 1813 digno
1428 1727 1728 1811 nupserit,
1764 1727 1910 1791 licet
1934 1729 2150 1792 contra
2175 1729 2371 1811 patris
2396 1729 2814 1793 voluntatem:
2844 1728 2954 1793 alii
2978 1732 3112 1793 tan-

639 1837 780 1899 tum
808 1834 1104 1897 alimenta
1128 1829 1329 1895 danda
1354 1829 1587 1906 dicunt,
1614 1829 1948 1894 dummodo
1975 1832 2157 1914 egeat
2181 1832 2368 1913 atque
2398 1831 2533 1908 hoc,
2562 1831 2809 1896 etiamsi
2833 1833 3113 1915 nupserit

638 1937 915 2020 indigno.
950 1935 1088 1999 Hoc
1125 1934 1530 2016 postremum,
1566 1931 1730 2013 quod
1781 1933 2030 1996 tantum
2062 1936 2239 2016 pater
2276 1934 2562 1997 teneatur
2610 1933 2909 1997 alimenta
2941 1953 3112 2017 prae-

641 2040 829 2114 stare,
864 2056 913 2099 s.
953 2036 1139 2119 Alph.
1176 2034 1556 2118 probabilius
1595 2034 1766 2109 dicit,
1802 2035 2009 2115 atque,
2043 2053 2109 2098 re
2155 2054 2262 2117 per
2293 2054 2356 2099 se
2388 2036 2688 2118 spectata,
2729 2037 3112 2117 acquiescere

642 2142 806 2205 certe
829 2139 1061 2203 licet‘in
1085 2138 1202 2203 hac
1224 2136 1553 2201 sententia.
1577 2136 2001 2200 Veruntamen
2025 2137 2088 2199 in
2114 2137 2470 2201 huiusmodi
2494 2137 2676 2201 rebus
2701 2138 3112 2202 consulendae

643 2244 791 2307 sunt
822 2243 990 2324 leges
1026 2240 1418 2325 singulorum
1449 2238 1748 2303 locorum.
1779 2237 1870 2302 Cf.
1899 2259 1950 2302 c.
1979 2239 2039 2301 3.
2068 2240 2187 2303 art.
2219 2240 2365 2304 147.

734 2346 824 2408 De
874 2342 1255 2427 obligatione
1300 2342 1629 2424 parentum
1663 2360 1735 2404 ex
1780 2341 1916 2403 iure
1962 2340 2224 2405 naturae
2270 2340 2655 2423 relinquendi
2700 2341 3111 2407 hereditatem

641 2446 807 2525 filiis,
857 2446 1235 2530 disputatur,
1269 2444 1393 2523 sed,
1441 2445 1687 2527 praeter
1732 2442 2050 2521 alimenta,
2085 2444 2655 2525 probabilissimum
2701 2446 2816 2524 est,
2856 2464 2928 2510 ex
2971 2445 3109 2529 lege

639 2552 903 2615 naturae
938 2548 1015 2612 ad
1062 2547 1217 2611 nihil
1262 2549 1547 2629 parentes
1586 2545 1800 2621 teneri,
1840 2563 2034 2627 neque
2068 2544 2145 2609 ad
2192 2546 2509 2624 alimenta,
2542 2546 2598 2612 si
2643 2547 2759 2612 filii
2791 2567 2862 2613 ex
2892 2548 3109 2632 seipsis

640 2654 914 2718 habeant
961 2650 1125 2732 quod
1172 2649 1424 2713 sufficit.
1473 2647 1738 2713 Nullum
1785 2649 2032 2713 constat
2077 2648 2554 2714 fundamentum
2598 2652 2907 2716 naturalis
2953 2652 3109 2716 iuris

639 2756 755 2820 filii
782 2755 855 2818 ad
886 2752 1351 2828 haereditatem,
1377 2770 1573 2833 neque
1598 2750 1762 2815 enim
1795 2771 1866 2815 ex
1898 2770 1968 2816 eo
2002 2751 2168 2832 quod
2200 2771 2391 2816 unum
2416 2752 2781 2819 beneficium
2815 2755 3106 2831 obtinuit,

639 2857 740 2920 ius
786 2855 974 2918 habet
1022 2854 1099 2918 ad
1147 2854 1336 2918 aliud.
1378 2854 1537 2919 Sane
1575 2854 1627 2917 si
1674 2855 1901 2917 natura
1931 2853 1994 2917 id
2033 2854 2351 2938 praecipit,
2388 2875 2467 2919 an
2503 2855 2679 2920 iubet
2723 2858 2991 2940 relinqui
3021 2859 3108 2923 eis

639 2959 846 3023 totam
892 2956 1347 3021 hereditatem?
1378 2957 1494 3020 hoc
1541 2958 1704 3020 certe
1751 2955 2013 3019 falsum:
2065 2974 2144 3019 an
2192 2959 2434 3039 partem
2457 2960 2487 3021 P
2534 2977 2724 3040 quam
2772 2964 2965 3024 vero?
3010 2960 3108 3024 lex

638 3062 902 3125 naturae
928 3060 1083 3124 nihil
1099 3060 1267 3124 dicit.
1290 3059 1536 3124 Scilicet
1559 3057 1936 3121 haerendum
1960 3057 2142 3121 estin
2174 3057 2508 3134 alimentis,
2527 3060 2581 3124 si
2606 3060 2854 3125 aliunde
2880 3061 3099 3126 desint.

746 3205 833 3257 Xl.
866 3205 918 3255 4.
938 3206 1120 3256 parens
1145 3208 1337 3257 tenetur
1364 3200 1486 3267 proli
1514 3198 1796 3263 subvenire,
1817 3197 1982 3252 relicta
2011 3198 2264 3266 religione,
2290 3200 2464 3255 iisdem
2490 3201 2701 3267 casibus,
2729 3203 2907 3269 quibus
2933 3206 3100 3271 proles

646 3288 856 3355 parenti,
884 3302 1008 3352 quos
1046 3288 1160 3340 vide
1198 3285 1449 3352 superiore
1488 3284 1638 3337 dubio
1676 3298 1776 3337 cas.
1811 3284 1856 3336 4.
1884 3290 1932 3337 et
1971 3284 2021 3335 5.

730 3396 821 3460 De
854 3396 949 3460 his
984 3395 1253 3473 uberius,
1292 3394 1398 3457 ubi
1427 3393 1501 3456 de-
1536 3391 1905 3471 Praeceptis
1921 3392 2431 3472 particularibus
2461 3395 2503 3459 l.
2540 3416 2675 3480 sup.
2711 3398 2816 3461 cit.
2919 3459 2931 3484 ,

749 3535 855 3587 Xll.
884 3533 933 3585 5.
972 3509 1200 3585 Parentes
1222 3530 1364 3594 gravi
1389 3528 1685 3594 obligatione
1713 3536 1940 3583 tenentur
1977 3530 2222 3584 instrucre
2249 3531 2430 3586 liberos
2469 3548 2557 3600 per
2587 3548 2641 3587 se
2667 3535 2746 3588 vel
2774 3534 2917 3600 alioS‚
2950 3534 2999 3588 in
3028 3550 3108 3589 ne·

636 3617 866 3673 cessariis
902 3619 962 3669 ad
1003 3620 1225 3670 salutem.
1252 3615 1377 3669 Hinc
1414 3614 1627 3680 graviter
1665 3621 1884 3681 peccant,
1914 3618 1961 3667 ⁴.
1989 3614 2046 3680 si,
2074 3622 2308 3681 quantum
2345 3616 2393 3669 in
2434 3617 2554 3684 ipsis
2593 3624 2684 3683 est,
2716 3634 2811 3672 non
2839 3629 3027 3687 curent,
3058 3629 3110 3675 ut

637 3703 780 3757 honis
799 3703 1021 3756 moribus
1047 3701 1344 3765 imbuantur,
1371 3699 1640 3754 doctrinam
1660 3699 1990 3754 Christianam
2011 3716 2096 3754 seu
2121 3700 2234 3754 ssdei
2252 3702 2526 3756 rudimenta
2547 3704 2818 3771 addiscant,
2841 3719 3111 3772 pravorum

636 3787 884 3840 consortia
912 3785 1083 3849 vitent,
1111 3788 1331 3838 mandata
1363 3786 1454 3839 Dei
1480 3792 1530 3838 et
1555 3785 1802 3839 Ecclesiae
1841 3789 2136 3852 observen13
2166 3788 2470 3840 Sacramenta
2500 3791 2821 3854 frequentent,
2844 3804 2871 3842 a
2898 3789 3113 3855 peccatis

636 3870 928 3924 abstineant.
950 3873 1096 3932 Azor,
1117 3869 1224 3921 Fili.
1247 3871 1367 3922 Bon.
1389 3870 1427 3922 l.
1445 3884 1518 3922 c.:
1541 3871 1589 3921 2.
1613 3869 1653 3921 si
1679 3869 1964 3923 occasiones
1992 3868 2223 3936 peccandi
2249 3872 2309 3923 ab
2335 3869 2397 3923 iis
2425 3886 2519 3924 non
2549 3879 2790 3936 avertant,
2813 3875 2891 3926 vel
2913 3873 2962 3926 in
2987 3874 3111 3929 locis

636 3962 720 4033 aut
739 3953 964 4007 domibus
991 3953 1233 4021 suspectis
1260 3954 1482 4007 habitare
1511 3952 1810 4020 permittant.
1831 3955 1971 4007 Trul.
1988 3960 2020 4006 t.
2046 3958 2092 4006 l.
2109 3956 2284 4008 d.3.n.
2302 3955 2380 4009 4.:
2403 3957 2450 4009 3.
2474 3955 2515 4009 si
2534 3955 2740 4010 consilio
2770 3961 2849 4011 vel
2878 3963 3109 4025 exemplo

635 4043 764 4093 malo
784 4041 1080 4106 depravent:
1103 4039 1151 4092 4.
1173 4038 1329 4092 sinon
1357 4038 1620 4102 ohim-gent
1641 4037 1937 4104 puniantquc
1964 4036 2249 4105 dissolutos,
2272 4041 2525 4094 moderate
2553 4048 2713 4095 tamen
2727 4056 2742 4108 ;
2764 4056 2875 4095 nam
2902 4049 3111 4109 peccant

633 4126 780 4180 etiam
808 4127 1116 4178 verberando
1143 4125 1481 4190 immoderate,
1511 4137 1557 4174 v.
1582 4137 1654 4186 gr.
1681 4129 1732 4175 ut
1752 4120 2034 4175 notabiliter
2061 4125 2332 4179 laedantur.
2354 4127 2459 4179 Sot-
2483 4128 2621 4191 sylv.
2642 4127 2765 4181 Bon.
2787 4130 2818 4182 l.
2841 4142 2886 4182 c.
2914 4133 2964 4182 et
2993 4129 3041 4180 d.
3059 4130 3112 4183 3.

635 4209 701 4264 de
734 4209 1013 4264 Contract.
1041 4224 1088 4274 q.
1117 4213 1203 4262 ult.
1232 4223 1279 4275 p.
1309 4209 1357 4260 3.

726 4313 906 4385 828.
941 4317 1113 4383 Haec
1151 4315 1414 4380 materia
1464 4315 1613 4379 sunt
1659 4313 2118 4380 exortationum
2165 4318 2228 4381 et
2274 4318 2425 4383 bene
2473 4337 2651 4384 nosse
2698 4319 2924 4385 debent
2954 4319 3110 4388 Con·

637 4418 898 4492 fessarii,
934 4420 1008 4482 nt
1039 4418 1456 4500 poenitentem
1493 4414 1904 4499 coniugatum
1935 4418 2265 4484 instruant.

718 4519 754 4557 ²⁸
781 4517 1291 4600 Quandoquidem
1330 4538 1403 4583 ex
1441 4517 1790 4601 praecipuis
1824 4518 2042 4585 officiis
2079 4522 2407 4604 parentum
2438 4542 2588 4608 erga
2617 4522 2779 4589 filios
2812 4527 2908 4590 est
2937 4527 3109 4591 recta
