3497 5147
765 309 873 362 404
1086 321 1299 360 aanor.
1331 322 1409 362 vr.
1437 320 1599 362 sno'r.
1620 321 1686 362 11.
1713 321 1800 360 ma
1825 319 2104 362 SECUNDO
2131 319 2346 361 Pssfflc.
2374 317 2693 359 vacuom.
2719 315 2846 356 car.
2865 317 2902 356 1.
3029 302 3157 373 [527]

765 419 1062 484 decentia.
1103 417 1376 482 Docendi
1422 420 1601 482 sunt:
1650 419 1800 500 quia
1838 420 1935 481 est
1982 416 2360 502 ignorantia,
2397 434 2555 498 quae
2617 413 2738 478 illis
2790 412 2972 477 nocet.
3016 410 3160 474 Idem

764 522 953 587 dicito
978 522 1052 585 de
1083 521 1630 604 imprecationibus
1660 523 1878 585 contra
1909 520 2162 592 bestias,
2198 538 2295 584 res
2325 517 2708 583 insensibiles
2740 516 2856 579 etc.

852 623 1071 703 Quoad
1093 623 1565 706 imprecationes
1590 624 1781 686 etiam
1806 623 1869 685 in
1899 626 2252 686 creaturam
2281 621 2672 696 rationalem,
2701 618 2938 684 adverte
2966 619 3169 680 senten-

765 727 922 790 tiam
953 745 1003 789 a.
1040 726 1315 790 Thomae
1349 727 1408 788 2.
1439 727 1498 788 2.
1539 746 1597 807 q.
1637 726 1739 788 76.
1776 727 1892 789 art.
1925 727 2022 788 3.:
2065 751 2100 782 «
2132 723 2457 808 Contingit
2487 725 2696 787 tamen
2733 721 2975 785 verbum
3012 717 3170 782 male-

763 827 1051 893 dictionis
1098 826 1413 910 prolatum
1460 846 1590 890 esse
1620 829 1944 909 peccatum
1978 827 2214 892 veniale
2246 827 2345 891 vel
2377 828 2630 909 propter
2662 823 3018 909 parvitatem
3043 821 3171 886 mali

763 933 929 1016 quod
976 932 1114 1014 quis
1153 932 1333 995 alteri
1363 931 1782 996 maledicendo
1829 932 2224 1015 imprecatur,
2259 931 2359 995 vel
2395 931 2587 995 etiam
2631 929 2877 1012 propter
2921 925 3171 990 affectum

764 1036 917 1111 eiuS,
951 1034 1059 1115 qui
1091 1033 1324 1116 profert
1369 1033 1820 1097 maledictionis
1866 1035 2072 1110 verba,
2122 1035 2271 1098 dum
2316 1053 2388 1097 ex
2434 1032 2556 1097 levi
2598 1037 2768 1096 motu
2811 1031 2904 1095 vel
2946 1050 3013 1092 ex
3053 1027 3173 1089 lado

767 1136 863 1201 vel
909 1155 981 1199 ex
1026 1134 1417 1213 subreptione
1461 1134 1680 1216 aliq-ua
1724 1136 1879 1200 talia
1911 1137 2096 1201 verba
2128 1136 2388 1219 profert3
2436 1136 2585 1218 quia
2616 1135 2864 1218 peccata
2891 1131 3174 1196 verborum

762 1237 1028 1302 maxime
1060 1256 1131 1300 ex
1169 1237 1391 1300 affectu
1422 1239 1781 1319 pensantur,
1822 1240 1897 1302 ut
1927 1257 2115 1320 supra
2145 1238 2385 1303 dictum
2422 1245 2519 1302 est
2555 1263 2618 1301 ».

1479 1391 1579 1455 De
1602 1393 2030 1457 maledictione
2062 1395 2131 1457 in
2162 1400 2503 1458 creaturae.

852 1548 1026 1622 527.
1062 1551 1123 1615 S.
1156 1552 1375 1616 Thom.
1413 1553 1472 1615 2.
1510 1554 1570 1615 2.
1603 1572 1661 1634 q.
1700 1552 1802 1615 76.
1840 1553 1956 1615 art.
1993 1553 2086 1616 3.:
2134 1576 2170 1610 «
2202 1552 2587 1629 Maledictio,
2634 1551 2709 1616 de
2759 1570 2880 1633 qua
2924 1570 3067 1614 nunc
3106 1548 3176 1611 lo-

763 1655 1031 1737 quimur,
1095 1657 1209 1731 est,
1265 1673 1372 1737 per
1418 1673 1607 1736 quam
1651 1653 2096 1736 pronuntiatur
2154 1655 2393 1718 malum
2431 1654 2648 1718 contra
2698 1653 2980 1734 aliquem,
3023 1651 3176 1732 impe-

760 1757 954 1822 rando
1001 1757 1099 1821 vel
1138 1755 1406 1839 optando
1438 1780 1499 1819 ».
1538 1755 1707 1820 Haec
1737 1755 1938 1819 fusius
1960 1755 2107 1819 ibid.
2143 1775 2198 1819 a.
2241 1758 2295 1821 l.
2329 1756 2697 1820 Maledicere
2743 1755 3028 1820 creaturis
3049 1755 3178 1817 esset

761 1859 1163 1942 blasphemia,
1199 1859 1252 1922 si
1290 1858 1606 1942 intelligas
1631 1877 1773 1922 cum
1798 1857 2096 1922 relatione
2129 1857 2205 1922 ad
2244 1859 2465 1935 Deum,
2501 1858 2634 1922 scil.
2670 1858 2860 1941 prout
2894 1858 3032 1920 sunt
3051 1872 3177 1937 opus

763 1963 880 2026 Dei
926 1963 1022 2026 vel
1067 1964 1256 2045 prout
1300 1961 1750 2036 immittuntur,
1784 1980 1843 2024 v.
1878 1981 1970 2045 gr.
2006 1961 2192 2039 venti,
2243 1961 2510 2043 pluviae,
2560 1979 2598 2024 a
2645 1961 2799 2024 Deo.
2849 1957 2960 2023 Sed
3003 1958 3092 2020 vix
3127 1955 3176 2018 id

761 2063 897 2127 fieri
929 2064 1106 2127 solet.
1141 2062 1202 2127 S.
1235 2063 1419 2145 Alph.
1459 2084 1518 2126 n.
1559 2064 1704 2126 129.
1742 2063 1843 2126 Ita
1880 2082 1929 2126 s,
1956 2063 2176 2127 Thom.
2212 2064 2272 2125 2.
2309 2064 2369 2125 2.
2405 2081 2462 2143 q.
2503 2062 2605 2126 76.
2654 2064 2778 2125 art.
2815 2063 2909 2125 2.;
2950 2086 2983 2117 ‹<
3025 2058 3178 2122 Malo-

763 2166 961 2230 dicere
1000 2166 1180 2229 rebus
1225 2166 1711 2241 irrationalibus,
1746 2166 2119 2247 inquantum
2164 2167 2311 2229 sunt
2357 2166 2675 2230 creaturae
2718 2165 2853 2242 Dei,
2881 2166 2970 2228 est
3011 2181 3178 2244 pecca

758 2269 899 2332 tum
945 2267 1389 2351 blasphemiae:
1430 2266 1795 2331 maledicere
1827 2268 2037 2331 autem
2070 2268 2157 2331 eis
2191 2266 2524 2331 secundum
2558 2286 2622 2330 se
2653 2266 3065 2342 consideratis,
3105 2267 3180 2327 est

760 2369 1037 2435 otiosum
1069 2371 1133 2435 et
1170 2389 1400 2434 vanum
1438 2373 1500 2434 et
1532 2390 1640 2452 per
1669 2389 2045 2451 consequens
2075 2370 2368 2435 illicitum
2399 2395 2460 2433 ».

848 2474 983 2536 Imo
1008 2473 1175 2536 licite
1206 2472 1660 2537 maledicuntur
1689 2474 2030 2549 creaturae,
2057 2475 2363 2554 quatenus
2387 2471 2860 2538 considerantur
2881 2475 2953 2537 ut
2982 2470 3178 2536 occasio

760 2577 997 2660 peccati
1045 2576 1142 2640 vel
1172 2576 1382 2660 gravis
1436 2575 1850 2650 calamitatis3
1894 2576 2042 2657 quia
2102 2576 2558 2641 maledicuntur
2602 2578 2860 2641 tantum
2904 2595 3020 2659 qua
3062 2571 3180 2637 talis

767 2680 1006 2744 occasio
1041 2679 1365 2742 exsistunt.
1415 2678 1664 2742 Lessius
1698 2677 1862 2759 apud
1894 2678 2162 2743 Escobar
2191 2679 2298 2743 lib.
2335 2680 2439 2742 28.
2489 2699 2548 2742 n.
2593 2678 2745 2743 747.

847 2781 1213 2845 Maledicere
1252 2799 1396 2845 vero
1428 2781 1731 2844 creaturis
1778 2780 1855 2843 ob
1902 2781 2100 2845 levem
2144 2781 2518 2860 molestiam,
2568 2800 2626 2844 V.
2675 2801 2773 2864 gr.
2826 2777 3178 2851 animalibus

755 2884 976 2960 ventis,
1024 2884 1395 2968 regulariter
1440 2885 1534 2948 est
1580 2884 1763 2966 culpa
1807 2883 1961 2948 levis
2007 2903 2116 2947 nec
2164 2883 2341 2947 adest
2370 2884 2574 2966 reipsa
2610 2885 2882 2961 animuS,
2930 2886 3002 2948 ut
3028 2882 3181 2946 male-

756 2986 943 3050 dictio
991 2986 1320 3049 mandetur
1364 2986 1774 3063 exsecutioni3
1823 2985 1928 3050 sed
1974 2988 2069 3050 est
2119 2987 2295 3050 actus
2350 2985 2803 3069 impatientiae.
2854 2987 3017 3051 LesS.
3059 2981 3178 3048 ibid.

754 3090 881 3153 Nec
926 3093 1088 3153 esset
1133 3107 1341 3172 grave,
1398 3088 1451 3151 si
1496 3109 1569 3152 ex
1626 3090 1832 3153 animo
1881 3089 2119 3153 malum
2165 3090 2535 3173 imprecarer
2572 3110 2630 3153 v.
2665 3110 2761 3173 gr.
2798 3091 3056 3155 muscis:
3097 3083 3176 3149 sed

756 3211 985 3256 vanum
1031 3192 1094 3255 et
1141 3191 1432 3267 otiosum,
1473 3193 1547 3255 ut
1570 3192 1661 3255 ait
1694 3213 1741 3257 S.
1779 3193 2001 3257 Thom.
2035 3193 2076 3256 l.
2105 3212 2154 3258 c.
2184 3213 2239 3257 a.
2282 3196 2342 3257 2.
2377 3193 2750 3258 Maledicere
2800 3213 2979 3272 anno,
3005 3193 3178 3263 horae,

753 3292 873 3355 diei
910 3311 1031 3356 non
1056 3294 1149 3356 est
1174 3292 1575 3375 blasphemia,
1611 3295 1750 3372 nisi,
1787 3295 1876 3358 ait
1924 3314 1971 3358 s.
2006 3294 2190 3378 Alph.
2224 3316 2285 3358 n.
2326 3297 2494 3371 129„
2529 3295 2658 3359 dies
2690 3298 2912 3360 sancta
2942 3292 3182 3376 blasphe-

752 3395 975 3458 metur.
1011 3391 1127 3457 Sed
1159 3394 1273 3458 hae
1310 3394 1653 3459 locutiones
1686 3397 1887 3478 reipsa
1920 3396 2324 3461 accensendae
2355 3398 2504 3461 sunt
2534 3397 2757 3475 verbis,
2794 3415 3054 3480 quorum
3081 3410 3183 3458 ma·

750 3496 891 3560 litia
927 3516 1036 3561 nec
1083 3497 1398 3580 cogitatur
1444 3516 1553 3560 nec
1598 3497 1960 3562 intenditur.
2001 3497 2161 3563 Sunt
2205 3517 2376 3563 mera
2423 3499 2730 3581 expressio
2777 3500 2910 3564 irae
2942 3501 3000 3563 et
3026 3498 3183 3578 impa-

751 3600 1033 3664 tientiae.

840 3701 1002 3764 Fuse
1051 3721 1099 3764 s,
1138 3701 1321 3783 Alph.
1356 3700 1502 3764 ibid.
1540 3701 1611 3764 de
1649 3701 1961 3765 locutione
2001 3727 2034 3760 «
2067 3703 2408 3783 manaqyia
2438 3702 2629 3784 (male
2676 3702 2936 3785 habeat)
2972 3703 3111 3763 tutto
3138 3696 3184 3757 lo

752 3801 972 3864 mondo
998 3828 1031 3859 »
1064 3805 1126 3865 et
1156 3803 1294 3866 vult
1327 3822 1456 3867 esse
1488 3804 1957 3887 blasphemiam.

841 3900 958 3966 Sed
989 3903 1143 3967 ferre
1174 3922 1297 3967 non
1321 3906 1637 3989 cogitatur
1661 3906 1809 3969 talis
1841 3925 2056 3972 sensus
2087 3910 2151 3971 et
2182 3908 2342 3971 solet
2366 3908 2575 3990 potius
2608 3927 2739 3973 esse
2774 3907 3071 3991 expressio
3105 3920 3186 3966 su-

750 4004 996 4089 perbiae
1020 4006 1082 4069 et
1113 4007 1506 4089 contemptus
1539 4009 1836 4073 omnium.
1870 4008 2149 4092 Adoptat
2171 4009 2329 4074 illud
2360 4013 2423 4074 et
2455 4008 2630 4094 Gury
2663 4012 2816 4074 tom.
2857 4011 2913 4072 1.
2953 4010 3008 4091 ξ.
3036 4008 3184 4075 305.;

748 4108 917 4190 quia,
951 4108 1175 4191 inquit,
1211 4110 1384 4173 totus
1421 4110 1689 4174 mundus
1736 4110 2172 4193 complectitur
2201 4115 2517 4177 creaturas
2551 4113 2938 4196 praecipuas,
2972 4110 3033 4174 in
3075 4104 3185 4189 qui·

751 4209 866 4273 bus
896 4211 1098 4295 magis
1139 4210 1382 4274 elucent
1429 4211 1734 4275 attributa
1784 4213 1916 4276 Dei.
1950 4213 2038 4277 At
2074 4214 2237 4278 enim
2282 4214 2561 4297 nunquid
2593 4214 2655 4278 id
2693 4214 2952 4300 cogitat,
2987 4210 3086 4293 qui
3126 4224 3184 4269 ea

754 4312 937 4375 verba
987 4313 1257 4395 profert?
1282 4314 1527 4378 Revoca
1560 4314 1724 4394 quod
1772 4314 1985 4378 dicunt
2018 4317 2151 4379 DD.
2188 4317 2260 4380 de
2291 4317 2660 4395 iuramento,
2696 4306 2825 4382 scil.
2879 4316 3073 4379 iurare
3097 4325 3185 4392 per

752 4417 1066 4478 creaturas
1116 4417 1431 4499 proprium
1481 4436 1610 4479 esse
1658 4418 1908 4481 tantum
1941 4418 2192 4501 perfecti
2230 4419 2380 4496 viri3
2423 4421 2568 4501 quia
2616 4419 2885 4484 difficilis
2924 4418 3016 4481 ost
3043 4430 3186 4477 reve·

752 4516 951 4579 rentia
999 4516 1225 4593 debita,
1261 4538 1402 4581 cum
1434 4538 1649 4599 nempe
1682 4518 1930 4583 difficile
1962 4521 2046 4585 sit
2095 4516 2283 4606 vulgo
2323 4542 2469 4606 prae
2504 4524 2703 4587 oculis
2750 4522 2972 4586 habere
3014 4518 3183 4581 istam
