3497 5147
681 335 789 389 592
999 350 1210 391 macr.
1234 351 1314 391 vi.
1342 350 1502 391 31101.
1527 351 1615 391 111.
1637 352 1722 391 mr
1751 351 1972 392 ‘mano
1998 352 2215 393 muno.
2242 351 2570 394 vincamur.
2591 352 2733 395 nun.
2757 355 2811 395 v.
2998 341 3140 410 [802]
3247 377 3276 393 -

677 447 896 510 dienda
944 447 1137 511 Missa
1184 447 1441 529 quaevis
1500 467 1687 511 causa
1734 448 2126 511 mediocriter
2180 449 2411 532 gravis,
2459 467 2617 530 quae
2679 450 2810 514 scil.
2860 450 3142 517 involvat

677 547 950 611 notabile
998 548 1248 630 aliquod
1280 550 1745 614 incommodum
1795 553 1906 614 aut
1955 549 2252 614 damnum
2281 551 2346 614 in
2385 551 2562 616 bonis
2594 552 2838 616 animae
2869 554 2966 617 vel
3015 572 3142 618 001·-

676 650 840 734 poris
866 651 1100 734 proprii
1122 652 1219 716 vel
1246 652 1506 735 proximi
1534 677 1595 714 ».
1623 651 1824 732 Quam
1857 672 2139 717 normam
2164 654 2316 718 dicit
2338 673 2747 718 communem.
2775 654 2892 720 Sed
2917 657 3140 722 melius

675 753 1062 838 intelligetur
1093 773 1164 817 ex
1196 755 1726 819 Resolutionibus.

1653 929 1831 996 Unde
1879 930 2164 996 resolves.

783 1073 1045 1126 XXXVll.
1080 1074 1124 1124 1.
1164 1076 1490 1134 Excusantur,
1528 1072 1612 1138 qui
1653 1080 1767 1125 sunt
1803 1072 1852 1125 in
1892 1072 2200 1136 navigatione
2240 1075 2319 1126 vel
2358 1088 2563 1127 carcere.
2605 1077 2721 1128 item
2759 1074 2807 1127 in
2845 1079 3020 1128 morbo
3059 1077 3137 1129 vel

671 1157 1083 1221 convalescentia,
1123 1158 1171 1210 in
1210 1173 1302 1223 qua
1343 1158 1475 1211 obsit
1513 1156 1713 1224 prodire
1753 1160 1903 1210 toras.
1933 1160 2049 1211 neni
2089 1156 2174 1222 qui
2199 1163 2312 1211 sunt
2337 1157 2387 1211 iu
2413 1158 2931 1222 excommunicatione,
2966 1162 3044 1214 vel
3069 1159 3140 1212 in·

674 1241 909 1296 tei-dicto:
950 1244 1011 1297 de
1047 1258 1147 1307 quo
1186 1258 1276 1297 suo
1307 1246 1434 1296 loco.

758 1354 937 1427 8⁰2.
966 1358 1183 1438 Quoad
1216 1360 1497 1424 detentos
1527 1360 1590 1423 in
1624 1379 1865 1423 carcere
1896 1359 1994 1422 vel
2028 1360 2416 1443 navigantes,
2444 1360 2712 1424 habetur
2740 1361 3131 1443 impotentia.

671 1460 789 1524 Ubi
823 1463 1031 1525 tamen
1065 1462 1127 1525 in
1160 1462 1505 1527 carceribus
1529 1481 1639 1544 pro
1665 1461 1933 1525 detentis
1959 1460 2154 1525 Missa
2178 1461 2544 1537 celebratur,
2570 1461 2866 1526 interesse
2890 1462 3129 1527 debent.

666 1561 842 1641 Quod
874 1562 1036 1627 idem
1076 1563 1264 1628 dicito
1298 1564 1371 1627 de
1407 1564 1670 1627 infirmis
1704 1565 1766 1626 in
1804 1564 2180 1636 nosocomio,
2214 1563 2278 1627 in
2314 1582 2438 1645 quo
2470 1563 2666 1628 Missa
2697 1563 3063 1629 celebratur.

754 1665 932 1745 Quod
964 1671 1205 1750 spectat
1250 1686 1394 1732 vero
1444 1667 1519 1731 ad
1567 1667 1847 1730 infirmos
1895 1666 1990 1730 vel
2037 1665 2551 1744 convalescentes,
2591 1665 2652 1730 id
2700 1667 2865 1748 quod
2907 1668 3000 1730 ait
3030 1668 3129 1742 A..

673 1794 706 1826 «
738 1770 802 1832 in
828 1789 951 1851 qua
983 1771 1531 1852 (convalescentia)
1566 1770 1732 1834 obsit
1764 1770 2008 1853 prodire
2030 1768 2198 1833 foras
2222 1795 2283 1846 1»,
2313 1790 2359 1832 S.
2379 1769 2572 1851 'Alph.
2599 1790 2658 1834 n.
2688 1770 2838 1834 325.
2865 1771 3135 1853 explicat

664 1873 911 1953 quando
958 1873 1289 1955 prudenter
1336 1874 1560 1937 timent
1606 1892 1727 1937 non
1770 1872 1903 1936 leve
1936 1871 2232 1935 damnum
2265 1872 2362 1936 vel
2400 1890 2642 1936 moram
2679 1872 3020 1937 notabilem
3053 1874 3131 1937 ad

663 1975 1211 2040 convalescendum
1244 2002 1279 2035 »
1319 1977 1501 2058 idque
1526 1975 1705 2057 quasi
1743 1994 1816 2038 ex
1840 1975 2155 2038 communi
2180 1975 2488 2038 sententia
2513 1976 2647 2038 DD.
2676 1974 2848 2038 Haec
2880 1976 3131 2057 quidem

665 2076 882 2160 regula
912 2077 1185 2141 nondum
1218 2081 1312 2142 est
1344 2078 1497 2141 satis
1537 2077 1732 2150 clara;
1785 2077 1932 2157 quia
1979 2094 2100 2140 non
2133 2075 2443 2152 definitur,
2479 2075 2792 2157 quodnam
2824 2077 2912 2139 sit
2941 2097 3132 2157 ⁸cyr-mue

662 2178 960 2242 damnum
992 2180 1088 2242 vel
1122 2180 1420 2243 notabilis
1455 2198 1661 2243 mora:
1695 2198 1914 2242 verum
1947 2179 2097 2242 haec
2133 2180 2283 2241 sunt
2319 2197 2390 2242 ex
2429 2179 2525 2252 iis,
2560 2197 2720 2259 quae
2751 2180 3127 2260 prudentum

662 2281 919 2346 arbitrio
968 2282 1309 2347 definienda
1357 2283 1810 2363 relinquuntur.
1861 2281 2161 2360 Quocirca
2209 2281 2420 2344 subdit
2466 2281 2630 2344 idem
2675 2299 2724 2346 3.
2775 2282 3009 2346 Doctor
3053 2283 3130 2347 de

660 2402 808 2447 casu
840 2383 1057 2449 dubio:
1106 2411 1138 2441 «
1173 2384 1476 2449 Standum
1525 2387 1620 2448 est
1651 2385 1913 2466 (inquit)
1945 2384 2202 2448 consilio
2250 2383 2470 2448 medici
2504 2387 2617 2447 aut
2647 2385 2984 2466 superioris
3015 2389 3131 2449 aut

660 2487 911 2568 parochi
939 2488 1035 2551 vel
1076 2487 1332 2551 alterius
1371 2488 1488 2550 viri
1528 2486 1847 2569 prudentis
1887 2488 1950 2550 et
1989 2487 2179 2550 etiam
2214 2505 2326 2550 suo
2359 2484 2586 2551 iudicio
2635 2487 2842 2568 potest
2891 2487 3126 2569 acquie-

660 2608 824 2653 scere
864 2590 1167 2662 infirmus,
1202 2591 1255 2654 si
1288 2590 1620 2672 prudenter
1650 2590 1742 2653 ita
1775 2589 2006 2654 iudicet
2038 2614 2099 2652 ».

748 2692 957 2768 Addit,
992 2692 1156 2774 quod
1205 2692 1259 2755 si
1297 2694 1439 2775 post
1484 2692 1754 2774 petitum
1801 2691 2126 2756 consilium
2174 2691 2315 2772 quis
2360 2692 2613 2755 maneat
2643 2691 2845 2756 adhuc
2876 2692 3122 2768 dubim,

656 2793 1055 2859 iudicandum
1101 2813 1251 2871 esse,
1302 2797 1564 2858 matrem
1615 2794 1954 2859 Ecclesiam
1991 2794 2055 2858 in
2087 2794 2204 2857 tali
2235 2812 2384 2857 casu
2416 2811 2538 2857 11011
2578 2793 2875 2878 obligare.
2911 2795 2993 2858 Et
3029 2815 3125 2861 ac-

656 2895 818 2959 cedit
848 2897 1031 2973 ratio,
1066 2897 1215 2978 quia
1253 2896 1428 2961 adest
1465 2897 1689 2961 saltem
1712 2896 2065 2975 periculum
2101 2895 2312 2979 gravis
2350 2896 2747 2960 incommodi.

746 2999 937 3063 Porro
971 3000 1047 3064 ad
1086 3018 1276 3084 grave
1322 2999 1784 3064 incommodum
1819 2999 1954 3063 DD.
1991 2998 2184 3079 (apud
2222 3017 2270 3062 s.
2306 2998 2489 3081 Alph.
2526 2997 2569 3061 1.
2604 3001 2685 3082 0.)
2717 3004 3030 3077 revocant,
3068 3004 3121 3066 si

654 3101 793 3182 quis
841 3102 1065 3167 timeat
1110 3102 1382 3166 exeundo
1422 3102 1696 3167 notabile
1734 3120 2071 3185 gravamen
2110 3101 2352 3184 capitis,
2387 3100 2616 3165 virium
2664 3102 3116 3182 lassitudinem,

653 3202 1027 3266 cruditatem
1060 3206 1175 3267 etc.

743 3303 1003 3389 Struggl
1036 3306 1112 3370 tr.
1143 3308 1203 3369 8.
1230 3326 1287 3388 q.
1316 3308 1371 3369 1.
1402 3308 1519 3369 art.
1547 3307 1608 3368 4.
1636 3326 1695 3369 n.
1724 3306 1831 3369 41.
1870 3305 2044 3370 addit
2080 3324 2192 3369 0011
2228 3306 2532 3390 regulam,
2567 3308 2846 3371 excusari
2880 3326 3115 3386 01111103,

659 3428 692 3461 «
734 3405 960 3487 quibus
1006 3408 1258 3489 propter
1303 3407 1691 3471 debilitatem
1746 3408 2020 3490 corporis
2079 3411 2192 3471 aut
2252 3407 2685 3471 infirmitatem
2733 3428 2764 3473 e
2810 3410 2972 3475 lecto
3019 3412 3119 3476 vel

652 3509 906 3574 aedibus
944 3511 1019 3574 ad
1070 3529 1255 3593 opera
1303 3512 1579 3592 aequalis
1626 3512 1859 3576 laboris
1906 3531 2028 3577 non
2077 3511 2221 3576 licet
2269 3511 2475 3595 egredi
2513 3511 2644 3575 sine
2674 3511 2990 3595 dispendio
3021 3532 3117 3577 sa-

650 3613 870 3676 nitatis
917 3613 1011 3677 vel
1063 3614 1383 3696 augmenti
1432 3613 1663 3678 doloris
1697 3640 1758 3677 ».

739 3711 919 3784 803.
955 3715 1112 3778 Addi
1161 3718 1368 3798 potest
1413 3717 1697 3801 generale
1747 3716 1918 3780 aliud
1965 3714 2356 3798 principium,
2390 3718 2542 3782 tunc
2579 3718 2857 3782 excusari
2894 3718 2973 3781 ab
3013 3738 3120 3783 au-

649 3817 870 3880 dienda
894 3818 1089 3882 Missa
1113 3819 1488 3903 quempiam,
1525 3820 1771 3901 quando
1798 3819 1925 3882 tale
1958 3819 2140 3881 timet
2165 3818 2645 3896 incommodum,
2673 3822 2926 3905 propter
2949 3824 3138 3904 quod-

648 3918 967 3983 omitteret
1003 3919 1101 3983 vel
1135 3921 1343 3985 omitti
1383 3922 1715 4003 prudenter
1755 3921 1958 3983 solent
1990 3919 2112 3981 alia
2145 3920 2400 4003 negotia
2440 3922 2703 3986 alicuius
2736 3924 3057 3988 momenti.

738 4022 959 4104 Itaque
1006 4023 1114 4106 qui
1159 4023 1402 4088 ratione
1448 4022 1823 4087 valetudinis
1857 4020 2189 4104 prudenter
2223 4022 2466 4087 omittit
2497 4043 2554 4087 v.
2590 4043 2684 4108 gr.
2720 4024 3134 4091 visitationes·

646 4126 1008 4199 amicorum,
1044 4125 1481 4189 cursitationes
1514 4125 1589 4187 ad
1622 4123 1930 4205 quaedam
1962 4124 2238 4202 emenda,
2266 4125 2341 4189 ad
2371 4126 2677 4207 quaedam
2702 4127 2957 4212 negotia
2990 4131 3116 4193 tra-

644 4229 867 4293 ctanda
904 4232 1040 4304 etc.‚
1076 4227 1305 4292 censeri
1345 4227 1553 4309 potest
1590 4226 1921 4290 excusatus
1969 4227 2047 4290 ab
2094 4228 2348 4293 ecclesia
2381 4228 2680 4293 adeunda.
2715 4229 2927 4307 Ratio,
2963 4231 3112 4313 quia

645 4349 768 4394 non
801 4333 1084 4393 censetur
1114 4328 1385 4393 Ecclesia
1418 4327 1682 4410 speciale
1712 4327 2172 4396 incommodum
2198 4331 2470 4396 voluisse
2495 4349 2609 4395 suo
2642 4332 2761 4397 hoc
2781 4335 3109 4415 praecepto

644 4447 977 4511 lmponere.

735 4529 1024 4595 Ceterum
1056 4532 1267 4615 praxis
1294 4532 1733 4598 timoratorum
1761 4534 1875 4599 hac
1905 4536 1968 4599 in
2006 4556 2072 4601 re
2103 4536 2426 4618 quibusvis
2460 4536 2602 4600 aliis
2631 4536 2866 4621 regulis
2896 4536 3106 4601 lumen

646 4631 858 4694 afferet
888 4635 952 4695 et
981 4632 1044 4695 in
1078 4632 1283 4696 dubiis
1320 4632 1645 4719 benignius
1684 4638 2013 4722 agendum.
