3497 5147
749 342 859 397 304
943 356 1156 396 Timor.
1183 355 1263 395 vr.
1292 352 1456 394 emor.
1484 354 1525 393 1.
1552 353 1637 392 Da
1662 352 1856 393 muno
1880 352 2095 392 PRAnc.
2122 320 2454 392 Dn‘canoffl.
2483 352 2615 393 cap,
2644 354 2708 392 11.
2735 352 2876 394 nun.
2903 354 2967 394 11.
3065 338 3207 414 [411]

838 453 1063 535 Reipsa
1102 452 1278 514 affert
1316 471 1386 514 ex
1418 448 1689 514 Coninch
1724 451 1883 513 hanc
1914 450 2255 514 rationem:
2304 475 2337 506 «
2370 448 2530 529 Quia
2569 469 2710 514 cum
2755 451 3032 514 humana
3063 453 3206 516 effu-

743 556 912 618 sione
961 554 1210 617 seminis
1258 551 1455 634 pollui
1500 554 1823 615 censeatur
1868 552 2156 626 ecclesia3
2207 552 2354 632 quia
2402 552 2866 617 irreverentiam
2913 553 3101 618 infert
3146 557 3209 620 et

741 657 1084 722 reverentia
1131 657 1433 720 consistat
1488 656 1548 718 in
1597 655 1920 718 hominum
1983 655 2434 732 aestimatione,
2484 656 2647 720 sicut
2691 657 2756 720 et
2798 656 2969 721 fama
3015 659 3207 723 1101111-

740 783 925 826 num:
966 762 1378 825 necessarium
1403 763 1516 837 est,
1544 761 1616 824 ut
1647 760 1893 825 notoria
1926 760 2008 823 sit
2041 761 2190 824 haec
2222 762 2400 842 quasi
2434 762 2723 826 ecclesiae
2761 762 3108 826 diffamatio
3142 789 3201 826 ι».

830 865 1015 928 Hisce
1049 863 1310 928 Pontius
1357 863 1479 927 duo
1526 862 1874 936 confundit:
1909 882 2055 926 nam
2088 863 2257 927 aliud
2291 865 2385 927 est
2425 865 2742 928 consulere
2772 862 2998 938 famae,
3034 865 3203 929 aliud
3239 871 3252 889 ⁴

741 969 987 1032 estnon
1035 966 1274 1030 laedere
1321 966 1617 1029 honorem
1664 965 1961 1040 debitum,
1996 985 2103 1047 per
2149 966 2630 1029 irreverentiam.
2672 963 2739 1030 Si
2768 966 2926 1031 istos
2959 967 3199 1044 audiaS,

739 1071 894 1134 nihil
940 1070 1133 1133 laedis
1189 1068 1456 1131 hominis
1504 1068 1800 1131 honorem
1848 1068 1946 1131 cui
1996 1068 2243 1149 ala-pam
2289 1067 2600 1151 impingas
2636 1068 2880 1132 nemine
2917 1068 3199 1145 vidente;

738 1173 886 1254 quia
935 1173 987 1236 si
1033 1173 1244 1235 manet
1276 1171 1589 1234 occultum
1621 1169 1877 1244 factum,
1920 1169 2052 1233 91113
2091 1168 2256 1233 fama
2287 1188 2410 1233 non
2448 1169 2735 1233 laeditur.
2770 1171 2965 1251 Atqui
3003 1172 3203 1236 honor

738 1276 803 1339 et
846 1275 1187 1339 reverentia
1235 1274 1415 1337 rebus
1463 1273 1577 1336 Dei
1625 1273 1902 1348 debetur,
1938 1291 2059 1336 non
2093 1272 2297 1336 solum
2343 1292 2419 1336 119
2457 1272 2778 1337 minuatur
2815 1273 3200 1340 existimatio

734 1397 948 1442 earum
982 1378 1143 1460 apud
1177 1378 1353 1450 alios,
1389 1376 1493 1439 sed
1529 1376 1588 1439 in
1621 1395 1712 1446 se:
1757 1376 1881 1438 imo
1920 1377 2065 1456 quia
2099 1376 2439 1440 reverentia
2478 1376 2628 1458 ipsis
2675 1376 2738 1439 in
2787 1395 2851 1439 se
2899 1380 3199 1458 spectatis

733 1479 1007 1556 debetur,
1036 1480 1259 1543 idcirc-o
1284 1478 1499 1542 illicite
1532 1477 1883 1540 detrahitur
1913 1495 2126 1540 earum
2158 1478 2602 1541 existimationi
2635 1477 2798 1560 apud
2824 1478 3001 1543 alios.
3033 1479 3197 1564 Ergo

732 1583 900 1646 aliud
934 1586 1028 1646 est
1060 1584 1379 1664 peccatum
1413 1579 1821 1644 inhonorandi
1858 1597 1954 1642 res
1988 1597 2194 1642 sacras
2227 1579 2291 1642 in
2331 1598 2413 1656 se,
2451 1579 2617 1643 aliud
2667 1579 2944 1644 minuere
2983 1583 3199 1646 existi-

731 1685 1068 1748 mationem
1103 1684 1267 1766 apud
1297 1683 1481 1758 alios3
1519 1683 1716 1764 prima
1756 1683 1849 1745 est
1881 1681 2071 1745 laesio
2105 1682 2356 1746 honoris
2388 1684 2450 1746 et
2484 1682 2884 1759 reverentiae,
2926 1684 3051 1748 alia
3101 1688 3196 1750 est

729 1787 918 1851 laesio
967 1787 1188 1860 famae,
1239 1787 1401 1849 sicut
1447 1785 1616 1848 aliud
1664 1787 1759 1848 est
1806 1784 1998 1847 solius
2045 1784 2384 1866 praesentis
2430 1785 2828 1863 contumelia,
2877 1786 3050 1850 aliud
3099 1792 3194 1852 est

726 1892 1027 1955 detractio
1078 1911 1287 1955 coram
1336 1892 1495 1955 aliis,

816 1994 980 2056 Dum
1028 1994 1226 2077 igitur
1272 1994 1551 2058 doctores
1600 1994 1909 2064 statuunt,
1960 1992 2278 2055 ecclesiam
2325 2009 2446 2055 non
2494 2010 2624 2056 esse
2670 1992 3191 2061 reconciliandam

726 2114 833 2159 seu
873 2095 1254 2177 expiandam,
1296 2096 1348 2159 si
1387 2095 1622 2159 factum
1654 2094 2018 2177 pollutionis
2058 2094 2141 2157 sit
2174 2094 2506 2170 occultum,
2547 2095 2886 2177 respiciunt
2917 2096 3187 2163 aliorum

723 2198 1279 2262 existimationem:
1314 2197 1417 2262 sed
1466 2217 1583 2262 non
1634 2197 1872 2261 addunt
1917 2196 2264 2260 illationem
2305 2215 2340 2259 a
2378 2196 2602 2260 Pontio
2636 2196 2986 2274 deductam,
3025 2201 3188 2265 nihil

723 2299 783 2362 in
832 2302 1239 2364 reverentiam
1285 2302 1420 2365 loco
1470 2300 1742 2363 debitam
1790 2302 2110 2382 peccatum
2159 2299 2348 2363 fuisse
2396 2300 2474 2362 ab
2518 2300 2949 2365 inhonorante.

811 2403 1034 2467 Subdit
1078 2404 1341 2468 Pontius
1388 2403 1430 2466 l.
1482 2422 1562 2466 c.:
1620 2426 1655 2460 «
1693 2401 1812 2481 Qui
1861 2403 2140 2465 sentiunt
2185 2420 2307 2465 non
2354 2420 2483 2466 esse
2531 2402 2926 2486 sacrilegium
2975 2406 3040 2469 in
3089 2408 3187 2472 his

718 2506 1004 2589 peccatis,
1034 2507 1150 2570 nisi
1191 2526 1261 2569 ex
1293 2504 1598 2568 Ecclesiae
1631 2505 2096 2581 constitutione,
2138 2523 2293 2586 quos
2331 2504 2518 2568 retuli
2565 2524 2752 2588 supra
2799 2506 2921 2570 isto
2956 2511 3183 2593 capite,

717 2609 964 2673 difficile
998 2609 1338 2681 defendent,
1382 2627 1485 2690 per
1518 2607 1926 2690 pollutionem
1961 2608 2267 2671 occultam
2306 2607 2626 2672 ecclesiam
2657 2610 2855 2690 pollui
2894 2615 3009 2676 aut
3059 2615 3188 2679 vio·

714 2712 833 2774 lari
868 2712 963 2774 vel
1002 2712 1225 2774 habere
1257 2710 1518 2792 speciem
1552 2710 1862 2793 sacrilegii
1895 2735 1956 2773 ».

803 2814 1019 2894 Inepta
1055 2813 1261 2877 omnia
1294 2813 1358 2875 et
1386 2812 1563 2876 falsa.
1591 2811 1754 2875 Nam
1792 2813 1858 2875 1⁰
1889 2812 2093 2876 solum
2129 2812 2570 2893 distorquendo
2600 2814 2665 2877 in
2700 2816 2894 2879 alium
2927 2835 3180 2884 sensum

710 2934 1049 2998 paucorum
1085 2916 1472 2997 quorundam
1507 2917 1642 2997 (qui
1676 2916 1952 2997 alioquin
1991 2915 2287 2979 contrarii
2334 2918 2481 2979 311111
2529 2917 2812 2982 absurdis
2858 2920 3028 2985 111399
3076 2923 3182 2988 do-

709 3018 952 3100 ctrinis)
999 3019 1203 3093 verba,
1240 3020 1352 3083 hos
1387 3021 1668 3083 auctores
1706 3040 1766 3082 n.
1810 3021 1869 3082 9.
1915 3016 2232 3101 confingit.
2274 3020 2342 3080 2⁰
2373 3017 2533 3097 Quia
2581 3020 2903 3085 confundit
2949 3023 3179 3089 habere

709 3121 970 3203 speciem
1010 3121 1316 3205 sacrilegii
1347 3141 1600 3201 gyravcm
1632 3121 1782 3184 adeo
1816 3124 1887 3183 ut
1919 3139 2161 3183 necesse
2193 3121 2276 3185 sit
2315 3141 2450 3185 eam
2483 3122 2545 3185 in
2577 3123 2957 3190 confessione
2980 3129 3178 3209 expri-

707 3243 872 3287 mere
919 3243 1060 3287 cum
1104 3223 1390 3305 yeneralz'
1433 3225 1628 3302 specie
1665 3223 1907 3300 peccate?
1936 3222 2274 3303 sacrileyii,
2314 3243 2472 3305 quae
2519 3227 2768 3289 tantum
2817 3246 3174 3311 aggravans

706 3326 1174 3390 circumstantia
1221 3330 1504 3391 censetur
1548 3327 1608 3389 in
1661 3326 1871 3389 ordine
1905 3326 1977 3388 ad
2011 3328 2454 3393 confessionem
2502 3328 2865 3394 faciendam.
2904 3333 2975 3393 3⁰
3008 3331 3170 3411 Quia

702 3426 997 3492 facillime
1043 3429 1407 3504 defenditur,
1458 3448 1578 3493 non
1628 3428 1824 3510 pollui
1864 3429 2181 3494 ecclesiam
2229 3450 2336 3512 per
2382 3431 2611 3495 crimen
2660 3432 2996 3509 occultum,
3025 3456 3167 3500 cum

702 3531 970 3615 pollutio
1004 3552 1112 3595 seu
1149 3533 1547 3596 interdictum
1596 3532 1942 3596 celebrandi
1974 3534 2270 3617 mysteria
2305 3534 2513 3597 divina
2551 3553 2660 3599 seu
2696 3537 3036 3602 necessitas
3083 3560 3172 3604 re-

699 3634 1149 3698 conciliationis
1197 3635 1403 3699 10911111
1452 3635 1677 3699 habeat
1728 3635 1805 3699 ob
1855 3636 2123 3699 aliorum
2177 3639 2543 3717 respectum,
2593 3638 2701 3718 qui
2746 3639 3165 3706 exhorrerent.

699 3737 769 3798 4⁰
801 3736 959 3813 Quia
992 3737 1154 3799 male
1187 3737 1498 3820 supponit,
1541 3739 1707 3821 leges
1740 3738 2047 3803 Ecclesiae
2071 3757 2194 3803 non
2226 3740 2523 3821 respicere
2548 3739 2665 3803 11131
2699 3739 2865 3804 facta
2891 3743 3161 3824 publica,

697 3838 875 3917 quasi
908 3856 1049 3900 vero
1084 3839 1352 3902 haeresis
1388 3842 1628 3904 occulta
1664 3824 1776 3904 aut
1808 3842 2066 3905 violatio
2102 3841 2314 3904 ieiunii
2364 3842 2606 3906 occulta
2637 3860 2760 3906 non
2794 3847 3005 3908 essent
3037 3867 3165 3930 pec-

692 3942 923 4002 catum.
953 3940 1022 3999 50
1054 3940 1331 4022 1)9111(1119
1356 3943 1501 4022 quia
1531 3943 1699 4005 aliud
1727 3946 1823 4006 est
1854 3945 2083 4008 crimen
2109 3944 2438 4027 sacrilegii,
2465 3944 2631 4026 quod
2663 3945 2727 4009 iu
2759 3946 3161 4014 irreverentia

691 4041 995 4115 consistit,
1048 4041 1215 4105 aliud
1262 4042 1527 4123 pollutio
1577 4063 1683 4106 seu
1730 4044 2091 4110 inhabilitas
2139 4046 2258 4111 loci
2305 4048 2382 4110 ad
2428 4048 2789 4113 celebranda
2836 4053 3157 4136 mysteria,

690 4164 879 4226 quam
926 4144 1166 4207 crimini
1216 4143 1462 4225 publico
1511 4145 1764 4208 ecclesia
1814 4147 2061 4213 inussit.

780 4247 1044 4309 Demum
1094 4246 1336 4309 falsitas
1384 4246 1565 4309 huius
1598 4247 1912 4313 doctrinae
1959 4252 2019 4315 in
2068 4270 2138 4316 eo
2185 4252 2451 4316 maxime
2498 4254 2772 4335 apparet,
2813 4256 2980 4335 quod
3029 4258 3156 4340 ipse

688 4348 950 4412 Pontius
975 4347 1202 4411 ibidem
1229 4346 1470 4412 subdit:
1502 4348 1674 4414 Unde
1701 4351 1755 4414 si
1779 4351 1899 4416 duo
1932 4353 2023 4417 vel
2050 4356 2172 4418 tres
2209 4358 2321 4418 aut
2347 4356 2528 4437 pauci
2553 4356 2833 4420 homines
2865 4383 2900 4413 «
2928 4359 3150 4422 scirent

690 4449 1098 4533 pollutionem
1122 4450 1185 4514 in
1209 4451 1343 4515 loco
1370 4471 1543 4515 sacro
1570 4453 1925 4531 admissam,
1946 4456 2146 4520 adhuc
2170 4476 2365 4538 neque
2389 4460 2596 4543 egeret
2626 4459 3146 4536 reconciliatione,

691 4572 886 4635 neque
924 4555 1085 4616 esset
1116 4554 1376 4636 speciale
1408 4558 1726 4636 peccatum
1761 4558 2068 4641 sacrilegii
2102 4586 2161 4621 ».
