3497 5147
698 343 807 397 860
879 356 1091 398 TRAOT.
1121 358 1199 399 vr.
1230 356 1397 398 anor.
1427 358 1465 398 1.
1493 357 1578 396 DE
1604 355 1797 396 ramo
1822 354 2040 396 Priamo.
2065 353 2394 396 macanom.
2420 352 2553 394 cAP.
2581 353 2648 392 11.
2675 352 2819 393 DUB.
2858 351 2950 392 111.
3020 334 3166 409 [473]

695 473 761 517 re
808 453 1157 536 temporali,
1208 453 1340 518 scil.
1376 473 1486 536 pro
1527 453 1840 517 ablatione
1888 452 2251 527 vexationis,
2286 470 2445 532 quae
2478 451 2642 514 certe
2674 450 2768 513 est
2805 467 2902 511 res
2936 449 3166 530 tempo-

695 555 866 618 ralis,
904 553 1207 619 Schmalz.
1236 556 1381 620 ibid.
1422 576 1482 619 u.
1524 556 1669 619 140.
1707 555 1878 618 Haec
1911 554 2361 619 animadversio
2389 556 2484 618 est
2517 553 2625 616 abs
2664 570 2759 627 reg
2787 551 2937 633 quia
2962 551 3016 615 si
3062 570 3165 614 ve-

693 657 865 722 xatio
898 659 993 721 est
1038 658 1291 737 iniusta,
1327 678 1442 742 ego
1482 658 1682 722 dando
1728 678 1860 721 rem
1891 657 2280 740 spiritualem
2314 675 2436 721 non
2466 656 2719 738 impono
2753 672 2980 718 novam
3019 654 3165 718 obli-

695 759 1034 843 gationem.
1069 759 1212 824 Vid.
1247 779 1381 843 sup.
1416 781 1475 824 n.
1503 760 1653 823 436.

876 862 949 923 4⁸
978 861 1038 925 N
1043 881 1119 926 on
1158 862 1340 927 debet
1388 882 1703 945 superesse
1736 862 1860 925 alia
1892 863 1992 925 via
2028 861 2104 925 ad
2136 862 2523 925 vexationem
2571 858 2934 932 tollendam,
2963 877 3021 921 V.
3061 877 3153 940 gr.

700 961 980 1027 adeundo
1013 963 1281 1027 iudicem
1328 964 1392 1028 et
1426 964 1525 1027 ius
1573 983 1760 1028 suum
1807 963 1909 1026 via
1955 963 2109 1026 iuris
2142 961 2536 1026 defendendo.
2570 960 2734 1023 Nam
2767 960 2820 1023 si
2869 961 3162 1042 suppetat

701 1064 825 1127 alia
860 1065 961 1128 via
986 1083 1049 1129 se
1080 1065 1381 1130 liberandi
1407 1086 1441 1129 a
1474 1085 1626 1130 vexa
1656 1066 1916 1148 pecunia
1949 1066 2137 1129 istam
2169 1064 2492 1141 redimenS,
2527 1063 2745 1126 illicite
2779 1063 3009 1146 ageret,
3044 1079 3161 1124 non

703 1166 953 1246 quidem
991 1167 1435 1232 committendo
1466 1169 1797 1232 simoniam
1829 1168 2005 1249 (quia
2038 1167 2238 1231 adhuc
2270 1166 2445 1230 daret
2484 1164 2827 1247 temporale
2866 1182 2977 1246 pro
3008 1165 3164 1226 tem·

705 1268 954 1353 porali),
1004 1270 1109 1334 sed
1156 1272 1372 1334 contra
1418 1271 1745 1334 caritatem
1779 1272 1841 1334 et
1887 1272 2136 1353 peccato
2185 1268 2488 1341 scandali3
2540 1268 2687 1349 quia
2735 1268 3164 1349 cooperaretur

705 1373 957 1453 peccato
992 1372 1267 1451 alterius,
1302 1374 1503 1438 dando
1528 1373 1871 1456 pecuniam,
1899 1392 2086 1454 quam
2121 1372 2279 1435 alter
2301 1391 2423 1435 non
2454 1372 2662 1454 potest
2683 1370 2853 1433 licite
2878 1369 3162 1451 accipere.

705 1471 1009 1537 Schmalz.
1028 1495 1087 1538 n.
1119 1475 1266 1539 140.
1283 1475 1587 1541 Adderem
1612 1477 1820 1539 tamen
1846 1475 2261 1538 conditionem
2288 1512 2372 1519 -—
2397 1474 2514 1537 nisi
2538 1473 2756 1557 gravia
2780 1470 3166 1535 incommoda

704 1577 1111 1658 exspectanda
1144 1578 1366 1655 forent,
1409 1579 1462 1642 si
1498 1579 1599 1642 via
1630 1577 1891 1642 iuridioa
1925 1579 2192 1642 ineatur.

887 1680 960 1742 5⁸
996 1681 1123 1757 133,
1158 1681 1319 1762 quod
1359 1681 1588 1746 iniuste
1612 1681 2038 1763 impugnatur,
2074 1679 2254 1743 debet
2285 1698 2415 1743 esse
2448 1679 2717 1762 plenum.
2757 1677 2923 1741 Hinc
2945 1677 3000 1740 si
3030 1678 3163 1758 quis

703 1779 767 1843 in
802 1781 1165 1846 beneficium
1197 1784 1449 1866 plenum
1479 1784 1577 1847 ius
1610 1782 1883 1846 nondum
1917 1782 2265 1863 acquisivit,
2286 1781 2491 1865 engr.
2517 1781 2569 1844 si
2595 1781 2843 1843 tantum
2876 1779 2974 1842 est
3004 1797 3166 1861 prae·

707 1885 1011 1960 33313133,
1046 1884 1319 1949 nondum
1353 1905 1497 1951 vero
1546 1884 1897 1960 institutus,
1937 1886 2049 1947 aut
2086 1884 2337 1960 electus,
2379 1883 2480 1946 sed
2530 1881 2805 1946 nondum
2852 1880 3167 1945 confirma·

706 1984 812 2047 tus
851 1986 967 2046 etc.
1001 1985 1064 2048 et
1094 1986 1156 2047 in
1188 1986 1305 2049 hoc
1338 2006 1449 2050 suo
1488 1987 1621 2051 iure
1657 1987 1889 2050 iniuste
1921 1987 2214 2063 vexatum
2251 1985 2586 2050 secundum
2619 1984 2828 2048 Innoc.
2863 1983 3165 2047 Abbatem

709 2086 773 2147 et
804 2085 980 2161 alios,
1021 2104 1145 2149 non
1193 2089 1401 2168 posset
1432 2088 1531 2151 hic
1561 2088 1858 2152 redimere
1895 2088 2304 2152 vexationem.
2340 2085 2456 2151 Sed
2493 2086 2716 2151 melius
2750 2085 2895 2149 huic
2925 2103 3165 2166 quoque

708 2186 1066 2250 conceditur
1096 2180 1435 2271 redemptio
1469 2189 1736 2254 iniustae
1769 2209 1975 2266 vexae,
2009 2192 2290 2272 respectu
2336 2189 2509 2266 iuris,
2545 2188 2709 2270 quod
2747 2189 2877 2251 iam
2902 2187 3165 2260 obtinet3

709 2288 857 2370 quia
907 2289 1003 2352 ius
1064 2290 1419 2356 huiusmodi
1466 2293 1784 2375 personale
1833 2312 2023 2374 aeque
2070 2293 2310 2355 certum
2357 2292 2470 2367 est,
2520 2292 2594 2355 ut
2660 2289 2933 2373 ponitur,
2983 2307 3169 2370 quam

709 2390 868 2455 illud
898 2392 1079 2471 reale,
1114 2393 1279 2475 quod
1326 2395 1670 2476 acquiritur
1714 2414 1820 2477 per
1851 2394 2380 2458 confirmationem
2437 2395 2549 2457 aut
2579 2392 3062 2469 institutionem,
3106 2392 3169 2454 et

710 2495 1028 2578 praeterea
1075 2495 1322 2560 videtur
1368 2497 1579 2560 eadem
1614 2515 1743 2561 esse
1775 2497 1965 2573 rati03
2003 2515 2147 2559 nam
2193 2495 2496 2559 redimens
2543 2494 2934 2558 vexationem
2981 2494 3170 2557 etiam

708 2597 773 2662 in
807 2618 955 2663 casu
985 2600 1230 2664 nullum
1261 2620 1494 2665 novum
1526 2602 1622 2665 ius
1656 2602 1941 2683 acquirit,
1976 2601 2080 2665 sed
2114 2602 2364 2664 tantum
2395 2602 2611 2664 tuetur
2641 2599 2808 2682 quod
2844 2600 3053 2677 habet,
3087 2619 3172 2663 re-

709 2702 1015 2767 movendo
1072 2704 1465 2767 obstaculum
1523 2704 1752 2767 iniuste
1811 2704 2106 2786 positum.
2156 2704 2256 2767 Ita
2304 2703 2682 2787 Schmalzgr.
2730 2701 2839 2766 lib.
2875 2704 2935 2766 5.
2971 2703 3073 2766 tit.
3108 2702 3166 2765 3.

710 2822 770 2866 n.
811 2804 957 2868 141.
992 2806 1054 2869 et
1086 2806 1317 2889 optime
1353 2806 1620 2887 quidem.

800 2900 979 2975 473.
1016 2906 1311 2986 Quaestio
1344 2909 1446 2985 sit,
1484 2928 1562 2972 an
1594 2909 1780 2973 liceat
1810 2908 2107 2972 redimere
2139 2907 2527 2972 vexationem
2563 2905 2958 2989 impedientis
3007 2907 3170 2971 adire

712 3009 1160 3089 possessionem
1192 3010 1467 3074 beneficii
1504 3011 1632 3075 iam
1668 3011 1950 3094 legitime
1990 3010 2224 3074 collati.

800 3110 983 3193 Resp.
1033 3109 1437 3177 Communior
1483 3116 1545 3177 et
1591 3113 1971 3195 probabilior
2016 3114 2322 3176 sententia
2355 3113 2630 3176 affirmat
2661 3110 2831 3193 (Vid.
2868 3110 3166 3175 Schmalz.

708 3212 817 3275 lib.
855 3214 913 3275 5.
950 3213 1050 3276 tit.
1078 3214 1138 3277 3.
1178 3215 1346 3292 143„
1374 3217 1436 3280 et
1467 3234 1516 3280 s.
1543 3215 1727 3298 Alph.
1763 3216 1869 3278 lib.
1907 3217 1965 3278 3.
2006 3237 2066 3279 ιι.
2109 3216 2264 3297 99.)
2301 3215 2487 3279 Ratio
2514 3216 2661 3297 quia
2692 3233 2816 3279 nou
2850 3215 3176 3280 redimitur

716 3332 826 3379 nec
865 3315 1206 3397 aequiritur
1238 3318 1334 3381 ius
1368 3317 1663 3395 beneficii,
1715 3317 1818 3381 sed
1862 3317 2097 3381 factum
2136 3317 2558 3400 possessionis,
2609 3336 2767 3399 quae
2815 3318 2912 3381 est
2960 3336 3174 3401 appre-

711 3415 925 3481 hensio
962 3418 1050 3481 rei
1082 3420 1419 3502 corporalis
1452 3419 1605 3482 mihi
1637 3420 1763 3482 iam
1802 3418 2044 3483 debitae
2076 3438 2184 3483 seu
2222 3439 2410 3482 meae.

802 3516 865 3582 Si
917 3520 1077 3585 alius
1110 3540 1233 3585 non
1266 3520 1515 3603 quidem
1552 3522 1616 3585 vi
1655 3524 1766 3585 aut
1797 3521 2034 3595 fraude,
2070 3521 2175 3585 sed
2205 3521 2486 3604 precibus
2525 3524 2588 3586 et
2623 3522 2987 3586 muneribus
3033 3540 3176 3604 pro-

718 3625 856 3706 pter
893 3622 1122 3701 odium,
1165 3624 1330 3706 quod
1359 3624 1524 3708 gerit
1554 3626 1768 3688 contra
1800 3643 1918 3701 me,
1953 3625 2252 3707 impediat
2290 3625 2402 3687 aut
2447 3624 2811 3688 electionem
2850 3627 2962 3689 aut
3007 3644 3177 3707 prae-

710 3726 1124 3789 sentationem
1163 3727 1276 3790 aut
1306 3727 1840 3791 confirmationem
1887 3730 2026 3801 313,
2060 3727 2266 3811 plures
2295 3726 2577 3791 doctores
2609 3727 2701 3808 (et
2732 3726 2983 3808 quidem
3015 3731 3175 3790 recte

714 3826 889 3887 iuxta
924 3844 972 3889 s.
1013 3825 1197 3909 Alph.
1232 3848 1291 3890 3.
1338 3829 1515 3910 101.)
1562 3830 1897 3907 affirmant,
1946 3830 2127 3893 licere
2174 3829 2468 3892 redimere
2502 3829 2760 3911 peclmia
2793 3830 2954 3894 hanc
2985 3830 3176 3894 mole-

715 3926 924 3990 stiam.
959 3928 1147 3991 Ratio
1196 3930 1342 4009 quia
1390 3929 1443 3991 si
1479 3928 1623 3992 licet
1662 3929 1806 3994 dare
1847 3932 2188 4013 pecuniam,
2238 3932 2313 3994 ut
2360 3931 2517 3995 alter
2570 3934 2767 3995 cesset
2812 3951 2911 3995 me
2960 3951 3175 3996 vexare

710 4033 929 4095 contra
974 4030 1305 4108 iustitiam,
1355 4030 1565 4094 licebit
1609 4031 1774 4109 dare,
1823 4035 1898 4096 ut
1942 4035 2138 4098 cesset
2183 4052 2402 4097 vexare
2431 4036 2648 4098 contra
2693 4035 3064 4109 caritatem3
3115 4038 3176 4099 et

714 4133 914 4215 reipsa
964 4132 1308 4196 vexationis
1353 4133 1522 4197 illius
1570 4134 1843 4200 sublatio
1890 4156 2012 4201 non
2062 4136 2284 4200 estius
2334 4137 2410 4200 ad
2443 4137 2766 4219 spirituale
2812 4156 2924 4201 nec
2954 4137 3044 4201 sic
3074 4138 3175 4201 via

716 4236 995 4317 aperitur
1041 4235 1117 4298 ad
1164 4235 1508 4317 spirituale,
1558 4241 1670 4302 aut
1729 4242 1893 4304 certe
1939 4238 2118 4302 valde
2162 4242 2390 4302 remote
2436 4239 2737 4303 sternitur
2782 4238 2884 4301 via
2934 4238 3013 4303 ad
3059 4240 3177 4321 spi·

712 4338 961 4404 rituale.

807 4442 998 4507 Addit
1030 4461 1078 4507 3.
1112 4442 1296 4525 Alph.
1331 4462 1389 4505 n.
1432 4443 1578 4506 102.
1613 4443 1794 4507 licere
1843 4443 1986 4507 dare
2035 4444 2358 4526 pecuniam
2407 4443 2613 4521 alicui,
2662 4462 2738 4507 ne
2783 4443 3014 4508 iniuste
3061 4444 3173 4507 aut

712 4548 930 4611 contra
984 4545 1311 4610 caritatem
1359 4564 1422 4609 se
1479 4546 1751 4628 opponat
1797 4545 2082 4609 electioni
2126 4564 2319 4623 meae,
2377 4545 2568 4610 etiam
2613 4545 2667 4608 si
2713 4545 3002 4621 nesciam,
3049 4545 3172 4609 ele·
