<?xml version="1.0" encoding="UTF-8"?>
<!DOCTYPE html PUBLIC "-//W3C//DTD XHTML 1.0 Transitional//EN"
    "http://www.w3.org/TR/xhtml1/DTD/xhtml1-transitional.dtd">
<html xmlns="http://www.w3.org/1999/xhtml" xml:lang="en" lang="en">
 <head>
  <title>
</title>
<meta http-equiv="Content-Type" content="text/html;charset=utf-8" />
  <meta name='ocr-system' content='tesseract 3.04.00' />
  <meta name='ocr-capabilities' content='ocr_page ocr_carea ocr_par ocr_line ocrx_word'/>
</head>
<body>
  <div class='ocr_page' id='page_1' title='image "./opustheologicum00ballgoog/opustheologicum00ballgoog_0678.png"; bbox 0 0 3497 5147; ppageno 0'>
   <div class='ocr_carea' id='block_1_1' title="bbox 370 345 2832 420">
    <p class='ocr_par' dir='ltr' id='par_1_1' title="bbox 370 345 2832 420">
     <span class='ocr_line' id='line_1_1' title="bbox 370 345 2832 420; baseline 0.003 -19"><span class='ocrx_word' id='word_1_1' title='bbox 370 345 514 420; x_wconf 81' lang='lat'>[905]</span> <span class='ocrx_word' id='word_1_2' title='bbox 843 362 929 402; x_wconf 74' lang='lat' dir='ltr'>AN</span> <span class='ocrx_word' id='word_1_3' title='bbox 967 361 1328 410; x_wconf 75' lang='lat' dir='ltr'><strong>AmQUANDO</strong></span> <span class='ocrx_word' id='word_1_4' title='bbox 1365 364 1590 406; x_wconf 66' lang='lat' dir='ltr'>mcum</span> <span class='ocrx_word' id='word_1_5' title='bbox 1626 363 1935 406; x_wconf 71' lang='lat' dir='ltr'>oocmmssn</span> <span class='ocrx_word' id='word_1_6' title='bbox 1972 365 2370 407; x_wconf 66' lang='lat' dir='ltr'>muoonwrnm</span> <span class='ocrx_word' id='word_1_7' title='bbox 2728 354 2832 409; x_wconf 82' lang='grc'>671</span> 
     </span>
    </p>
   </div>
   <div class='ocr_carea' id='block_1_2' title="bbox 367 458 2839 4638">
    <p class='ocr_par' dir='ltr' id='par_1_2' title="bbox 372 458 2837 1259">
     <span class='ocr_line' id='line_1_2' title="bbox 372 458 2833 545; baseline 0.002 -23"><span class='ocrx_word' id='word_1_8' title='bbox 372 459 535 523; x_wconf 87' lang='lat' dir='ltr'>cives</span> <span class='ocrx_word' id='word_1_9' title='bbox 583 458 874 537; x_wconf 90' lang='lat' dir='ltr'>occidere,</span> <span class='ocrx_word' id='word_1_10' title='bbox 922 458 1044 524; x_wconf 89' lang='lat' dir='ltr'>nisi</span> <span class='ocrx_word' id='word_1_11' title='bbox 1087 459 1348 525; x_wconf 90' lang='lat' dir='ltr'>mittant</span> <span class='ocrx_word' id='word_1_12' title='bbox 1396 461 1474 525; x_wconf 91' lang='lat' dir='ltr'>ad</span> <span class='ocrx_word' id='word_1_13' title='bbox 1520 481 1662 526; x_wconf 89' lang='lat' dir='ltr'>eum</span> <span class='ocrx_word' id='word_1_14' title='bbox 1711 463 1899 542; x_wconf 91' lang='lat' dir='ltr'>caput</span> <span class='ocrx_word' id='word_1_15' title='bbox 1938 461 2200 526; x_wconf 90' lang='lat' dir='ltr'>alicuius</span> <span class='ocrx_word' id='word_1_16' title='bbox 2249 462 2609 538; x_wconf 77' lang='lat' dir='ltr'>innocentiS‚</span> <span class='ocrx_word' id='word_1_17' title='bbox 2650 482 2833 545; x_wconf 90' lang='lat' dir='ltr'>quem</span> 
     </span>
     <span class='ocr_line' id='line_1_3' title="bbox 373 560 2835 646; baseline 0.002 -22"><span class='ocrx_word' id='word_1_18' title='bbox 373 560 533 644; x_wconf 89' lang='lat' dir='ltr'>apud</span> <span class='ocrx_word' id='word_1_19' title='bbox 575 579 641 625; x_wconf 90' lang='lat' dir='ltr'>se</span> <span class='ocrx_word' id='word_1_20' title='bbox 671 560 922 625; x_wconf 86' lang='lat' dir='ltr'>habent.</span> <span class='ocrx_word' id='word_1_21' title='bbox 956 561 1100 625; x_wconf 85' lang='lat' dir='ltr'>Iure</span> <span class='ocrx_word' id='word_1_22' title='bbox 1131 563 1294 626; x_wconf 91' lang='lat' dir='ltr'>enim</span> <span class='ocrx_word' id='word_1_23' title='bbox 1326 563 1571 627; x_wconf 88' lang='lat' dir='ltr'>videtur</span> <span class='ocrx_word' id='word_1_24' title='bbox 1602 562 1951 646; x_wconf 79' lang='lat' dir='ltr'>respublica</span> <span class='ocrx_word' id='word_1_25' title='bbox 1982 563 2081 627; x_wconf 91' lang='lat' dir='ltr'>ius</span> <span class='ocrx_word' id='word_1_26' title='bbox 2113 563 2337 627; x_wconf 91' lang='lat' dir='ltr'>habere</span> <span class='ocrx_word' id='word_1_27' title='bbox 2369 563 2448 627; x_wconf 90' lang='lat' dir='ltr'>ad</span> <span class='ocrx_word' id='word_1_28' title='bbox 2485 564 2835 629; x_wconf 89' lang='lat' dir='ltr'>abscinden-</span> 
     </span>
     <span class='ocr_line' id='line_1_4' title="bbox 373 665 2834 751; baseline 0.001 -21"><span class='ocrx_word' id='word_1_29' title='bbox 373 666 523 731; x_wconf 92' lang='lat' dir='ltr'>dum</span> <span class='ocrx_word' id='word_1_30' title='bbox 560 666 678 731; x_wconf 89' lang='lat' dir='ltr'>hoc</span> <span class='ocrx_word' id='word_1_31' title='bbox 706 665 1078 741; x_wconf 82' lang='lat' dir='ltr'><strong>membrum,</strong></span> <span class='ocrx_word' id='word_1_32' title='bbox 1125 668 1337 748; x_wconf 91' lang='lat' dir='ltr'>prouti</span> <span class='ocrx_word' id='word_1_33' title='bbox 1383 668 1643 750; x_wconf 91' lang='lat' dir='ltr'>quisque</span> <span class='ocrx_word' id='word_1_34' title='bbox 1690 668 1789 732; x_wconf 92' lang='lat' dir='ltr'>ius</span> <span class='ocrx_word' id='word_1_35' title='bbox 1829 668 2018 733; x_wconf 90' lang='lat' dir='ltr'>habet</span> <span class='ocrx_word' id='word_1_36' title='bbox 2047 669 2310 733; x_wconf 89' lang='lat' dir='ltr'><strong>membri</strong></span> <span class='ocrx_word' id='word_1_37' title='bbox 2343 669 2709 751; x_wconf 87' lang='lat' dir='ltr'>amputandi</span> <span class='ocrx_word' id='word_1_38' title='bbox 2757 670 2834 733; x_wconf 90' lang='lat' dir='ltr'>ad</span> 
     </span>
     <span class='ocr_line' id='line_1_5' title="bbox 375 769 2836 853; baseline 0.001 -19"><span class='ocrx_word' id='word_1_39' title='bbox 375 771 644 835; x_wconf 90' lang='lat' dir='ltr'>salutem</span> <span class='ocrx_word' id='word_1_40' title='bbox 673 770 873 835; x_wconf 87' lang='lat' dir='ltr'>totius</span> <span class='ocrx_word' id='word_1_41' title='bbox 902 769 1224 834; x_wconf 84' lang='lat' dir='ltr'><strong>individui.</strong></span> <span class='ocrx_word' id='word_1_42' title='bbox 1259 770 1341 833; x_wconf 87' lang='lat' dir='ltr'>Et</span> <span class='ocrx_word' id='word_1_43' title='bbox 1370 771 1645 835; x_wconf 91' lang='lat' dir='ltr'>confirm.</span> <span class='ocrx_word' id='word_1_44' title='bbox 1686 770 1846 850; x_wconf 83' lang='lat' dir='ltr'>Quia</span> <span class='ocrx_word' id='word_1_45' title='bbox 1890 772 2237 853; x_wconf 80' lang='lat' dir='ltr'>respublica</span> <span class='ocrx_word' id='word_1_46' title='bbox 2283 772 2429 836; x_wconf 89' lang='lat' dir='ltr'>licet</span> <span class='ocrx_word' id='word_1_47' title='bbox 2465 792 2587 837; x_wconf 94' lang='lat' dir='ltr'>non</span> <span class='ocrx_word' id='word_1_48' title='bbox 2618 773 2702 836; x_wconf 91' lang='lat' dir='ltr'>sit</span> <span class='ocrx_word' id='word_1_49' title='bbox 2732 771 2836 836; x_wconf 91' lang='lat' dir='ltr'>do-</span> 
     </span>
     <span class='ocr_line' id='line_1_6' title="bbox 373 871 2836 958; baseline 0 -21"><span class='ocrx_word' id='word_1_50' title='bbox 373 872 544 937; x_wconf 88' lang='lat' dir='ltr'>mina</span> <span class='ocrx_word' id='word_1_51' title='bbox 574 872 741 936; x_wconf 84' lang='lat' dir='ltr'>vitae</span> <span class='ocrx_word' id='word_1_52' title='bbox 764 871 1015 947; x_wconf 83' lang='lat' dir='ltr'>civium,</span> <span class='ocrx_word' id='word_1_53' title='bbox 1048 873 1256 952; x_wconf 90' lang='lat' dir='ltr'>potest</span> <span class='ocrx_word' id='word_1_54' title='bbox 1287 873 1517 945; x_wconf 91' lang='lat' dir='ltr'>tamen,</span> <span class='ocrx_word' id='word_1_55' title='bbox 1552 873 1606 936; x_wconf 93' lang='lat' dir='ltr'>si</span> <span class='ocrx_word' id='word_1_56' title='bbox 1637 872 1869 937; x_wconf 91' lang='lat' dir='ltr'>bonum</span> <span class='ocrx_word' id='word_1_57' title='bbox 1893 873 2213 955; x_wconf 89' lang='lat' dir='ltr'>publicum</span> <span class='ocrx_word' id='word_1_58' title='bbox 2245 874 2472 958; x_wconf 85' lang='lat' dir='ltr'>exigat,</span> <span class='ocrx_word' id='word_1_59' title='bbox 2514 876 2836 939; x_wconf 73' lang='lat' dir='ltr'><strong>nocentem</strong></span> 
     </span>
     <span class='ocr_line' id='line_1_7' title="bbox 375 974 2837 1059; baseline 0.001 -21"><span class='ocrx_word' id='word_1_60' title='bbox 375 993 481 1057; x_wconf 91' lang='lat' dir='ltr'>per</span> <span class='ocrx_word' id='word_1_61' title='bbox 515 976 782 1039; x_wconf 90' lang='lat' dir='ltr'>mortem</span> <span class='ocrx_word' id='word_1_62' title='bbox 813 974 1063 1056; x_wconf 85' lang='lat' dir='ltr'>punire:</span> <span class='ocrx_word' id='word_1_63' title='bbox 1113 994 1222 1038; x_wconf 91' lang='lat' dir='ltr'>cur</span> <span class='ocrx_word' id='word_1_64' title='bbox 1268 993 1415 1059; x_wconf 91' lang='lat' dir='ltr'>ergo</span> <span class='ocrx_word' id='word_1_65' title='bbox 1464 974 1542 1038; x_wconf 89' lang='lat' dir='ltr'>ob</span> <span class='ocrx_word' id='word_1_66' title='bbox 1572 975 1805 1038; x_wconf 93' lang='lat' dir='ltr'>bonum</span> <span class='ocrx_word' id='word_1_67' title='bbox 1837 993 2162 1039; x_wconf 91' lang='lat' dir='ltr'>commune</span> <span class='ocrx_word' id='word_1_68' title='bbox 2192 994 2315 1039; x_wconf 92' lang='lat' dir='ltr'>non</span> <span class='ocrx_word' id='word_1_69' title='bbox 2347 977 2578 1058; x_wconf 90' lang='lat' dir='ltr'>poterit</span> <span class='ocrx_word' id='word_1_70' title='bbox 2609 976 2837 1041; x_wconf 89' lang='lat' dir='ltr'>interfi-</span> 
     </span>
     <span class='ocr_line' id='line_1_8' title="bbox 373 1070 2836 1160; baseline 0.001 -20"><span class='ocrx_word' id='word_1_71' title='bbox 373 1095 507 1140; x_wconf 91' lang='lat' dir='ltr'>cere</span> <span class='ocrx_word' id='word_1_72' title='bbox 552 1076 968 1154; x_wconf 80' lang='lat' dir='ltr'>innocentem3</span> <span class='ocrx_word' id='word_1_73' title='bbox 1017 1096 1160 1141; x_wconf 91' lang='lat' dir='ltr'>cum</span> <span class='ocrx_word' id='word_1_74' title='bbox 1206 1077 1486 1141; x_wconf 83' lang='lat' dir='ltr'>neutrius</span> <span class='ocrx_word' id='word_1_75' title='bbox 1522 1070 1699 1140; x_wconf 76' lang='lat' dir='ltr'>’vitae</span> <span class='ocrx_word' id='word_1_76' title='bbox 1746 1076 2091 1140; x_wconf 90' lang='lat' dir='ltr'>dominium</span> <span class='ocrx_word' id='word_1_77' title='bbox 2139 1077 2366 1142; x_wconf 91' lang='lat' dir='ltr'>habeat</span> <span class='ocrx_word' id='word_1_78' title='bbox 2411 1079 2476 1142; x_wconf 93' lang='lat' dir='ltr'>et</span> <span class='ocrx_word' id='word_1_79' title='bbox 2511 1079 2836 1160; x_wconf 89' lang='lat' dir='ltr'>utriusque</span> 
     </span>
     <span class='ocr_line' id='line_1_9' title="bbox 373 1178 2075 1259; baseline -0.001 -17"><span class='ocrx_word' id='word_1_80' title='bbox 373 1197 543 1243; x_wconf 89' lang='lat' dir='ltr'>mors</span> <span class='ocrx_word' id='word_1_81' title='bbox 591 1196 783 1259; x_wconf 90' lang='lat' dir='ltr'>aeque</span> <span class='ocrx_word' id='word_1_82' title='bbox 819 1178 905 1243; x_wconf 91' lang='lat' dir='ltr'>sit</span> <span class='ocrx_word' id='word_1_83' title='bbox 939 1178 1283 1243; x_wconf 87' lang='lat' dir='ltr'>necessaria</span> <span class='ocrx_word' id='word_1_84' title='bbox 1323 1178 1399 1243; x_wconf 92' lang='lat' dir='ltr'>ad</span> <span class='ocrx_word' id='word_1_85' title='bbox 1432 1178 1664 1243; x_wconf 91' lang='lat' dir='ltr'>bonum</span> <span class='ocrx_word' id='word_1_86' title='bbox 1702 1183 2075 1243; x_wconf 76' lang='lat' dir='ltr'>commune?</span> 
     </span>
    </p>

    <p class='ocr_par' dir='ltr' id='par_1_3' title="bbox 374 1280 2838 1876">
     <span class='ocr_line' id='line_1_10' title="bbox 464 1280 2838 1365; baseline 0.002 -22"><span class='ocrx_word' id='word_1_87' title='bbox 464 1280 604 1344; x_wconf 91' lang='lat' dir='ltr'>Non</span> <span class='ocrx_word' id='word_1_88' title='bbox 650 1280 819 1345; x_wconf 84' lang='lat' dir='ltr'>valet</span> <span class='ocrx_word' id='word_1_89' title='bbox 861 1281 1177 1364; x_wconf 84' lang='lat' dir='ltr'>responsio</span> <span class='ocrx_word' id='word_1_90' title='bbox 1227 1281 1636 1362; x_wconf 90' lang='lat' dir='ltr'>quorundam,</span> <span class='ocrx_word' id='word_1_91' title='bbox 1686 1280 1868 1344; x_wconf 85' lang='lat' dir='ltr'>licere</span> <span class='ocrx_word' id='word_1_92' title='bbox 1918 1283 2241 1363; x_wconf 88' lang='lat' dir='ltr'>amputare</span> <span class='ocrx_word' id='word_1_93' title='bbox 2287 1283 2609 1365; x_wconf 88' lang='lat' dir='ltr'>putridum</span> <span class='ocrx_word' id='word_1_94' title='bbox 2646 1302 2838 1347; x_wconf 90' lang='lat' dir='ltr'><strong>mem-</strong></span> 
     </span>
     <span class='ocr_line' id='line_1_11' title="bbox 374 1383 2836 1465; baseline 0.001 -18"><span class='ocrx_word' id='word_1_95' title='bbox 374 1383 575 1459; x_wconf 90' lang='lat' dir='ltr'>brum,</span> <span class='ocrx_word' id='word_1_96' title='bbox 625 1401 748 1446; x_wconf 94' lang='lat' dir='ltr'>non</span> <span class='ocrx_word' id='word_1_97' title='bbox 793 1400 938 1447; x_wconf 86' lang='lat' dir='ltr'>vero</span> <span class='ocrx_word' id='word_1_98' title='bbox 986 1401 1238 1457; x_wconf 83' lang='lat' dir='ltr'>sanum;</span> <span class='ocrx_word' id='word_1_99' title='bbox 1271 1402 1418 1447; x_wconf 88' lang='lat' dir='ltr'>nam</span> <span class='ocrx_word' id='word_1_100' title='bbox 1466 1385 1530 1447; x_wconf 90' lang='lat' dir='ltr'>et</span> <span class='ocrx_word' id='word_1_101' title='bbox 1559 1402 1782 1447; x_wconf 90' lang='lat' dir='ltr'>sanum</span> <span class='ocrx_word' id='word_1_102' title='bbox 1831 1383 2099 1464; x_wconf 88' lang='lat' dir='ltr'>praecidi</span> <span class='ocrx_word' id='word_1_103' title='bbox 2134 1402 2333 1465; x_wconf 88' lang='lat' dir='ltr'>posse,</span> <span class='ocrx_word' id='word_1_104' title='bbox 2376 1385 2533 1449; x_wconf 89' lang='lat' dir='ltr'>alias</span> <span class='ocrx_word' id='word_1_105' title='bbox 2564 1385 2836 1450; x_wconf 86' lang='lat' dir='ltr'>vidimus</span> 
     </span>
     <span class='ocr_line' id='line_1_12' title="bbox 377 1484 2836 1571; baseline 0.001 -23"><span class='ocrx_word' id='word_1_106' title='bbox 377 1484 463 1566; x_wconf 93' lang='lat' dir='ltr'>(n.</span> <span class='ocrx_word' id='word_1_107' title='bbox 515 1485 715 1569; x_wconf 59' lang='lat'>872).</span> <span class='ocrx_word' id='word_1_108' title='bbox 751 1484 926 1550; x_wconf 87' lang='lat' dir='ltr'><strong>Unde</strong></span> <span class='ocrx_word' id='word_1_109' title='bbox 959 1486 1335 1567; x_wconf 76' lang='lat' dir='ltr'>sequeretur,</span> <span class='ocrx_word' id='word_1_110' title='bbox 1372 1485 1565 1550; x_wconf 87' lang='lat' dir='ltr'>occidi</span> <span class='ocrx_word' id='word_1_111' title='bbox 1601 1503 1781 1566; x_wconf 92' lang='lat' dir='ltr'>posse</span> <span class='ocrx_word' id='word_1_112' title='bbox 1813 1486 2218 1563; x_wconf 76' lang='lat' dir='ltr'><strong>innocentem,</strong></span> <span class='ocrx_word' id='word_1_113' title='bbox 2253 1506 2311 1551; x_wconf 74' lang='grc' dir='ltr'>ν.</span> <span class='ocrx_word' id='word_1_114' title='bbox 2345 1508 2438 1571; x_wconf 91' lang='lat' dir='ltr'>gr.</span> <span class='ocrx_word' id='word_1_115' title='bbox 2474 1489 2528 1552; x_wconf 90' lang='lat' dir='ltr'>si</span> <span class='ocrx_word' id='word_1_116' title='bbox 2558 1487 2836 1570; x_wconf 90' lang='lat' dir='ltr'>princeps</span> 
     </span>
     <span class='ocr_line' id='line_1_13' title="bbox 374 1588 2837 1665; baseline 0 -12"><span class='ocrx_word' id='word_1_117' title='bbox 374 1589 662 1665; x_wconf 79' lang='lat' dir='ltr'>minetur,</span> <span class='ocrx_word' id='word_1_118' title='bbox 712 1607 776 1653; x_wconf 92' lang='lat' dir='ltr'>se</span> <span class='ocrx_word' id='word_1_119' title='bbox 825 1607 1034 1653; x_wconf 91' lang='lat' dir='ltr'>omnes</span> <span class='ocrx_word' id='word_1_120' title='bbox 1081 1589 1243 1653; x_wconf 86' lang='lat' dir='ltr'>cives</span> <span class='ocrx_word' id='word_1_121' title='bbox 1293 1588 1685 1653; x_wconf 87' lang='lat' dir='ltr'>addicturum</span> <span class='ocrx_word' id='word_1_122' title='bbox 1730 1588 1940 1665; x_wconf 90' lang='lat' dir='ltr'>morti,</span> <span class='ocrx_word' id='word_1_123' title='bbox 1977 1588 2097 1652; x_wconf 90' lang='lat' dir='ltr'>nisi</span> <span class='ocrx_word' id='word_1_124' title='bbox 2128 1589 2502 1654; x_wconf 88' lang='lat' dir='ltr'>interficiant</span> <span class='ocrx_word' id='word_1_125' title='bbox 2550 1590 2837 1656; x_wconf 91' lang='lat' dir='ltr'>innocen-</span> 
     </span>
     <span class='ocr_line' id='line_1_14' title="bbox 376 1689 2836 1774; baseline 0.001 -20"><span class='ocrx_word' id='word_1_126' title='bbox 376 1692 523 1769; x_wconf 90' lang='lat' dir='ltr'>tem,</span> <span class='ocrx_word' id='word_1_127' title='bbox 550 1710 733 1772; x_wconf 92' lang='lat' dir='ltr'>quem</span> <span class='ocrx_word' id='word_1_128' title='bbox 757 1710 940 1774; x_wconf 90' lang='lat' dir='ltr'>penes</span> <span class='ocrx_word' id='word_1_129' title='bbox 965 1710 1028 1755; x_wconf 90' lang='lat' dir='ltr'>se</span> <span class='ocrx_word' id='word_1_130' title='bbox 1059 1694 1438 1773; x_wconf 89' lang='lat' dir='ltr'>receperunt,</span> <span class='ocrx_word' id='word_1_131' title='bbox 1467 1710 1576 1755; x_wconf 91' lang='lat' dir='ltr'>nec</span> <span class='ocrx_word' id='word_1_132' title='bbox 1598 1692 1849 1773; x_wconf 87' lang='lat' dir='ltr'>possent</span> <span class='ocrx_word' id='word_1_133' title='bbox 1883 1689 2178 1754; x_wconf 90' lang='lat' dir='ltr'>damnum</span> <span class='ocrx_word' id='word_1_134' title='bbox 2211 1691 2429 1769; x_wconf 81' lang='lat' dir='ltr'>vitare,</span> <span class='ocrx_word' id='word_1_135' title='bbox 2455 1692 2575 1756; x_wconf 90' lang='lat' dir='ltr'>nisi</span> <span class='ocrx_word' id='word_1_136' title='bbox 2601 1694 2836 1758; x_wconf 89' lang='lat' dir='ltr'>secreto</span> 
     </span>
     <span class='ocr_line' id='line_1_15' title="bbox 377 1792 1199 1876; baseline 0 -19"><span class='ocrx_word' id='word_1_137' title='bbox 377 1792 700 1857; x_wconf 86' lang='lat' dir='ltr'>occidendo</span> <span class='ocrx_word' id='word_1_138' title='bbox 734 1795 797 1858; x_wconf 92' lang='lat' dir='ltr'>et</span> <span class='ocrx_word' id='word_1_139' title='bbox 834 1792 1199 1876; x_wconf 79' lang='lat' dir='ltr'>sepeliendo,</span> 
     </span>
    </p>

    <p class='ocr_par' dir='ltr' id='par_1_4' title="bbox 367 1894 2839 4638">
     <span class='ocr_line' id='line_1_16' title="bbox 464 1894 2838 1980; baseline 0 -21"><span class='ocrx_word' id='word_1_140' title='bbox 464 1894 865 1979; x_wconf 81' lang='lat' dir='ltr'>Adsignanda</span> <span class='ocrx_word' id='word_1_141' title='bbox 896 1897 992 1961; x_wconf 90' lang='lat' dir='ltr'>est</span> <span class='ocrx_word' id='word_1_142' title='bbox 1022 1914 1169 1979; x_wconf 87' lang='lat' dir='ltr'>ergo</span> <span class='ocrx_word' id='word_1_143' title='bbox 1202 1896 1304 1976; x_wconf 91' lang='lat' dir='ltr'>(ut</span> <span class='ocrx_word' id='word_1_144' title='bbox 1336 1895 1523 1960; x_wconf 89' lang='lat' dir='ltr'>habet</span> <span class='ocrx_word' id='word_1_145' title='bbox 1552 1895 1733 1980; x_wconf 90' lang='lat' dir='ltr'>Lugo</span> <span class='ocrx_word' id='word_1_146' title='bbox 1781 1895 1929 1960; x_wconf 88' lang='lat' dir='ltr'>ibid.</span> <span class='ocrx_word' id='word_1_147' title='bbox 1979 1916 2037 1960; x_wconf 90' lang='lat' dir='ltr'>n.</span> <span class='ocrx_word' id='word_1_148' title='bbox 2079 1896 2256 1978; x_wconf 84' lang='lat'>104.)</span> <span class='ocrx_word' id='word_1_149' title='bbox 2287 1896 2630 1962; x_wconf 85' lang='lat' dir='ltr'>differentia</span> <span class='ocrx_word' id='word_1_150' title='bbox 2676 1898 2838 1962; x_wconf 89' lang='lat' dir='ltr'>inter</span> 
     </span>
     <span class='ocr_line' id='line_1_17' title="bbox 376 1997 2837 2081; baseline 0.001 -20"><span class='ocrx_word' id='word_1_151' title='bbox 376 1997 654 2061; x_wconf 90' lang='lat' dir='ltr'>membra</span> <span class='ocrx_word' id='word_1_152' title='bbox 676 1997 949 2080; x_wconf 87' lang='lat' dir='ltr'>corporis</span> <span class='ocrx_word' id='word_1_153' title='bbox 975 1997 1280 2062; x_wconf 88' lang='lat' dir='ltr'>naturalis</span> <span class='ocrx_word' id='word_1_154' title='bbox 1312 1999 1374 2061; x_wconf 91' lang='lat' dir='ltr'>et</span> <span class='ocrx_word' id='word_1_155' title='bbox 1405 1998 1678 2080; x_wconf 89' lang='lat' dir='ltr'>corporis</span> <span class='ocrx_word' id='word_1_156' title='bbox 1710 1998 1970 2080; x_wconf 78' lang='lat' dir='ltr'>politici.</span> <span class='ocrx_word' id='word_1_157' title='bbox 2011 2023 2047 2056; x_wconf 85' lang='lat'>«</span> <span class='ocrx_word' id='word_1_158' title='bbox 2069 1998 2233 2062; x_wconf 88' lang='lat' dir='ltr'>Nam</span> <span class='ocrx_word' id='word_1_159' title='bbox 2255 2000 2533 2064; x_wconf 88' lang='lat' dir='ltr'>membra</span> <span class='ocrx_word' id='word_1_160' title='bbox 2565 2000 2837 2081; x_wconf 90' lang='lat' dir='ltr'>corporis</span> 
     </span>
     <span class='ocr_line' id='line_1_18' title="bbox 375 2099 2839 2182; baseline 0.002 -18"><span class='ocrx_word' id='word_1_161' title='bbox 375 2099 681 2164; x_wconf 86' lang='lat' dir='ltr'>naturalis</span> <span class='ocrx_word' id='word_1_162' title='bbox 710 2118 832 2164; x_wconf 92' lang='lat' dir='ltr'>non</span> <span class='ocrx_word' id='word_1_163' title='bbox 864 2100 1095 2164; x_wconf 89' lang='lat' dir='ltr'>habent</span> <span class='ocrx_word' id='word_1_164' title='bbox 1126 2100 1190 2163; x_wconf 91' lang='lat' dir='ltr'>in</span> <span class='ocrx_word' id='word_1_165' title='bbox 1225 2118 1288 2164; x_wconf 93' lang='lat' dir='ltr'>se</span> <span class='ocrx_word' id='word_1_166' title='bbox 1322 2100 1572 2182; x_wconf 90' lang='lat' dir='ltr'>aliquod</span> <span class='ocrx_word' id='word_1_167' title='bbox 1604 2100 1702 2164; x_wconf 90' lang='lat' dir='ltr'>ius</span> <span class='ocrx_word' id='word_1_168' title='bbox 1752 2100 2045 2165; x_wconf 84' lang='lat' dir='ltr'>adversus</span> <span class='ocrx_word' id='word_1_169' title='bbox 2080 2101 2204 2164; x_wconf 88' lang='lat' dir='ltr'>alia</span> <span class='ocrx_word' id='word_1_170' title='bbox 2241 2103 2517 2166; x_wconf 88' lang='lat' dir='ltr'>membra</span> <span class='ocrx_word' id='word_1_171' title='bbox 2549 2123 2658 2168; x_wconf 90' lang='lat' dir='ltr'>nec</span> <span class='ocrx_word' id='word_1_172' title='bbox 2689 2104 2839 2167; x_wconf 86' lang='lat' dir='ltr'>sunt</span> 
     </span>
     <span class='ocr_line' id='line_1_19' title="bbox 377 2200 2834 2287; baseline 0.002 -21"><span class='ocrx_word' id='word_1_173' title='bbox 377 2201 626 2284; x_wconf 82' lang='lat' dir='ltr'>capacia</span> <span class='ocrx_word' id='word_1_174' title='bbox 649 2200 930 2279; x_wconf 90' lang='lat' dir='ltr'>iniuriae,</span> <span class='ocrx_word' id='word_1_175' title='bbox 958 2204 1145 2283; x_wconf 91' lang='lat' dir='ltr'>prout</span> <span class='ocrx_word' id='word_1_176' title='bbox 1177 2202 1773 2286; x_wconf 85' lang='lat' dir='ltr'>condistinguuntur</span> <span class='ocrx_word' id='word_1_177' title='bbox 1805 2202 2214 2283; x_wconf 87' lang='lat' dir='ltr'>inadaequate</span> <span class='ocrx_word' id='word_1_178' title='bbox 2248 2223 2284 2266; x_wconf 88' lang='lat' dir='ltr'>a</span> <span class='ocrx_word' id='word_1_179' title='bbox 2316 2205 2454 2268; x_wconf 89' lang='lat' dir='ltr'>toto</span> <span class='ocrx_word' id='word_1_180' title='bbox 2481 2206 2834 2287; x_wconf 86' lang='lat' dir='ltr'>supposito;</span> 
     </span>
     <span class='ocr_line' id='line_1_20' title="bbox 376 2302 2837 2387; baseline 0.002 -21"><span class='ocrx_word' id='word_1_181' title='bbox 376 2302 482 2367; x_wconf 92' lang='lat' dir='ltr'>sed</span> <span class='ocrx_word' id='word_1_182' title='bbox 512 2302 718 2386; x_wconf 90' lang='lat' dir='ltr'>ipsum</span> <span class='ocrx_word' id='word_1_183' title='bbox 739 2303 1132 2385; x_wconf 89' lang='lat' dir='ltr'>suppositum</span> <span class='ocrx_word' id='word_1_184' title='bbox 1163 2306 1278 2381; x_wconf 92' lang='lat' dir='ltr'>est,</span> <span class='ocrx_word' id='word_1_185' title='bbox 1318 2304 1486 2387; x_wconf 90' lang='lat' dir='ltr'>quod</span> <span class='ocrx_word' id='word_1_186' title='bbox 1530 2304 1720 2368; x_wconf 88' lang='lat' dir='ltr'>habet</span> <span class='ocrx_word' id='word_1_187' title='bbox 1750 2304 1849 2369; x_wconf 90' lang='lat' dir='ltr'>ius</span> <span class='ocrx_word' id='word_1_188' title='bbox 1881 2304 1957 2367; x_wconf 88' lang='lat' dir='ltr'>ad</span> <span class='ocrx_word' id='word_1_189' title='bbox 1984 2323 2168 2368; x_wconf 92' lang='lat' dir='ltr'>usum</span> <span class='ocrx_word' id='word_1_190' title='bbox 2199 2305 2617 2370; x_wconf 91' lang='lat' dir='ltr'>membrorum</span> <span class='ocrx_word' id='word_1_191' title='bbox 2645 2311 2706 2371; x_wconf 90' lang='lat' dir='ltr'>et</span> <span class='ocrx_word' id='word_1_192' title='bbox 2737 2309 2837 2372; x_wconf 91' lang='lat' dir='ltr'>cui</span> 
     </span>
     <span class='ocr_line' id='line_1_21' title="bbox 373 2404 2834 2474; baseline 0.002 -6"><span class='ocrx_word' id='word_1_193' title='bbox 373 2404 447 2469; x_wconf 88' lang='lat' dir='ltr'>fit</span> <span class='ocrx_word' id='word_1_194' title='bbox 481 2404 710 2469; x_wconf 89' lang='lat' dir='ltr'>iniuria</span> <span class='ocrx_word' id='word_1_195' title='bbox 743 2405 1151 2471; x_wconf 88' lang='lat' dir='ltr'>abscindendo</span> <span class='ocrx_word' id='word_1_196' title='bbox 1182 2406 1531 2471; x_wconf 91' lang='lat' dir='ltr'>membrum</span> <span class='ocrx_word' id='word_1_197' title='bbox 1563 2408 1627 2471; x_wconf 91' lang='lat' dir='ltr'>et</span> <span class='ocrx_word' id='word_1_198' title='bbox 1648 2406 1713 2470; x_wconf 90' lang='lat' dir='ltr'>in</span> <span class='ocrx_word' id='word_1_199' title='bbox 1754 2406 1930 2471; x_wconf 90' lang='lat' dir='ltr'>cuius</span> <span class='ocrx_word' id='word_1_200' title='bbox 1968 2406 2313 2471; x_wconf 86' lang='lat' dir='ltr'>utilitatem</span> <span class='ocrx_word' id='word_1_201' title='bbox 2345 2410 2492 2472; x_wconf 91' lang='lat' dir='ltr'>sunt</span> <span class='ocrx_word' id='word_1_202' title='bbox 2522 2408 2834 2474; x_wconf 87' lang='lat' dir='ltr'>membra:</span> 
     </span>
     <span class='ocr_line' id='line_1_22' title="bbox 372 2506 2837 2595; baseline 0.002 -24"><span class='ocrx_word' id='word_1_203' title='bbox 372 2527 563 2591; x_wconf 88' lang='lat' dir='ltr'>quare</span> <span class='ocrx_word' id='word_1_204' title='bbox 585 2506 810 2572; x_wconf 92' lang='lat' dir='ltr'>merito</span> <span class='ocrx_word' id='word_1_205' title='bbox 844 2508 1307 2589; x_wconf 84' lang='lat' dir='ltr'>abscinduntur,</span> <span class='ocrx_word' id='word_1_206' title='bbox 1343 2509 1587 2591; x_wconf 87' lang='lat' dir='ltr'>quando</span> <span class='ocrx_word' id='word_1_207' title='bbox 1620 2508 1683 2573; x_wconf 90' lang='lat' dir='ltr'>id</span> <span class='ocrx_word' id='word_1_208' title='bbox 1716 2509 1910 2595; x_wconf 80' lang='lat' dir='ltr'>exigit</span> <span class='ocrx_word' id='word_1_209' title='bbox 1942 2509 2188 2573; x_wconf 88' lang='lat' dir='ltr'>utilitas</span> <span class='ocrx_word' id='word_1_210' title='bbox 2221 2510 2548 2593; x_wconf 88' lang='lat' dir='ltr'>suppositi,</span> <span class='ocrx_word' id='word_1_211' title='bbox 2588 2512 2837 2593; x_wconf 89' lang='lat' dir='ltr'>propter</span> 
     </span>
     <span class='ocr_line' id='line_1_23' title="bbox 373 2610 2835 2696; baseline 0.002 -22"><span class='ocrx_word' id='word_1_212' title='bbox 373 2610 540 2692; x_wconf 89' lang='lat' dir='ltr'>quod</span> <span class='ocrx_word' id='word_1_213' title='bbox 570 2611 717 2675; x_wconf 90' lang='lat' dir='ltr'>sunt</span> <span class='ocrx_word' id='word_1_214' title='bbox 746 2612 811 2675; x_wconf 92' lang='lat' dir='ltr'>et</span> <span class='ocrx_word' id='word_1_215' title='bbox 840 2630 963 2675; x_wconf 91' lang='lat' dir='ltr'>non</span> <span class='ocrx_word' id='word_1_216' title='bbox 993 2614 1244 2696; x_wconf 89' lang='lat' dir='ltr'>propter</span> <span class='ocrx_word' id='word_1_217' title='bbox 1290 2631 1372 2677; x_wconf 89' lang='lat' dir='ltr'>se.</span> <span class='ocrx_word' id='word_1_218' title='bbox 1407 2614 1494 2676; x_wconf 81' lang='lat' dir='ltr'>At</span> <span class='ocrx_word' id='word_1_219' title='bbox 1539 2631 1684 2677; x_wconf 83' lang='lat' dir='ltr'>vero</span> <span class='ocrx_word' id='word_1_220' title='bbox 1732 2613 2078 2695; x_wconf 87' lang='lat' dir='ltr'>respublica</span> <span class='ocrx_word' id='word_1_221' title='bbox 2123 2632 2247 2679; x_wconf 94' lang='lat' dir='ltr'>non</span> <span class='ocrx_word' id='word_1_222' title='bbox 2294 2613 2500 2694; x_wconf 82' lang='lat' dir='ltr'>potest</span> <span class='ocrx_word' id='word_1_223' title='bbox 2543 2615 2609 2678; x_wconf 91' lang='lat' dir='ltr'>in</span> <span class='ocrx_word' id='word_1_224' title='bbox 2657 2633 2835 2679; x_wconf 88' lang='lat' dir='ltr'>suam</span> 
     </span>
     <span class='ocr_line' id='line_1_24' title="bbox 371 2712 2836 2801; baseline 0.003 -25"><span class='ocrx_word' id='word_1_225' title='bbox 371 2712 717 2778; x_wconf 86' lang='lat' dir='ltr'>utilitatem</span> <span class='ocrx_word' id='word_1_226' title='bbox 748 2716 1104 2779; x_wconf 86' lang='lat' dir='ltr'>convertere</span> <span class='ocrx_word' id='word_1_227' title='bbox 1141 2714 1339 2780; x_wconf 88' lang='lat' dir='ltr'>vitam</span> <span class='ocrx_word' id='word_1_228' title='bbox 1385 2715 1615 2779; x_wconf 89' lang='lat' dir='ltr'>civium</span> <span class='ocrx_word' id='word_1_229' title='bbox 1664 2718 1725 2780; x_wconf 94' lang='lat' dir='ltr'>et</span> <span class='ocrx_word' id='word_1_230' title='bbox 1773 2716 1932 2780; x_wconf 91' lang='lat' dir='ltr'>hanc</span> <span class='ocrx_word' id='word_1_231' title='bbox 1965 2717 2162 2781; x_wconf 88' lang='lat' dir='ltr'>vitam</span> <span class='ocrx_word' id='word_1_232' title='bbox 2196 2736 2553 2782; x_wconf 89' lang='lat' dir='ltr'>consumere</span> <span class='ocrx_word' id='word_1_233' title='bbox 2585 2721 2836 2801; x_wconf 90' lang='lat' dir='ltr'>propter</span> 
     </span>
     <span class='ocr_line' id='line_1_25' title="bbox 372 2815 2836 2904; baseline 0.003 -24"><span class='ocrx_word' id='word_1_234' title='bbox 372 2834 553 2880; x_wconf 90' lang='lat' dir='ltr'>suam</span> <span class='ocrx_word' id='word_1_235' title='bbox 586 2815 950 2894; x_wconf 85' lang='lat' dir='ltr'>utilitatem,</span> <span class='ocrx_word' id='word_1_236' title='bbox 983 2818 1131 2897; x_wconf 84' lang='lat' dir='ltr'>quia</span> <span class='ocrx_word' id='word_1_237' title='bbox 1163 2835 1286 2881; x_wconf 91' lang='lat' dir='ltr'>non</span> <span class='ocrx_word' id='word_1_238' title='bbox 1317 2818 1479 2881; x_wconf 88' lang='lat' dir='ltr'>cives</span> <span class='ocrx_word' id='word_1_239' title='bbox 1512 2818 1764 2900; x_wconf 90' lang='lat' dir='ltr'>propter</span> <span class='ocrx_word' id='word_1_240' title='bbox 1788 2819 2254 2901; x_wconf 89' lang='lat' dir='ltr'>rempublicam,</span> <span class='ocrx_word' id='word_1_241' title='bbox 2281 2820 2388 2884; x_wconf 87' lang='lat' dir='ltr'>sed</span> <span class='ocrx_word' id='word_1_242' title='bbox 2411 2821 2564 2885; x_wconf 89' lang='lat' dir='ltr'>haec</span> <span class='ocrx_word' id='word_1_243' title='bbox 2586 2824 2836 2904; x_wconf 90' lang='lat' dir='ltr'>propter</span> 
     </span>
     <span class='ocr_line' id='line_1_26' title="bbox 371 2918 2835 3001; baseline 0.003 -19"><span class='ocrx_word' id='word_1_244' title='bbox 371 2918 536 2982; x_wconf 87' lang='lat' dir='ltr'>cives</span> <span class='ocrx_word' id='word_1_245' title='bbox 582 2918 678 2982; x_wconf 89' lang='lat' dir='ltr'>est</span> <span class='ocrx_word' id='word_1_246' title='bbox 722 2919 786 2982; x_wconf 91' lang='lat' dir='ltr'>et</span> <span class='ocrx_word' id='word_1_247' title='bbox 832 2918 910 2982; x_wconf 88' lang='lat' dir='ltr'>ad</span> <span class='ocrx_word' id='word_1_248' title='bbox 957 2937 1171 2983; x_wconf 90' lang='lat' dir='ltr'>eorum</span> <span class='ocrx_word' id='word_1_249' title='bbox 1219 2919 1562 2983; x_wconf 84' lang='lat' dir='ltr'>utilitatem</span> <span class='ocrx_word' id='word_1_250' title='bbox 1608 2938 1680 2983; x_wconf 88' lang='lat' dir='ltr'>ac</span> <span class='ocrx_word' id='word_1_251' title='bbox 1726 2920 1957 2984; x_wconf 90' lang='lat' dir='ltr'>bonum</span> <span class='ocrx_word' id='word_1_252' title='bbox 2006 2920 2347 2986; x_wconf 88' lang='lat' dir='ltr'>ordinatur.</span> <span class='ocrx_word' id='word_1_253' title='bbox 2398 2921 2574 3001; x_wconf 82' lang='lat' dir='ltr'>Quod</span> <span class='ocrx_word' id='word_1_254' title='bbox 2623 2925 2835 2989; x_wconf 89' lang='lat' dir='ltr'>autem</span> 
     </span>
     <span class='ocr_line' id='line_1_27' title="bbox 373 3019 2835 3101; baseline 0.004 -17"><span class='ocrx_word' id='word_1_255' title='bbox 373 3019 584 3101; x_wconf 90' lang='lat' dir='ltr'>aliqua</span> <span class='ocrx_word' id='word_1_256' title='bbox 629 3022 915 3085; x_wconf 90' lang='lat' dir='ltr'>creatura</span> <span class='ocrx_word' id='word_1_257' title='bbox 963 3021 1286 3086; x_wconf 86' lang='lat' dir='ltr'>rationalis</span> <span class='ocrx_word' id='word_1_258' title='bbox 1318 3022 1381 3085; x_wconf 92' lang='lat' dir='ltr'>in</span> <span class='ocrx_word' id='word_1_259' title='bbox 1422 3022 1679 3086; x_wconf 89' lang='lat' dir='ltr'>alterius</span> <span class='ocrx_word' id='word_1_260' title='bbox 1710 3023 2056 3088; x_wconf 87' lang='lat' dir='ltr'>utilitatem</span> <span class='ocrx_word' id='word_1_261' title='bbox 2089 3029 2154 3089; x_wconf 88' lang='lat' dir='ltr'>et</span> <span class='ocrx_word' id='word_1_262' title='bbox 2190 3043 2311 3089; x_wconf 93' lang='lat' dir='ltr'>non</span> <span class='ocrx_word' id='word_1_263' title='bbox 2348 3026 2411 3089; x_wconf 91' lang='lat' dir='ltr'>in</span> <span class='ocrx_word' id='word_1_264' title='bbox 2447 3044 2630 3090; x_wconf 87' lang='lat' dir='ltr'>suam</span> <span class='ocrx_word' id='word_1_265' title='bbox 2677 3028 2835 3093; x_wconf 88' lang='lat' dir='ltr'>ordi-</span> 
     </span>
     <span class='ocr_line' id='line_1_28' title="bbox 372 3122 2835 3210; baseline 0.004 -25"><span class='ocrx_word' id='word_1_266' title='bbox 372 3123 574 3199; x_wconf 89' lang='lat' dir='ltr'>netur,</span> <span class='ocrx_word' id='word_1_267' title='bbox 609 3140 930 3186; x_wconf 84' lang='lat' dir='ltr'>servorum</span> <span class='ocrx_word' id='word_1_268' title='bbox 960 3123 1279 3206; x_wconf 89' lang='lat' dir='ltr'>proprium</span> <span class='ocrx_word' id='word_1_269' title='bbox 1310 3126 1405 3188; x_wconf 91' lang='lat' dir='ltr'>est</span> <span class='ocrx_word' id='word_1_270' title='bbox 1435 3124 1501 3188; x_wconf 89' lang='lat' dir='ltr'>et</span> <span class='ocrx_word' id='word_1_271' title='bbox 1533 3122 1876 3189; x_wconf 90' lang='lat' dir='ltr'>dominium</span> <span class='ocrx_word' id='word_1_272' title='bbox 1909 3126 2122 3210; x_wconf 83' lang='lat' dir='ltr'>arguit</span> <span class='ocrx_word' id='word_1_273' title='bbox 2167 3127 2232 3191; x_wconf 92' lang='lat' dir='ltr'>in</span> <span class='ocrx_word' id='word_1_274' title='bbox 2280 3147 2372 3203; x_wconf 93' lang='lat' dir='ltr'>eo,</span> <span class='ocrx_word' id='word_1_275' title='bbox 2406 3128 2514 3210; x_wconf 90' lang='lat' dir='ltr'>qui</span> <span class='ocrx_word' id='word_1_276' title='bbox 2547 3128 2623 3191; x_wconf 85' lang='lat' dir='ltr'>ad</span> <span class='ocrx_word' id='word_1_277' title='bbox 2653 3148 2835 3194; x_wconf 87' lang='lat' dir='ltr'>suam</span> 
     </span>
     <span class='ocr_line' id='line_1_29' title="bbox 373 3224 2836 3314; baseline 0.003 -26"><span class='ocrx_word' id='word_1_278' title='bbox 373 3224 718 3289; x_wconf 87' lang='lat' dir='ltr'>utilitatem</span> <span class='ocrx_word' id='word_1_279' title='bbox 751 3224 866 3288; x_wconf 87' lang='lat' dir='ltr'>tali</span> <span class='ocrx_word' id='word_1_280' title='bbox 896 3226 1179 3289; x_wconf 86' lang='lat' dir='ltr'>creatura</span> <span class='ocrx_word' id='word_1_281' title='bbox 1212 3226 1435 3290; x_wconf 89' lang='lat' dir='ltr'>utitur.</span> <span class='ocrx_word' id='word_1_282' title='bbox 1470 3226 1542 3290; x_wconf 94' lang='lat' dir='ltr'>In</span> <span class='ocrx_word' id='word_1_283' title='bbox 1574 3227 1690 3291; x_wconf 89' lang='lat' dir='ltr'>hoc</span> <span class='ocrx_word' id='word_1_284' title='bbox 1722 3227 1885 3292; x_wconf 91' lang='lat' dir='ltr'>enim</span> <span class='ocrx_word' id='word_1_285' title='bbox 1925 3247 2138 3292; x_wconf 88' lang='lat' dir='ltr'>servus</span> <span class='ocrx_word' id='word_1_286' title='bbox 2170 3228 2582 3314; x_wconf 88' lang='lat' dir='ltr'>distinguitur</span> <span class='ocrx_word' id='word_1_287' title='bbox 2629 3251 2662 3295; x_wconf 90' lang='lat' dir='ltr'>a</span> <span class='ocrx_word' id='word_1_288' title='bbox 2697 3233 2836 3296; x_wconf 91' lang='lat' dir='ltr'>sub-</span> 
     </span>
     <span class='ocr_line' id='line_1_30' title="bbox 372 3325 2832 3412; baseline 0.003 -22"><span class='ocrx_word' id='word_1_289' title='bbox 372 3326 525 3399; x_wconf 88' lang='lat' dir='ltr'>dito,</span> <span class='ocrx_word' id='word_1_290' title='bbox 560 3325 707 3407; x_wconf 91' lang='lat' dir='ltr'>quia</span> <span class='ocrx_word' id='word_1_291' title='bbox 737 3326 839 3389; x_wconf 91' lang='lat' dir='ltr'>hic</span> <span class='ocrx_word' id='word_1_292' title='bbox 860 3345 984 3390; x_wconf 93' lang='lat' dir='ltr'>non</span> <span class='ocrx_word' id='word_1_293' title='bbox 1015 3327 1136 3390; x_wconf 92' lang='lat' dir='ltr'>nisi</span> <span class='ocrx_word' id='word_1_294' title='bbox 1166 3326 1415 3409; x_wconf 89' lang='lat' dir='ltr'>politice</span> <span class='ocrx_word' id='word_1_295' title='bbox 1441 3328 1845 3410; x_wconf 89' lang='lat' dir='ltr'>gubernatur,</span> <span class='ocrx_word' id='word_1_296' title='bbox 1883 3328 1943 3392; x_wconf 92' lang='lat' dir='ltr'>id</span> <span class='ocrx_word' id='word_1_297' title='bbox 1981 3331 2074 3392; x_wconf 89' lang='lat' dir='ltr'>est</span> <span class='ocrx_word' id='word_1_298' title='bbox 2099 3328 2176 3392; x_wconf 84' lang='lat' dir='ltr'>ad</span> <span class='ocrx_word' id='word_1_299' title='bbox 2210 3330 2553 3394; x_wconf 83' lang='lat' dir='ltr'>utilitatem</span> <span class='ocrx_word' id='word_1_300' title='bbox 2580 3334 2832 3412; x_wconf 87' lang='lat' dir='ltr'>subditi,</span> 
     </span>
     <span class='ocr_line' id='line_1_31' title="bbox 370 3428 2836 3516; baseline 0.003 -24"><span class='ocrx_word' id='word_1_301' title='bbox 370 3447 585 3493; x_wconf 86' lang='lat' dir='ltr'>servus</span> <span class='ocrx_word' id='word_1_302' title='bbox 623 3447 767 3493; x_wconf 87' lang='lat' dir='ltr'>vero</span> <span class='ocrx_word' id='word_1_303' title='bbox 800 3428 1130 3512; x_wconf 86' lang='lat' dir='ltr'>despotice,</span> <span class='ocrx_word' id='word_1_304' title='bbox 1178 3428 1339 3493; x_wconf 88' lang='lat' dir='ltr'>idest</span> <span class='ocrx_word' id='word_1_305' title='bbox 1377 3428 1455 3492; x_wconf 90' lang='lat' dir='ltr'>ad</span> <span class='ocrx_word' id='word_1_306' title='bbox 1503 3447 1739 3493; x_wconf 88' lang='lat' dir='ltr'>meram</span> <span class='ocrx_word' id='word_1_307' title='bbox 1787 3430 2022 3494; x_wconf 87' lang='lat' dir='ltr'>domini</span> <span class='ocrx_word' id='word_1_308' title='bbox 2054 3431 2420 3496; x_wconf 87' lang='lat' dir='ltr'>utilitatem.</span> <span class='ocrx_word' id='word_1_309' title='bbox 2456 3432 2596 3497; x_wconf 92' lang='lat' dir='ltr'>Non</span> <span class='ocrx_word' id='word_1_310' title='bbox 2629 3438 2836 3516; x_wconf 90' lang='lat' dir='ltr'>potest</span> 
     </span>
     <span class='ocr_line' id='line_1_32' title="bbox 370 3529 2838 3615; baseline 0.003 -21"><span class='ocrx_word' id='word_1_311' title='bbox 370 3547 521 3613; x_wconf 89' lang='lat' dir='ltr'>ergo</span> <span class='ocrx_word' id='word_1_312' title='bbox 552 3529 899 3613; x_wconf 88' lang='lat' dir='ltr'>respublica</span> <span class='ocrx_word' id='word_1_313' title='bbox 944 3548 1303 3595; x_wconf 90' lang='lat' dir='ltr'>consumere</span> <span class='ocrx_word' id='word_1_314' title='bbox 1350 3530 1633 3594; x_wconf 90' lang='lat' dir='ltr'>subditos</span> <span class='ocrx_word' id='word_1_315' title='bbox 1674 3531 1750 3595; x_wconf 88' lang='lat' dir='ltr'>ad</span> <span class='ocrx_word' id='word_1_316' title='bbox 1791 3533 1888 3596; x_wconf 90' lang='lat' dir='ltr'>sui</span> <span class='ocrx_word' id='word_1_317' title='bbox 1918 3533 2297 3610; x_wconf 88' lang='lat' dir='ltr'>utilitatem;</span> <span class='ocrx_word' id='word_1_318' title='bbox 2332 3534 2481 3615; x_wconf 90' lang='lat' dir='ltr'>quia</span> <span class='ocrx_word' id='word_1_319' title='bbox 2512 3534 2629 3599; x_wconf 89' lang='lat' dir='ltr'>hoc</span> <span class='ocrx_word' id='word_1_320' title='bbox 2676 3541 2838 3602; x_wconf 88' lang='lat' dir='ltr'>esset</span> 
     </span>
     <span class='ocr_line' id='line_1_33' title="bbox 369 3633 2837 3721; baseline 0.002 -23"><span class='ocrx_word' id='word_1_321' title='bbox 369 3633 595 3698; x_wconf 88' lang='lat' dir='ltr'>habere</span> <span class='ocrx_word' id='word_1_322' title='bbox 647 3634 819 3699; x_wconf 86' lang='lat' dir='ltr'>illius</span> <span class='ocrx_word' id='word_1_323' title='bbox 876 3634 1221 3699; x_wconf 90' lang='lat' dir='ltr'>dominium</span> <span class='ocrx_word' id='word_1_324' title='bbox 1274 3636 1337 3698; x_wconf 91' lang='lat' dir='ltr'>et</span> <span class='ocrx_word' id='word_1_325' title='bbox 1384 3653 1507 3698; x_wconf 93' lang='lat' dir='ltr'>non</span> <span class='ocrx_word' id='word_1_326' title='bbox 1568 3635 1770 3698; x_wconf 90' lang='lat' dir='ltr'>solam</span> <span class='ocrx_word' id='word_1_327' title='bbox 1821 3636 2198 3718; x_wconf 90' lang='lat' dir='ltr'>potestatem</span> <span class='ocrx_word' id='word_1_328' title='bbox 2244 3637 2426 3701; x_wconf 92' lang='lat' dir='ltr'>illum</span> <span class='ocrx_word' id='word_1_329' title='bbox 2474 3638 2723 3721; x_wconf 89' lang='lat' dir='ltr'>regendi</span> <span class='ocrx_word' id='word_1_330' title='bbox 2773 3642 2837 3704; x_wconf 89' lang='lat' dir='ltr'>et</span> 
     </span>
     <span class='ocr_line' id='line_1_34' title="bbox 370 3735 2836 3824; baseline 0.004 -26"><span class='ocrx_word' id='word_1_331' title='bbox 370 3735 773 3821; x_wconf 88' lang='lat' dir='ltr'>gubernandi.</span> <span class='ocrx_word' id='word_1_332' title='bbox 807 3735 981 3801; x_wconf 89' lang='lat' dir='ltr'>Licet</span> <span class='ocrx_word' id='word_1_333' title='bbox 1028 3755 1174 3802; x_wconf 81' lang='lat' dir='ltr'>vero</span> <span class='ocrx_word' id='word_1_334' title='bbox 1220 3737 1499 3801; x_wconf 89' lang='lat' dir='ltr'>membra</span> <span class='ocrx_word' id='word_1_335' title='bbox 1546 3755 1668 3820; x_wconf 84' lang='lat' dir='ltr'>non</span> <span class='ocrx_word' id='word_1_336' title='bbox 1706 3738 1834 3802; x_wconf 90' lang='lat' dir='ltr'>sint</span> <span class='ocrx_word' id='word_1_337' title='bbox 1881 3739 2123 3821; x_wconf 88' lang='lat' dir='ltr'>proprie</span> <span class='ocrx_word' id='word_1_338' title='bbox 2161 3740 2278 3804; x_wconf 88' lang='lat' dir='ltr'>sub</span> <span class='ocrx_word' id='word_1_339' title='bbox 2309 3740 2582 3805; x_wconf 91' lang='lat' dir='ltr'>dominio</span> <span class='ocrx_word' id='word_1_340' title='bbox 2615 3760 2836 3824; x_wconf 88' lang='lat' dir='ltr'>suppo·</span> 
     </span>
     <span class='ocr_line' id='line_1_35' title="bbox 369 3838 2836 3922; baseline 0.004 -20"><span class='ocrx_word' id='word_1_341' title='bbox 369 3838 499 3915; x_wconf 89' lang='lat' dir='ltr'>siti,</span> <span class='ocrx_word' id='word_1_342' title='bbox 533 3838 740 3922; x_wconf 82' lang='lat' dir='ltr'>potest</span> <span class='ocrx_word' id='word_1_343' title='bbox 771 3839 981 3903; x_wconf 89' lang='lat' dir='ltr'>tamen</span> <span class='ocrx_word' id='word_1_344' title='bbox 1013 3839 1101 3904; x_wconf 91' lang='lat' dir='ltr'>eis</span> <span class='ocrx_word' id='word_1_345' title='bbox 1148 3840 1245 3904; x_wconf 92' lang='lat' dir='ltr'>uti</span> <span class='ocrx_word' id='word_1_346' title='bbox 1292 3843 1355 3904; x_wconf 92' lang='lat' dir='ltr'>et</span> <span class='ocrx_word' id='word_1_347' title='bbox 1387 3840 1635 3922; x_wconf 89' lang='lat' dir='ltr'>quidem</span> <span class='ocrx_word' id='word_1_348' title='bbox 1667 3859 1793 3905; x_wconf 92' lang='lat' dir='ltr'>non</span> <span class='ocrx_word' id='word_1_349' title='bbox 1824 3840 1887 3904; x_wconf 92' lang='lat' dir='ltr'>in</span> <span class='ocrx_word' id='word_1_350' title='bbox 1936 3842 2278 3907; x_wconf 88' lang='lat' dir='ltr'>utilitatem</span> <span class='ocrx_word' id='word_1_351' title='bbox 2310 3863 2543 3922; x_wconf 90' lang='lat' dir='ltr'>eorum,</span> <span class='ocrx_word' id='word_1_352' title='bbox 2579 3845 2686 3910; x_wconf 90' lang='lat' dir='ltr'>sed</span> <span class='ocrx_word' id='word_1_353' title='bbox 2730 3847 2836 3912; x_wconf 92' lang='lat' dir='ltr'>ho·</span> 
     </span>
     <span class='ocr_line' id='line_1_36' title="bbox 371 3941 2831 4027; baseline 0.004 -23"><span class='ocrx_word' id='word_1_354' title='bbox 371 3941 555 4005; x_wconf 91' lang='lat' dir='ltr'>minis</span> <span class='ocrx_word' id='word_1_355' title='bbox 586 3941 782 4024; x_wconf 90' lang='lat' dir='ltr'>ipsius</span> <span class='ocrx_word' id='word_1_356' title='bbox 812 3959 922 4004; x_wconf 92' lang='lat' dir='ltr'>nec</span> <span class='ocrx_word' id='word_1_357' title='bbox 956 3942 1233 4005; x_wconf 86' lang='lat' dir='ltr'>membra</span> <span class='ocrx_word' id='word_1_358' title='bbox 1257 3942 1488 4006; x_wconf 90' lang='lat' dir='ltr'>habent</span> <span class='ocrx_word' id='word_1_359' title='bbox 1520 3962 1626 4026; x_wconf 92' lang='lat' dir='ltr'>per</span> <span class='ocrx_word' id='word_1_360' title='bbox 1658 3961 1723 4007; x_wconf 89' lang='lat' dir='ltr'>se</span> <span class='ocrx_word' id='word_1_361' title='bbox 1747 3943 2115 4023; x_wconf 87' lang='lat' dir='ltr'>utilitatem,</span> <span class='ocrx_word' id='word_1_362' title='bbox 2143 3966 2302 4027; x_wconf 89' lang='lat' dir='ltr'>quae</span> <span class='ocrx_word' id='word_1_363' title='bbox 2324 3947 2562 4013; x_wconf 89' lang='lat' dir='ltr'>intendi</span> <span class='ocrx_word' id='word_1_364' title='bbox 2592 3949 2831 4023; x_wconf 88' lang='lat' dir='ltr'>debeat,</span> 
     </span>
     <span class='ocr_line' id='line_1_37' title="bbox 369 4042 2834 4129; baseline 0.004 -23"><span class='ocrx_word' id='word_1_365' title='bbox 369 4042 479 4107; x_wconf 91' lang='lat' dir='ltr'>sed</span> <span class='ocrx_word' id='word_1_366' title='bbox 508 4042 741 4106; x_wconf 89' lang='lat' dir='ltr'>habent</span> <span class='ocrx_word' id='word_1_367' title='bbox 783 4061 848 4107; x_wconf 93' lang='lat' dir='ltr'>se</span> <span class='ocrx_word' id='word_1_368' title='bbox 895 4043 1058 4107; x_wconf 89' lang='lat' dir='ltr'>sicut</span> <span class='ocrx_word' id='word_1_369' title='bbox 1102 4043 1261 4126; x_wconf 88' lang='lat' dir='ltr'>lapis</span> <span class='ocrx_word' id='word_1_370' title='bbox 1311 4047 1374 4108; x_wconf 91' lang='lat' dir='ltr'>et</span> <span class='ocrx_word' id='word_1_371' title='bbox 1417 4045 1678 4129; x_wconf 90' lang='lat' dir='ltr'>lignum,</span> <span class='ocrx_word' id='word_1_372' title='bbox 1729 4064 1997 4127; x_wconf 90' lang='lat' dir='ltr'>quorum</span> <span class='ocrx_word' id='word_1_373' title='bbox 2044 4047 2290 4113; x_wconf 88' lang='lat' dir='ltr'>utilitas</span> <span class='ocrx_word' id='word_1_374' title='bbox 2337 4069 2460 4114; x_wconf 93' lang='lat' dir='ltr'>non</span> <span class='ocrx_word' id='word_1_375' title='bbox 2491 4050 2834 4115; x_wconf 87' lang='lat' dir='ltr'>intenditur</span> 
     </span>
     <span class='ocr_line' id='line_1_38' title="bbox 368 4145 2832 4233; baseline 0.002 -23"><span class='ocrx_word' id='word_1_376' title='bbox 368 4146 434 4210; x_wconf 92' lang='lat' dir='ltr'>in</span> <span class='ocrx_word' id='word_1_377' title='bbox 482 4165 695 4210; x_wconf 90' lang='lat' dir='ltr'>earum</span> <span class='ocrx_word' id='word_1_378' title='bbox 740 4165 878 4210; x_wconf 90' lang='lat' dir='ltr'>usu.</span> <span class='ocrx_word' id='word_1_379' title='bbox 927 4145 1091 4211; x_wconf 91' lang='lat' dir='ltr'>Hinc</span> <span class='ocrx_word' id='word_1_380' title='bbox 1135 4165 1280 4230; x_wconf 87' lang='lat' dir='ltr'>ergo</span> <span class='ocrx_word' id='word_1_381' title='bbox 1316 4149 1427 4225; x_wconf 91' lang='lat' dir='ltr'>est,</span> <span class='ocrx_word' id='word_1_382' title='bbox 1478 4148 1643 4229; x_wconf 89' lang='lat' dir='ltr'>quod</span> <span class='ocrx_word' id='word_1_383' title='bbox 1674 4148 2022 4231; x_wconf 85' lang='lat' dir='ltr'>respublica</span> <span class='ocrx_word' id='word_1_384' title='bbox 2069 4169 2191 4214; x_wconf 93' lang='lat' dir='ltr'>non</span> <span class='ocrx_word' id='word_1_385' title='bbox 2239 4152 2436 4233; x_wconf 90' lang='lat' dir='ltr'>possit</span> <span class='ocrx_word' id='word_1_386' title='bbox 2483 4150 2832 4215; x_wconf 87' lang='lat' dir='ltr'>abscindere</span> 
     </span>
     <span class='ocr_line' id='line_1_39' title="bbox 368 4246 2833 4337; baseline 0.002 -26"><span class='ocrx_word' id='word_1_387' title='bbox 368 4247 695 4313; x_wconf 88' lang='lat' dir='ltr'>subditum</span> <span class='ocrx_word' id='word_1_388' title='bbox 728 4248 915 4328; x_wconf 71' lang='lat' dir='ltr'>atqtie</span> <span class='ocrx_word' id='word_1_389' title='bbox 962 4246 1233 4311; x_wconf 87' lang='lat' dir='ltr'>occidere</span> <span class='ocrx_word' id='word_1_390' title='bbox 1277 4248 1342 4312; x_wconf 91' lang='lat' dir='ltr'>in</span> <span class='ocrx_word' id='word_1_391' title='bbox 1380 4250 1725 4315; x_wconf 85' lang='lat' dir='ltr'>utilitatem</span> <span class='ocrx_word' id='word_1_392' title='bbox 1763 4252 1888 4328; x_wconf 80' lang='lat' dir='ltr'>sui3</span> <span class='ocrx_word' id='word_1_393' title='bbox 1925 4251 2070 4333; x_wconf 90' lang='lat' dir='ltr'>quia</span> <span class='ocrx_word' id='word_1_394' title='bbox 2104 4253 2308 4317; x_wconf 88' lang='lat' dir='ltr'>solum</span> <span class='ocrx_word' id='word_1_395' title='bbox 2339 4253 2645 4337; x_wconf 87' lang='lat' dir='ltr'>gubernat</span> <span class='ocrx_word' id='word_1_396' title='bbox 2692 4271 2833 4317; x_wconf 90' lang='lat' dir='ltr'>eum</span> 
     </span>
     <span class='ocr_line' id='line_1_40' title="bbox 367 4352 2833 4440; baseline 0.003 -25"><span class='ocrx_word' id='word_1_397' title='bbox 367 4352 648 4434; x_wconf 88' lang='lat' dir='ltr'>politice:</span> <span class='ocrx_word' id='word_1_398' title='bbox 683 4352 870 4416; x_wconf 92' lang='lat' dir='ltr'>homo</span> <span class='ocrx_word' id='word_1_399' title='bbox 911 4369 1055 4415; x_wconf 87' lang='lat' dir='ltr'>vero</span> <span class='ocrx_word' id='word_1_400' title='bbox 1087 4369 1302 4415; x_wconf 87' lang='lat' dir='ltr'>necare</span> <span class='ocrx_word' id='word_1_401' title='bbox 1333 4354 1530 4433; x_wconf 89' lang='lat' dir='ltr'>possit</span> <span class='ocrx_word' id='word_1_402' title='bbox 1574 4357 1922 4421; x_wconf 89' lang='lat' dir='ltr'>membrum</span> <span class='ocrx_word' id='word_1_403' title='bbox 1953 4356 2017 4421; x_wconf 92' lang='lat' dir='ltr'>in</span> <span class='ocrx_word' id='word_1_404' title='bbox 2056 4357 2400 4422; x_wconf 86' lang='lat' dir='ltr'>utilitatem</span> <span class='ocrx_word' id='word_1_405' title='bbox 2430 4377 2643 4434; x_wconf 65' lang='lat' dir='ltr'>suamz</span> <span class='ocrx_word' id='word_1_406' title='bbox 2685 4359 2833 4440; x_wconf 85' lang='lat' dir='ltr'>quia</span> 
     </span>
     <span class='ocr_line' id='line_1_41' title="bbox 368 4452 2833 4541; baseline 0.004 -24"><span class='ocrx_word' id='word_1_407' title='bbox 368 4472 491 4518; x_wconf 94' lang='lat' dir='ltr'>non</span> <span class='ocrx_word' id='word_1_408' title='bbox 516 4454 827 4539; x_wconf 89' lang='lat' dir='ltr'>gubernat</span> <span class='ocrx_word' id='word_1_409' title='bbox 858 4453 1017 4517; x_wconf 90' lang='lat' dir='ltr'>illud</span> <span class='ocrx_word' id='word_1_410' title='bbox 1048 4452 1317 4536; x_wconf 88' lang='lat' dir='ltr'>politice,</span> <span class='ocrx_word' id='word_1_411' title='bbox 1346 4454 1531 4518; x_wconf 90' lang='lat' dir='ltr'>scilic.</span> <span class='ocrx_word' id='word_1_412' title='bbox 1567 4457 1724 4521; x_wconf 92' lang='lat' dir='ltr'>nihil</span> <span class='ocrx_word' id='word_1_413' title='bbox 1757 4460 1926 4523; x_wconf 89' lang='lat' dir='ltr'>aliud</span> <span class='ocrx_word' id='word_1_414' title='bbox 1956 4459 2241 4537; x_wconf 89' lang='lat' dir='ltr'>intendit,</span> <span class='ocrx_word' id='word_1_415' title='bbox 2278 4479 2466 4541; x_wconf 89' lang='lat' dir='ltr'>quam</span> <span class='ocrx_word' id='word_1_416' title='bbox 2489 4460 2833 4526; x_wconf 82' lang='lat' dir='ltr'>utilitatem</span> 
     </span>
     <span class='ocr_line' id='line_1_42' title="bbox 369 4554 2428 4638; baseline 0.004 -20"><span class='ocrx_word' id='word_1_417' title='bbox 369 4556 710 4638; x_wconf 90' lang='lat' dir='ltr'>propriam,</span> <span class='ocrx_word' id='word_1_418' title='bbox 752 4555 829 4619; x_wconf 89' lang='lat' dir='ltr'>ad</span> <span class='ocrx_word' id='word_1_419' title='bbox 863 4574 1051 4637; x_wconf 89' lang='lat' dir='ltr'>quam</span> <span class='ocrx_word' id='word_1_420' title='bbox 1083 4554 1286 4619; x_wconf 92' lang='lat' dir='ltr'>solum</span> <span class='ocrx_word' id='word_1_421' title='bbox 1319 4555 1623 4621; x_wconf 87' lang='lat' dir='ltr'>eiusmodi</span> <span class='ocrx_word' id='word_1_422' title='bbox 1656 4561 1935 4625; x_wconf 89' lang='lat' dir='ltr'>membra</span> <span class='ocrx_word' id='word_1_423' title='bbox 1974 4563 2338 4628; x_wconf 90' lang='lat' dir='ltr'>ordinantur</span> <span class='ocrx_word' id='word_1_424' title='bbox 2368 4588 2428 4626; x_wconf 81' lang='grc'>».</span> 
     </span>
    </p>
   </div>
  </div>
 </body>
</html>
