<?xml version="1.0" encoding="UTF-8"?>
<!DOCTYPE html PUBLIC "-//W3C//DTD XHTML 1.0 Transitional//EN"
    "http://www.w3.org/TR/xhtml1/DTD/xhtml1-transitional.dtd">
<html xmlns="http://www.w3.org/1999/xhtml" xml:lang="en" lang="en">
 <head>
  <title>
</title>
<meta http-equiv="Content-Type" content="text/html;charset=utf-8" />
  <meta name='ocr-system' content='tesseract 3.04.00' />
  <meta name='ocr-capabilities' content='ocr_page ocr_carea ocr_par ocr_line ocrx_word'/>
</head>
<body>
  <div class='ocr_page' id='page_1' title='image "./opustheologicum00ballgoog/opustheologicum00ballgoog_0229.png"; bbox 0 0 3497 5147; ppageno 0'>
   <div class='ocr_carea' id='block_1_1' title="bbox 704 356 3164 433">
    <p class='ocr_par' dir='ltr' id='par_1_1' title="bbox 704 356 3164 433">
     <span class='ocr_line' id='line_1_1' title="bbox 704 356 3164 433; baseline 0 -24"><span class='ocrx_word' id='word_1_1' title='bbox 704 356 815 409; x_wconf 69' lang='lat'>222</span> <span class='ocrx_word' id='word_1_2' title='bbox 896 370 1109 412; x_wconf 60' lang='lat' dir='ltr'>‘rane-r.</span> <span class='ocrx_word' id='word_1_3' title='bbox 1137 371 1190 411; x_wconf 88' lang='lat' dir='ltr'>v.</span> <span class='ocrx_word' id='word_1_4' title='bbox 1215 370 1376 412; x_wconf 64' lang='lat' dir='ltr'>sacr.</span> <span class='ocrx_word' id='word_1_5' title='bbox 1404 370 1494 409; x_wconf 87' lang='lat'>111.</span> <span class='ocrx_word' id='word_1_6' title='bbox 1525 369 1611 408; x_wconf 72' lang='lat' dir='ltr'>nn</span> <span class='ocrx_word' id='word_1_7' title='bbox 1636 368 1959 409; x_wconf 63' lang='lat' dir='ltr'>caumana</span> <span class='ocrx_word' id='word_1_8' title='bbox 1983 368 2373 409; x_wconf 64' lang='lat' dir='ltr'>pannem-ns,</span> <span class='ocrx_word' id='word_1_9' title='bbox 2398 367 2598 409; x_wconf 74' lang='lat' dir='ltr'>CAPUT</span> <span class='ocrx_word' id='word_1_10' title='bbox 2621 368 2687 408; x_wconf 92' lang='lat'>11.</span> <span class='ocrx_word' id='word_1_11' title='bbox 2713 368 2858 411; x_wconf 75' lang='lat' dir='ltr'>nnn.</span> <span class='ocrx_word' id='word_1_12' title='bbox 2889 370 2943 409; x_wconf 84' lang='lat' dir='ltr'>v.</span> <span class='ocrx_word' id='word_1_13' title='bbox 3015 357 3164 433; x_wconf 80' lang='grc'>[3081</span> 
     </span>
    </p>
   </div>
   <div class='ocr_carea' id='block_1_2' title="bbox 690 465 3165 2189">
    <p class='ocr_par' dir='ltr' id='par_1_2' title="bbox 690 465 3165 2189">
     <span class='ocr_line' id='line_1_2' title="bbox 709 465 3165 549; baseline 0.003 -19"><span class='ocrx_word' id='word_1_14' title='bbox 709 486 817 548; x_wconf 89' lang='lat' dir='ltr'>per</span> <span class='ocrx_word' id='word_1_15' title='bbox 862 486 926 531; x_wconf 89' lang='lat' dir='ltr'>se</span> <span class='ocrx_word' id='word_1_16' title='bbox 972 486 1093 531; x_wconf 89' lang='lat' dir='ltr'>non</span> <span class='ocrx_word' id='word_1_17' title='bbox 1140 467 1345 543; x_wconf 87' lang='lat' dir='ltr'>datur,</span> <span class='ocrx_word' id='word_1_18' title='bbox 1380 467 1486 531; x_wconf 89' lang='lat' dir='ltr'>sed</span> <span class='ocrx_word' id='word_1_19' title='bbox 1531 466 1774 530; x_wconf 88' lang='lat' dir='ltr'>ratione</span> <span class='ocrx_word' id='word_1_20' title='bbox 1821 466 2098 543; x_wconf 86' lang='lat' dir='ltr'>alterius,</span> <span class='ocrx_word' id='word_1_21' title='bbox 2130 485 2348 549; x_wconf 81' lang='lat' dir='ltr'><strong>nempe</strong></span> <span class='ocrx_word' id='word_1_22' title='bbox 2384 465 2639 531; x_wconf 76' lang='lat' dir='ltr'>virtutis</span> <span class='ocrx_word' id='word_1_23' title='bbox 2670 468 3037 535; x_wconf 80' lang='lat' dir='ltr'>exercendae</span> <span class='ocrx_word' id='word_1_24' title='bbox 3067 473 3165 537; x_wconf 87' lang='lat' dir='ltr'>vel</span> 
     </span>
     <span class='ocr_line' id='line_1_3' title="bbox 704 566 3165 652; baseline 0.002 -20"><span class='ocrx_word' id='word_1_25' title='bbox 704 569 939 651; x_wconf 84' lang='lat' dir='ltr'>peccati</span> <span class='ocrx_word' id='word_1_26' title='bbox 987 569 1226 633; x_wconf 88' lang='lat' dir='ltr'>vitandi</span> <span class='ocrx_word' id='word_1_27' title='bbox 1271 573 1335 634; x_wconf 91' lang='lat' dir='ltr'>et</span> <span class='ocrx_word' id='word_1_28' title='bbox 1368 568 1443 633; x_wconf 89' lang='lat' dir='ltr'>ad</span> <span class='ocrx_word' id='word_1_29' title='bbox 1482 569 1641 633; x_wconf 88' lang='lat' dir='ltr'>hanc</span> <span class='ocrx_word' id='word_1_30' title='bbox 1686 568 2078 651; x_wconf 75' lang='lat' dir='ltr'>prudentiam</span> <span class='ocrx_word' id='word_1_31' title='bbox 2123 566 2479 645; x_wconf 80' lang='lat' dir='ltr'>docendam,</span> <span class='ocrx_word' id='word_1_32' title='bbox 2513 566 2663 649; x_wconf 89' lang='lat' dir='ltr'>quid</span> <span class='ocrx_word' id='word_1_33' title='bbox 2695 587 2914 652; x_wconf 85' lang='lat' dir='ltr'>nempe</span> <span class='ocrx_word' id='word_1_34' title='bbox 2944 571 3009 635; x_wconf 89' lang='lat' dir='ltr'>in</span> <span class='ocrx_word' id='word_1_35' title='bbox 3047 573 3165 638; x_wconf 86' lang='lat' dir='ltr'>sin-</span> 
     </span>
     <span class='ocr_line' id='line_1_4' title="bbox 704 671 3164 760; baseline 0.002 -26"><span class='ocrx_word' id='word_1_36' title='bbox 704 673 871 755; x_wconf 85' lang='lat' dir='ltr'>gulis</span> <span class='ocrx_word' id='word_1_37' title='bbox 902 674 1146 738; x_wconf 85' lang='lat' dir='ltr'>casibus</span> <span class='ocrx_word' id='word_1_38' title='bbox 1187 674 1473 756; x_wconf 76' lang='lat' dir='ltr'>oporteat</span> <span class='ocrx_word' id='word_1_39' title='bbox 1503 671 1720 748; x_wconf 85' lang='lat' dir='ltr'>facere,</span> <span class='ocrx_word' id='word_1_40' title='bbox 1756 671 2046 735; x_wconf 84' lang='lat' dir='ltr'>universa</span> <span class='ocrx_word' id='word_1_41' title='bbox 2077 671 2420 756; x_wconf 84' lang='lat' dir='ltr'>Theologia</span> <span class='ocrx_word' id='word_1_42' title='bbox 2440 672 2698 736; x_wconf 88' lang='lat' dir='ltr'>moralis</span> <span class='ocrx_word' id='word_1_43' title='bbox 2728 676 2989 755; x_wconf 86' lang='lat' dir='ltr'>spectat.</span> <span class='ocrx_word' id='word_1_44' title='bbox 3024 675 3164 760; x_wconf 86' lang='lat' dir='ltr'>Spe-</span> 
     </span>
     <span class='ocr_line' id='line_1_5' title="bbox 700 774 3158 858; baseline 0.002 -21"><span class='ocrx_word' id='word_1_45' title='bbox 700 775 915 839; x_wconf 81' lang='lat' dir='ltr'>ciatim</span> <span class='ocrx_word' id='word_1_46' title='bbox 948 795 1093 841; x_wconf 78' lang='lat' dir='ltr'>vero</span> <span class='ocrx_word' id='word_1_47' title='bbox 1128 795 1287 857; x_wconf 89' lang='lat' dir='ltr'>quae</span> <span class='ocrx_word' id='word_1_48' title='bbox 1317 776 1484 840; x_wconf 89' lang='lat' dir='ltr'>dicta</span> <span class='ocrx_word' id='word_1_49' title='bbox 1516 777 1664 839; x_wconf 88' lang='lat' dir='ltr'>sunt</span> <span class='ocrx_word' id='word_1_50' title='bbox 1693 775 1758 838; x_wconf 89' lang='lat' dir='ltr'>in</span> <span class='ocrx_word' id='word_1_51' title='bbox 1792 776 1853 838; x_wconf 88' lang='lat'>2.</span> <span class='ocrx_word' id='word_1_52' title='bbox 1881 774 2184 838; x_wconf 86' lang='lat' dir='ltr'>Tractatu</span> <span class='ocrx_word' id='word_1_53' title='bbox 2215 774 2289 838; x_wconf 90' lang='lat' dir='ltr'>de</span> <span class='ocrx_word' id='word_1_54' title='bbox 2320 793 2441 838; x_wconf 90' lang='lat' dir='ltr'>usu</span> <span class='ocrx_word' id='word_1_55' title='bbox 2464 774 2771 857; x_wconf 80' lang='lat' dir='ltr'>opinionis</span> <span class='ocrx_word' id='word_1_56' title='bbox 2801 777 3158 858; x_wconf 83' lang='lat' dir='ltr'>probabilis,</span> 
     </span>
     <span class='ocr_line' id='line_1_6' title="bbox 699 876 3163 964; baseline 0.002 -23"><span class='ocrx_word' id='word_1_57' title='bbox 699 878 1156 960; x_wconf 84' lang='lat' dir='ltr'>probabilioris,</span> <span class='ocrx_word' id='word_1_58' title='bbox 1197 878 1474 955; x_wconf 77' lang='lat' dir='ltr'>tutioriS‚</span> <span class='ocrx_word' id='word_1_59' title='bbox 1513 895 1585 942; x_wconf 92' lang='lat' dir='ltr'>eo</span> <span class='ocrx_word' id='word_1_60' title='bbox 1632 877 1944 960; x_wconf 89' lang='lat' dir='ltr'>pertinent</span> <span class='ocrx_word' id='word_1_61' title='bbox 1987 877 2063 940; x_wconf 94' lang='lat' dir='ltr'>ut</span> <span class='ocrx_word' id='word_1_62' title='bbox 2107 876 2423 961; x_wconf 83' lang='lat' dir='ltr'>generales</span> <span class='ocrx_word' id='word_1_63' title='bbox 2469 876 2775 958; x_wconf 83' lang='lat' dir='ltr'>quaedam</span> <span class='ocrx_word' id='word_1_64' title='bbox 2804 878 2974 963; x_wconf 83' lang='lat' dir='ltr'>leges</span> <span class='ocrx_word' id='word_1_65' title='bbox 3021 901 3163 964; x_wconf 89' lang='lat' dir='ltr'>pru-</span> 
     </span>
     <span class='ocr_line' id='line_1_7' title="bbox 697 979 3159 1064; baseline 0.002 -21"><span class='ocrx_word' id='word_1_66' title='bbox 697 981 944 1045; x_wconf 75' lang='lat' dir='ltr'>dentiae</span> <span class='ocrx_word' id='word_1_67' title='bbox 970 982 1319 1058; x_wconf 86' lang='lat' dir='ltr'>tradantur‚</span> <span class='ocrx_word' id='word_1_68' title='bbox 1354 999 1509 1063; x_wconf 90' lang='lat' dir='ltr'>quas</span> <span class='ocrx_word' id='word_1_69' title='bbox 1541 981 1604 1044; x_wconf 92' lang='lat' dir='ltr'>in</span> <span class='ocrx_word' id='word_1_70' title='bbox 1631 980 1896 1064; x_wconf 86' lang='lat' dir='ltr'>singulis</span> <span class='ocrx_word' id='word_1_71' title='bbox 1921 979 2164 1043; x_wconf 85' lang='lat' dir='ltr'>casibus</span> <span class='ocrx_word' id='word_1_72' title='bbox 2189 998 2433 1043; x_wconf 87' lang='lat' dir='ltr'>servare</span> <span class='ocrx_word' id='word_1_73' title='bbox 2459 980 2706 1061; x_wconf 75' lang='lat' dir='ltr'>oportet</span> <span class='ocrx_word' id='word_1_74' title='bbox 2729 980 2807 1044; x_wconf 86' lang='lat' dir='ltr'>ad</span> <span class='ocrx_word' id='word_1_75' title='bbox 2829 982 3159 1063; x_wconf 86' lang='lat' dir='ltr'>prudenter</span> 
     </span>
     <span class='ocr_line' id='line_1_8' title="bbox 697 1080 3159 1167; baseline 0.002 -20"><span class='ocrx_word' id='word_1_76' title='bbox 697 1083 1026 1167; x_wconf 81' lang='lat' dir='ltr'>agendum.</span> <span class='ocrx_word' id='word_1_77' title='bbox 1056 1084 1227 1148; x_wconf 90' lang='lat' dir='ltr'>Idem</span> <span class='ocrx_word' id='word_1_78' title='bbox 1261 1102 1443 1167; x_wconf 90' lang='lat' dir='ltr'>porro</span> <span class='ocrx_word' id='word_1_79' title='bbox 1471 1083 1545 1147; x_wconf 89' lang='lat' dir='ltr'>de</span> <span class='ocrx_word' id='word_1_80' title='bbox 1576 1081 1980 1145; x_wconf 68' lang='lat' dir='ltr'>Boo-titudine</span> <span class='ocrx_word' id='word_1_81' title='bbox 2027 1080 2372 1157; x_wconf 88' lang='lat' dir='ltr'>dicendum,</span> <span class='ocrx_word' id='word_1_82' title='bbox 2397 1100 2558 1162; x_wconf 88' lang='lat' dir='ltr'>quae</span> <span class='ocrx_word' id='word_1_83' title='bbox 2586 1082 2791 1147; x_wconf 79' lang='lat' dir='ltr'>virtus</span> <span class='ocrx_word' id='word_1_84' title='bbox 2835 1085 2949 1159; x_wconf 81' lang='lat' dir='ltr'>est,</span> <span class='ocrx_word' id='word_1_85' title='bbox 2999 1105 3159 1167; x_wconf 90' lang='lat' dir='ltr'>quae</span> 
     </span>
     <span class='ocr_line' id='line_1_9' title="bbox 696 1183 3158 1266; baseline 0.002 -17"><span class='ocrx_word' id='word_1_86' title='bbox 696 1189 908 1250; x_wconf 88' lang='lat' dir='ltr'>motus</span> <span class='ocrx_word' id='word_1_87' title='bbox 958 1186 1149 1250; x_wconf 88' lang='lat' dir='ltr'>animi</span> <span class='ocrx_word' id='word_1_88' title='bbox 1196 1187 1260 1249; x_wconf 92' lang='lat' dir='ltr'>in</span> <span class='ocrx_word' id='word_1_89' title='bbox 1307 1186 1491 1250; x_wconf 90' lang='lat' dir='ltr'>rebus</span> <span class='ocrx_word' id='word_1_90' title='bbox 1547 1185 1948 1261; x_wconf 81' lang='lat' dir='ltr'>terribilibus,</span> <span class='ocrx_word' id='word_1_91' title='bbox 1997 1183 2362 1266; x_wconf 85' lang='lat' dir='ltr'>praesertim</span> <span class='ocrx_word' id='word_1_92' title='bbox 2420 1183 2709 1265; x_wconf 89' lang='lat' dir='ltr'>periculis</span> <span class='ocrx_word' id='word_1_93' title='bbox 2769 1187 3009 1263; x_wconf 85' lang='lat' dir='ltr'>mortis,</span> <span class='ocrx_word' id='word_1_94' title='bbox 3058 1207 3158 1253; x_wconf 90' lang='lat' dir='ltr'>su-</span> 
     </span>
     <span class='ocr_line' id='line_1_10' title="bbox 697 1284 3159 1372; baseline 0.001 -21"><span class='ocrx_word' id='word_1_95' title='bbox 697 1287 995 1352; x_wconf 87' lang='lat' dir='ltr'>stinendis</span> <span class='ocrx_word' id='word_1_96' title='bbox 1021 1288 1120 1352; x_wconf 85' lang='lat' dir='ltr'>vel</span> <span class='ocrx_word' id='word_1_97' title='bbox 1143 1287 1507 1371; x_wconf 88' lang='lat' dir='ltr'>repellendis</span> <span class='ocrx_word' id='word_1_98' title='bbox 1538 1287 1926 1361; x_wconf 58' lang='lat' dir='ltr'>moderatum</span> <span class='ocrx_word' id='word_1_99' title='bbox 1953 1305 2096 1349; x_wconf 88' lang='lat' dir='ltr'>nam</span> <span class='ocrx_word' id='word_1_100' title='bbox 2121 1305 2231 1349; x_wconf 88' lang='lat' dir='ltr'>nec</span> <span class='ocrx_word' id='word_1_101' title='bbox 2261 1284 2335 1348; x_wconf 92' lang='lat' dir='ltr'>de</span> <span class='ocrx_word' id='word_1_102' title='bbox 2358 1285 2476 1349; x_wconf 91' lang='lat' dir='ltr'>hac</span> <span class='ocrx_word' id='word_1_103' title='bbox 2504 1285 2740 1351; x_wconf 82' lang='lat' dir='ltr'>virtute</span> <span class='ocrx_word' id='word_1_104' title='bbox 2763 1291 3159 1372; x_wconf 87' lang='lat' dir='ltr'>pracceptum</span> 
     </span>
     <span class='ocr_line' id='line_1_11' title="bbox 696 1388 3156 1477; baseline 0.001 -22"><span class='ocrx_word' id='word_1_105' title='bbox 696 1412 806 1474; x_wconf 92' lang='lat' dir='ltr'>per</span> <span class='ocrx_word' id='word_1_106' title='bbox 853 1411 915 1455; x_wconf 90' lang='lat' dir='ltr'>se</span> <span class='ocrx_word' id='word_1_107' title='bbox 962 1390 1167 1467; x_wconf 81' lang='lat' dir='ltr'>datur,</span> <span class='ocrx_word' id='word_1_108' title='bbox 1218 1412 1361 1455; x_wconf 88' lang='lat' dir='ltr'>cum</span> <span class='ocrx_word' id='word_1_109' title='bbox 1406 1411 1515 1455; x_wconf 79' lang='lat' dir='ltr'>nec</span> <span class='ocrx_word' id='word_1_110' title='bbox 1561 1409 1806 1455; x_wconf 84' lang='lat' dir='ltr'>necesse</span> <span class='ocrx_word' id='word_1_111' title='bbox 1852 1390 1936 1453; x_wconf 87' lang='lat' dir='ltr'>sit</span> <span class='ocrx_word' id='word_1_112' title='bbox 1984 1408 2137 1472; x_wconf 89' lang='lat' dir='ltr'>opus</span> <span class='ocrx_word' id='word_1_113' title='bbox 2191 1388 2598 1466; x_wconf 75' lang='lat' dir='ltr'>fortitudinia,</span> <span class='ocrx_word' id='word_1_114' title='bbox 2647 1392 2803 1472; x_wconf 87' lang='lat' dir='ltr'>puta</span> <span class='ocrx_word' id='word_1_115' title='bbox 2848 1394 3156 1477; x_wconf 77' lang='lat' dir='ltr'>martyrii,</span> 
     </span>
     <span class='ocr_line' id='line_1_12' title="bbox 696 1490 3157 1577; baseline 0.001 -19"><span class='ocrx_word' id='word_1_116' title='bbox 696 1513 919 1577; x_wconf 90' lang='lat' dir='ltr'>ponere</span> <span class='ocrx_word' id='word_1_117' title='bbox 964 1496 1216 1577; x_wconf 89' lang='lat' dir='ltr'>propter</span> <span class='ocrx_word' id='word_1_118' title='bbox 1261 1495 1652 1559; x_wconf 83' lang='lat' dir='ltr'>honestatem</span> <span class='ocrx_word' id='word_1_119' title='bbox 1700 1492 1886 1557; x_wconf 91' lang='lat' dir='ltr'>huius</span> <span class='ocrx_word' id='word_1_120' title='bbox 1935 1491 2209 1568; x_wconf 86' lang='lat' dir='ltr'>virtutis,</span> <span class='ocrx_word' id='word_1_121' title='bbox 2245 1490 2346 1555; x_wconf 91' lang='lat' dir='ltr'>sed</span> <span class='ocrx_word' id='word_1_122' title='bbox 2395 1492 2594 1574; x_wconf 90' lang='lat' dir='ltr'>possis</span> <span class='ocrx_word' id='word_1_123' title='bbox 2625 1511 2698 1556; x_wconf 83' lang='lat' dir='ltr'>ex</span> <span class='ocrx_word' id='word_1_124' title='bbox 2735 1493 2858 1558; x_wconf 88' lang='lat' dir='ltr'>alio</span> <span class='ocrx_word' id='word_1_125' title='bbox 2897 1495 3157 1574; x_wconf 83' lang='lat' dir='ltr'>motivo,</span> 
     </span>
     <span class='ocr_line' id='line_1_13' title="bbox 696 1593 3156 1680; baseline 0.001 -20"><span class='ocrx_word' id='word_1_126' title='bbox 696 1599 849 1679; x_wconf 90' lang='lat' dir='ltr'>puta</span> <span class='ocrx_word' id='word_1_127' title='bbox 879 1597 1184 1674; x_wconf 84' lang='lat' dir='ltr'>caritatis,</span> <span class='ocrx_word' id='word_1_128' title='bbox 1219 1596 1380 1673; x_wconf 89' lang='lat' dir='ltr'>fidei,</span> <span class='ocrx_word' id='word_1_129' title='bbox 1414 1596 1726 1661; x_wconf 84' lang='lat' dir='ltr'>castitatis</span> <span class='ocrx_word' id='word_1_130' title='bbox 1759 1614 1969 1678; x_wconf 89' lang='lat' dir='ltr'>agere:</span> <span class='ocrx_word' id='word_1_131' title='bbox 2005 1612 2150 1658; x_wconf 78' lang='lat' dir='ltr'>vero</span> <span class='ocrx_word' id='word_1_132' title='bbox 2189 1593 2583 1675; x_wconf 87' lang='lat' dir='ltr'>quandonam</span> <span class='ocrx_word' id='word_1_133' title='bbox 2613 1613 2856 1661; x_wconf 89' lang='lat' dir='ltr'>necesse</span> <span class='ocrx_word' id='word_1_134' title='bbox 2888 1595 2974 1659; x_wconf 91' lang='lat' dir='ltr'>sit</span> <span class='ocrx_word' id='word_1_135' title='bbox 3006 1615 3156 1680; x_wconf 89' lang='lat' dir='ltr'>opus</span> 
     </span>
     <span class='ocr_line' id='line_1_14' title="bbox 692 1695 3156 1781; baseline 0.001 -20"><span class='ocrx_word' id='word_1_136' title='bbox 692 1698 1079 1763; x_wconf 86' lang='lat' dir='ltr'>fortitudinis</span> <span class='ocrx_word' id='word_1_137' title='bbox 1105 1718 1398 1775; x_wconf 81' lang='lat' dir='ltr'>exercere,</span> <span class='ocrx_word' id='word_1_138' title='bbox 1423 1699 1485 1763; x_wconf 93' lang='lat' dir='ltr'>id</span> <span class='ocrx_word' id='word_1_139' title='bbox 1504 1698 1778 1763; x_wconf 78' lang='lat' dir='ltr'>traditur</span> <span class='ocrx_word' id='word_1_140' title='bbox 1799 1698 1863 1761; x_wconf 89' lang='lat' dir='ltr'>in</span> <span class='ocrx_word' id='word_1_141' title='bbox 1888 1696 2152 1781; x_wconf 82' lang='lat' dir='ltr'>singulis</span> <span class='ocrx_word' id='word_1_142' title='bbox 2174 1695 2348 1772; x_wconf 84' lang='lat' dir='ltr'>locis,</span> <span class='ocrx_word' id='word_1_143' title='bbox 2374 1696 2482 1760; x_wconf 90' lang='lat' dir='ltr'>ubi</span> <span class='ocrx_word' id='word_1_144' title='bbox 2504 1697 2845 1778; x_wconf 86' lang='lat' dir='ltr'>quaeritur,</span> <span class='ocrx_word' id='word_1_145' title='bbox 2868 1717 2948 1762; x_wconf 88' lang='lat' dir='ltr'>an</span> <span class='ocrx_word' id='word_1_146' title='bbox 2972 1698 3156 1764; x_wconf 84' lang='lat' dir='ltr'>liceat</span> 
     </span>
     <span class='ocr_line' id='line_1_15' title="bbox 694 1798 3153 1882; baseline 0.001 -18"><span class='ocrx_word' id='word_1_147' title='bbox 694 1801 929 1882; x_wconf 84' lang='lat' dir='ltr'>aliquid</span> <span class='ocrx_word' id='word_1_148' title='bbox 976 1802 1174 1865; x_wconf 84' lang='lat' dir='ltr'>facere</span> <span class='ocrx_word' id='word_1_149' title='bbox 1223 1802 1299 1865; x_wconf 91' lang='lat' dir='ltr'>ad</span> <span class='ocrx_word' id='word_1_150' title='bbox 1344 1803 1612 1867; x_wconf 89' lang='lat' dir='ltr'>mortem</span> <span class='ocrx_word' id='word_1_151' title='bbox 1644 1800 1744 1864; x_wconf 87' lang='lat' dir='ltr'>vel</span> <span class='ocrx_word' id='word_1_152' title='bbox 1791 1799 1960 1864; x_wconf 88' lang='lat' dir='ltr'>aliud</span> <span class='ocrx_word' id='word_1_153' title='bbox 1992 1817 2181 1882; x_wconf 86' lang='lat' dir='ltr'>grave</span> <span class='ocrx_word' id='word_1_154' title='bbox 2228 1798 2524 1862; x_wconf 87' lang='lat' dir='ltr'>damnum</span> <span class='ocrx_word' id='word_1_155' title='bbox 2560 1799 2890 1864; x_wconf 89' lang='lat' dir='ltr'>vitandum</span> <span class='ocrx_word' id='word_1_156' title='bbox 2920 1802 3153 1866; x_wconf 89' lang='lat' dir='ltr'>etcum</span> 
     </span>
     <span class='ocr_line' id='line_1_16' title="bbox 691 1900 3152 1986; baseline 0 -20"><span class='ocrx_word' id='word_1_157' title='bbox 691 1904 1013 1984; x_wconf 84' lang='lat' dir='ltr'>quaeritur</span> <span class='ocrx_word' id='word_1_158' title='bbox 1060 1923 1138 1966; x_wconf 91' lang='lat' dir='ltr'>an</span> <span class='ocrx_word' id='word_1_159' title='bbox 1179 1904 1431 1986; x_wconf 87' lang='lat' dir='ltr'>aliquod</span> <span class='ocrx_word' id='word_1_160' title='bbox 1477 1905 1874 1986; x_wconf 86' lang='lat' dir='ltr'>praeceptum</span> <span class='ocrx_word' id='word_1_161' title='bbox 1911 1920 2149 1983; x_wconf 90' lang='lat' dir='ltr'>semper</span> <span class='ocrx_word' id='word_1_162' title='bbox 2180 1900 2416 1984; x_wconf 86' lang='lat' dir='ltr'>obliget</span> <span class='ocrx_word' id='word_1_163' title='bbox 2452 1900 2643 1964; x_wconf 87' lang='lat' dir='ltr'>etiam</span> <span class='ocrx_word' id='word_1_164' title='bbox 2689 1921 2831 1966; x_wconf 87' lang='lat' dir='ltr'>cum</span> <span class='ocrx_word' id='word_1_165' title='bbox 2879 1903 3152 1985; x_wconf 85' lang='lat' dir='ltr'>periculo</span> 
     </span>
     <span class='ocr_line' id='line_1_17' title="bbox 690 2003 3153 2088; baseline 0.002 -22"><span class='ocrx_word' id='word_1_166' title='bbox 690 2006 880 2067; x_wconf 86' lang='lat' dir='ltr'>vitae.</span> <span class='ocrx_word' id='word_1_167' title='bbox 930 2004 1186 2083; x_wconf 83' lang='lat' dir='ltr'>Quoties</span> <span class='ocrx_word' id='word_1_168' title='bbox 1234 2008 1396 2070; x_wconf 89' lang='lat' dir='ltr'>enim</span> <span class='ocrx_word' id='word_1_169' title='bbox 1427 2007 1490 2070; x_wconf 91' lang='lat' dir='ltr'>in</span> <span class='ocrx_word' id='word_1_170' title='bbox 1524 2006 1620 2070; x_wconf 88' lang='lat' dir='ltr'>his</span> <span class='ocrx_word' id='word_1_171' title='bbox 1667 2005 1912 2070; x_wconf 88' lang='lat' dir='ltr'>casibus</span> <span class='ocrx_word' id='word_1_172' title='bbox 1962 2003 2259 2068; x_wconf 89' lang='lat' dir='ltr'>asseritur</span> <span class='ocrx_word' id='word_1_173' title='bbox 2288 2004 2621 2069; x_wconf 88' lang='lat' dir='ltr'>necessitas</span> <span class='ocrx_word' id='word_1_174' title='bbox 2667 2006 2957 2071; x_wconf 82' lang='lat' dir='ltr'>servandi</span> <span class='ocrx_word' id='word_1_175' title='bbox 2986 2025 3153 2088; x_wconf 87' lang='lat' dir='ltr'>prae-</span> 
     </span>
     <span class='ocr_line' id='line_1_18' title="bbox 694 2106 3150 2189; baseline 0.002 -20"><span class='ocrx_word' id='word_1_176' title='bbox 694 2107 857 2189; x_wconf 81' lang='lat' dir='ltr'>cepti</span> <span class='ocrx_word' id='word_1_177' title='bbox 886 2107 985 2171; x_wconf 87' lang='lat' dir='ltr'>vel</span> <span class='ocrx_word' id='word_1_178' title='bbox 1016 2109 1378 2174; x_wconf 85' lang='lat' dir='ltr'>exercendae</span> <span class='ocrx_word' id='word_1_179' title='bbox 1401 2109 1677 2185; x_wconf 76' lang='lat' dir='ltr'>virtutiS‚</span> <span class='ocrx_word' id='word_1_180' title='bbox 1705 2106 2004 2173; x_wconf 88' lang='lat' dir='ltr'>asseritur</span> <span class='ocrx_word' id='word_1_181' title='bbox 2027 2124 2274 2189; x_wconf 87' lang='lat' dir='ltr'>quoque</span> <span class='ocrx_word' id='word_1_182' title='bbox 2293 2106 2627 2171; x_wconf 89' lang='lat' dir='ltr'>necessitas</span> <span class='ocrx_word' id='word_1_183' title='bbox 2650 2108 2919 2189; x_wconf 89' lang='lat' dir='ltr'>ponendi</span> <span class='ocrx_word' id='word_1_184' title='bbox 2943 2110 3150 2174; x_wconf 86' lang='lat' dir='ltr'>actum</span> 
     </span>
    </p>
   </div>
   <div class='ocr_carea' id='block_1_3' title="bbox 688 2211 2487 2405">
    <p class='ocr_par' dir='ltr' id='par_1_3' title="bbox 688 2211 2487 2405">
     <span class='ocr_line' id='line_1_19' title="bbox 688 2211 1092 2277; baseline 0.005 -3"><span class='ocrx_word' id='word_1_185' title='bbox 688 2211 1092 2277; x_wconf 89' lang='lat' dir='ltr'>fortitudinis.</span> 
     </span>
     <span class='ocr_line' id='line_1_20' title="bbox 775 2317 2487 2405; baseline 0 -24"><span class='ocrx_word' id='word_1_186' title='bbox 775 2318 996 2401; x_wconf 85' lang='lat' dir='ltr'>Itaque</span> <span class='ocrx_word' id='word_1_187' title='bbox 1033 2320 1299 2404; x_wconf 83' lang='lat' dir='ltr'>gradum</span> <span class='ocrx_word' id='word_1_188' title='bbox 1335 2322 1598 2387; x_wconf 87' lang='lat' dir='ltr'>facimus</span> <span class='ocrx_word' id='word_1_189' title='bbox 1631 2322 1708 2386; x_wconf 90' lang='lat' dir='ltr'>ad</span> <span class='ocrx_word' id='word_1_190' title='bbox 1746 2321 2072 2405; x_wconf 84' lang='lat' dir='ltr'>praecepta</span> <span class='ocrx_word' id='word_1_191' title='bbox 2109 2317 2424 2402; x_wconf 86' lang='lat' dir='ltr'>Decalogi.</span> <span class='ocrx_word' id='word_1_192' title='bbox 2453 2318 2487 2356; x_wconf 81' lang='lat'>&#39;¹‘</span> 
     </span>
    </p>
   </div>
   <div class='ocr_carea' id='block_1_4' title="bbox 3473 2950 3487 3880">
    <p class='ocr_par' dir='ltr' id='par_1_4' title="bbox 3473 2950 3487 3880">
     <span class='ocr_line' id='line_1_21' title="bbox 3473 2950 3487 3880; baseline 0 0"><span class='ocrx_word' id='word_1_193' title='bbox 3473 2950 3487 3880; x_wconf 95' lang='lat' dir='ltr'> </span> 
     </span>
    </p>
   </div>
  </div>
 </body>
</html>
