3497 5147
689 328 796 382 326
880 341 1091 382 rarior.
1121 343 1197 383 ν1.
1226 341 1387 383 sacr.
1417 343 1455 381 1.
1486 342 1567 381 nm
1592 339 1784 380 ano
1812 337 2027 378 61111116.
2053 335 2382 376 1161633061.
2409 335 2542 376 cn.
2570 334 2634 375 11.
2660 334 2804 376 nnn.
2833 335 2922 376 111.
3008 320 3157 396 [438]

689 438 914 513 tualis;
965 438 1366 504 nihilominus
1397 439 1704 520 quatenus
1741 436 1851 499 dat
1883 432 2223 517 temporale
2270 431 2617 515 praemium
2655 432 2836 496 illum
2881 436 3154 518 cogendo

689 541 753 604 et
784 540 1114 624 obligando
1150 541 1224 604 ad
1260 542 1384 604 tale
1418 559 1592 623 opus,
1625 558 1840 602 revera
1872 556 1995 600 non
2027 536 2180 599 facit
2208 535 2606 599 donationem
2639 535 3047 619 temporalem
3087 538 3158 602 li-

691 642 980 719 beralem,
1014 643 1120 706 sed
1154 662 1477 708 onerosam
1507 644 1571 706 et
1601 641 1738 706 ideo
1777 640 1841 705 id
1865 659 1987 704 11011
2021 638 2232 704 obstat
2263 637 2597 720 quominus
2629 637 2740 702 illa
2785 639 2871 703 sit
2903 660 3047 704 vera
3080 642 3158 705 si·

692 747 902 812 monia
933 772 995 808 ›.
1030 746 1377 811 Adducitur
1423 747 1487 809 et
1532 745 1875 809 auctoritas
1923 763 1971 806 6.
2007 742 2282 806 Τ11011136
2321 743 2381 804 2.
2418 743 2478 804 2.
2512 761 2570 823 q.
2611 742 2757 806 100.
2795 762 2851 808 a.
2886 745 2948 807 3.
2983 746 3059 809 ad
3090 747 3153 808 4.

692 850 800 931 qui
831 851 894 913 et
925 849 1100 913 citat.
1149 869 1201 913 c.
1244 849 1447 929 Quam
1471 849 1584 927 pio
1617 869 1667 912 c.
1710 849 1765 910 1.
1802 867 1860 928 q.
1899 849 1959 909 2.
2091 897 2097 903 .

786 952 1019 1014 Verum
1054 970 1149 1014 res
1196 970 1319 1016 non
1350 952 1444 1015 est
1477 951 1725 1014 evidens
1758 952 1821 1013 et
1853 948 2234 1012 contrariam
2268 948 2620 1030 opinionem
2652 952 2998 1030 sequuntur
3045 951 3154 1014 alii

686 1054 873 1120 citati
906 1073 942 1118 a
974 1053 1200 1118 Suarez
1234 1055 1460 1118 ibidem
1492 1075 1552 1118 11.
1584 1055 1708 1130 10.,
1734 1053 1896 1116 inter
1928 1071 2083 1133 quos
2116 1052 2384 1116 Sanchez
2417 1051 2524 1115 lib.
2556 1053 2613 1115 1.
2640 1051 2715 1116 de
2749 1051 3162 1131 »sponsalibus

694 1159 753 1222 d.
787 1159 894 1222 39.
928 1160 990 1220 et
1022 1156 1270 1221 Lessius
1306 1157 1350 1220 l.
1387 1158 1446 1220 2.
1482 1177 1532 1221 6.
1570 1158 1673 1218 23.
1709 1157 1743 1192 *
1780 1153 1870 1219 Cf.
1905 1154 2310 1231 D’Annibale,
2347 1174 2403 1218 v.
2439 1155 2502 1217 3.
2530 1155 2646 1218 sub
2676 1175 2738 1218 n.
2767 1156 2872 1219 94.
2907 1158 3036 1220 not.
3075 1158 3134 1219 7.

785 1260 1010 1322 Suarez
1042 1277 1258 1322 rursus
1294 1259 1337 1321 l.
1374 1277 1424 1321 c.
1459 1278 1509 1321 c.
1546 1259 1650 1321 37.
1686 1278 1745 1320 n.
1786 1257 1886 1319 16.
1922 1257 1985 1321 et
2016 1256 2337 1339 Laymann
2373 1255 2415 1318 l.
2451 1276 2502 1319 c.
2543 1276 2602 1319 n.
2641 1258 2746 1320 28.
2780 1277 2904 1322 11011
2937 1258 3160 1322 admit-

695 1364 858 1438 tunt,
895 1361 1105 1426 abesse
1138 1361 1486 1436 simoniam,
1509 1361 1562 1424 si
1592 1360 1982 1424 vexationem
2003 1358 2299 1423 redimere
2324 1358 2478 1422 velis
2511 1358 2704 1422 etiam
2737 1378 2849 1441 pro
2883 1360 3156 1442 tempore

694 1463 929 1536 futuro,
968 1484 1024 1527 v.
1058 1484 1151 1547 gr.
1184 1483 1260 1528 ne
1305 1465 1468 1527 latro
1515 1465 1738 1528 noceat
1774 1483 1936 1526 nunc
1980 1464 2044 1526 et
2081 1463 2144 1525 in
2182 1462 2527 1544 posterum3
2576 1462 2740 1527 ratio
2788 1463 3156 1546 (inquiunt),

695 1566 845 1648 quia
889 1566 1054 1632 latro
1086 1567 1399 1632 contrahit
1446 1586 1517 1631 ex
1552 1566 1736 1648 pacto
1785 1585 2010 1629 novam
2058 1565 2503 1648 obligationem
2549 1584 2672 1629 non
2718 1567 2976 1630 nocendi
3022 1566 3158 1640 tibi,

697 1687 887 1750 quam
919 1669 972 1732 si
1002 1667 1213 1745 violet,
1251 1668 1392 1731 fidei
1423 1688 1495 1732 ac
1525 1667 1787 1733 foederis
1825 1668 2095 1732 violator
2133 1667 2405 1731 exsistet.

788 1771 875 1835 At
904 1771 1028 1835 ista
1060 1772 1347 1836 videntur
1380 1772 1735 1855 sophistica.
1766 1769 1865 1835 Sic
1889 1769 2211 1852 episcopus
2233 1770 2386 1834 dans
2409 1770 2773 1836 beneficium
2804 1790 2925 1836 non
2955 1775 3160 1854 posset

699 1880 959 1963 exigere,
1007 1898 1082 1942 116
1128 1879 1191 1942 111
1240 1881 1559 1961 posterum
1606 1879 1768 1942 alius
1813 1878 2078 1941 retineat
2124 1877 2549 1941 concubinam.
2593 1878 2921 1942 Pactiones
2966 1879 3166 1963 igitur

700 1981 940 2045 excludi
970 1981 1188 2061 utique
1218 1981 1458 2058 debent,
1493 1981 1594 2045 sed
1632 1981 1947 2064 pactiones
1980 1980 2053 2043 de
2078 1998 2162 2057 re,
2197 1998 2355 2060 quae
2389 1980 2570 2044 vendi
2591 1981 2791 2063 pretio
2816 1984 3158 2046 censeatur.

700 2082 993 2147 Venditio
1019 2083 1227 2146 autem
1252 2102 1375 2147 non
1407 2083 1601 2158 adest,
1636 2084 1743 2146 ubi
1767 2084 1964 2146 vitam
1990 2102 2191 2147 meam
2214 2082 2468 2160 redimo,
2496 2102 2691 2164 neque
2708 2082 2885 2148 adest
2907 2085 3159 2165 empti0‚

696 2186 755 2251 si
784 2186 1125 2268 Episcopus
1157 2184 1367 2269 exigit,
1400 2204 1474 2248 ne
1505 2186 1849 2249 retineatur
1880 2184 2236 2250 concubina.

790 2288 1024 2352 Deinde
1062 2289 1114 2351 si
1146 2307 1267 2353 non
1297 2288 1444 2352 licet
1491 2287 1694 2369 quoad
1743 2287 2189 2371 obligationem
2234 2288 2298 2351 in
2329 2290 2668 2370 posterum,
2707 2308 2907 2370 neque
2949 2289 3166 2356 licebit

701 2393 998 2457 redimere
1034 2410 1144 2474 pro
1177 2393 1311 2456 heic
1351 2393 1413 2456 et
1458 2411 1639 2457 nunc.
1672 2391 1838 2454 Nam
1869 2392 2070 2475 reipsa
2119 2393 2182 2455 et
2219 2411 2383 2456 nunc
2430 2396 2683 2474 pactum
2727 2392 3057 2457 intercedit
3100 2395 3164 2457 et

701 2496 851 2561 (111111
898 2495 1104 2559 tribuo
1152 2495 1473 2578 pecuniam
1517 2495 1769 2572 latroni,
1821 2494 2028 2578 obligo
2075 2514 2219 2558 eum
2265 2513 2340 2559 ne
2387 2515 2547 2559 nunc
2591 2496 2830 2559 noceat.
2870 2496 2954 2558 Et
2998 2496 3163 2578 quod

701 2601 928 2666 Suarez
963 2599 1264 2663 auxilium
1310 2599 1468 2680 petit
1514 2618 1549 2661 a
1581 2617 1730 2662 casu
1778 2598 1985 2661 mutui
2030 2618 2174 2662 cum
2220 2601 2401 2681 pacto
2438 2599 2855 2675 remutuandi,
2900 2618 3025 2664 non
3071 2604 3166 2665 est

703 2702 991 2778 solidum,
1027 2702 1101 2767 ut
1132 2701 1413 2783 superius
1447 2700 1714 2764 vidimus
1747 2719 1819 2763 ac
1849 2720 2166 2783 perperam
2204 2702 2440 2785 allegat
2470 2702 2535 2765 et
2578 2702 2709 2784 ipse
2746 2721 2796 2766 6.
2832 2702 3158 2771 Thomam.

721 2806 859 2869 Vid.
893 2825 1028 2883 sup.
1063 2826 1122 2868 n.
1151 2804 1300 2867 434.

789 2903 969 2977 438.
1006 2906 1255 2971 Munus
1283 2927 1326 2970 a
1362 2906 1584 2988 linqua
1614 2906 1992 2990 intelligitur
2021 2907 2182 2979 laus,
2221 2908 2417 2983 favor,
2459 2908 2935 2984 commendatio,
2971 2909 3163 2974 inter-

700 3010 914 3082 cessio,
948 3027 1154 3092 preces
1187 3010 1324 3087 etc.,
1359 3029 1517 3091 quae
1551 3010 1801 3074 omnino
1834 3009 2032 3090 pretio
2080 3011 2230 3073 sunt
2278 3011 2713 3087 aestimabilia,
2748 3010 2916 3076 sicut
2962 3013 3027 3076 et
3063 3031 3166 3095 pa-

702 3112 1057 3187 trocinium,
1091 3110 1380 3187 defensi0‚
1415 3113 1729 3176 excusatio
1764 3114 1883 3177 etc.

791 3214 1056 3277 Pactum
1085 3214 1282 3297 igitur
1312 3214 1720 3279 simoniacum
1751 3214 2106 3290 intercedet,
2142 3215 2196 3279 si
2235 3215 2369 3280 ideo
2418 3235 2549 3280 rem
2594 3216 2989 3299 spiritualem
3025 3236 3166 3282 con·

701 3315 883 3391 ferae,
918 3318 993 3380 ut
1038 3316 1274 3397 aliquid
1319 3317 1543 3381 horum
1591 3337 1662 3381 ex
1708 3316 1772 3380 vi
1820 3318 1986 3399 pacti
2024 3318 2290 3399 expressi
2335 3319 2436 3382 vel
2472 3318 2649 3384 taciti
2689 3319 3001 3402 quispiam
3047 3321 3168 3385 tibi

704 3420 1003 3501 praestet:
1032 3440 1089 3482 v.
1124 3440 1219 3503 gr.
1237 3420 1395 3484 dabo
1420 3420 1537 3484 tibi
1552 3420 1915 3484 beneficium
1940 3420 2173 3494 eccles..
2199 3421 2254 3484 si
2276 3440 2373 3484 me
2395 3420 2856 3485 commendabis
2881 3422 3164 3505 principi,

704 3522 757 3586 si
788 3521 1068 3605 precibus
1103 3521 1380 3587 obtineas
1414 3522 1687 3586 officium
1719 3522 1899 3586 civile
1928 3523 2027 3587 vel
2055 3522 2349 3595 militare,
2382 3523 2437 3586 si
2467 3523 2625 3587 mihi
2665 3524 3070 3605 patrocineris
3099 3525 3166 3589 111

702 3644 891 3691 631163
923 3626 1154 3707 aliqua,
1195 3626 1248 3688 si
1280 3644 1379 3688 me
1415 3625 1629 3688 laudes
1662 3625 1827 3707 apud
1859 3645 2020 3701 eum,
2057 3645 2092 3689 a
2124 3644 2248 3707 quo
2280 3644 2459 3708 spero
2492 3627 2608 3691 etc.

796 3727 1019 3792 Suarez
1043 3727 1119 3790 de
1143 3725 1427 3791 Simonia
1451 3746 1583 3808 cap.
1610 3728 1715 3791 40.
1744 3747 1844 3791 nn.
1878 3730 2068 3792 l.-ll.
2093 3728 2346 3804 indicat,
2373 3728 2683 3810 quomodo
2700 3730 2955 3811 quidam
2982 3732 3170 3796 nimis

705 3827 1126 3909 protenderint
1158 3829 1272 3892 hoc
1318 3849 1543 3893 munus
1591 3849 1628 3893 a
1674 3830 1892 3913 lingua
1929 3830 1992 3893 et
2021 3830 2431 3895 simoniacum
2461 3832 2728 3897 dixerint
2757 3851 2881 3897 non
2912 3834 3164 3915 quidem

707 3930 820 3993 aut
863 3928 1026 3991 certe
1058 3948 1180 3993 non
1227 3931 1450 4005 solum,
1485 3932 1648 4013 quod
1681 3933 1822 4014 quis
1855 3931 1960 3996 det
1988 3932 2333 4015 spirituale,
2371 3934 2444 3998 ut
2475 3933 2750 3999 favorem
2785 3934 3041 4019 linguae
3071 3936 3167 4000 al-

706 4032 900 4098 terius
937 4030 1055 4095 sibi
1093 4035 1429 4114 comparet,
1462 4034 1566 4097 sed
1599 4035 1790 4098 etiam
1822 4035 1986 4117 quod
2019 4036 2158 4117 quis
2189 4035 2297 4101 det
2327 4036 2562 4118 aliquid
2593 4037 2920 4118 spirituale
2952 4039 3164 4103 motus

707 4135 1006 4218 precibus
1050 4135 1145 4200 uti
1176 4136 1240 4198 et
1271 4154 1319 4199 s.
1355 4136 1575 4221 Thom.
1612 4140 1671 4200 2.
1707 4140 1768 4201 2.
1795 4157 1854 4219 (1.
1895 4139 2039 4202 100.
2076 4141 2195 4202 art.
2230 4138 2290 4202 5.
2326 4138 2404 4203 ad
2435 4139 2495 4202 3.
2521 4137 2768 4203 videtur
2788 4139 3166 4220 quibusdam

704 4240 927 4302 tenere.
962 4239 1063 4303 Ita
1110 4238 1274 4307 enim
1306 4258 1353 4303 s.
1391 4239 1692 4305 Thomas:
1735 4264 1770 4299 «
1803 4240 2033 4305 Munus
2082 4260 2118 4304 a
2165 4241 2382 4325 lingua
2424 4240 2653 4305 dicitur
2699 4241 2798 4305 vel
2842 4241 2980 4322 ipsa
3028 4242 3170 4305 laus

708 4340 1015 4421 pertinens
1043 4341 1118 4405 ad
1150 4341 1427 4407 favorem
1452 4342 1817 4419 humanum,
1852 4344 1960 4424 qui
1991 4344 2107 4409 sub
2139 4343 2338 4426 pretio
2362 4342 2557 4407 cadit:
2592 4343 2689 4407 vel
2714 4343 2906 4407 etiam
2939 4362 3172 4426 preces.

707 4461 780 4506 ex
811 4442 1035 4523 quibus
1067 4444 1410 4525 acquiritur
1440 4445 1617 4509 favor
1647 4444 1957 4509 humanus
1991 4446 2088 4510 vel
2133 4446 2517 4512 contrarium
2560 4445 2871 4510 evitatur:
2921 4448 2988 4511 et
3032 4445 3173 4511 ideo

702 4545 761 4608 si
806 4544 1034 4627 aliquis
1079 4546 1501 4629 principaliter
1546 4546 1623 4610 ad
1670 4547 1789 4611 hoc
1826 4548 2111 4626 intendit,
2145 4548 2476 4613 simoniam
2507 4548 2867 4615 committit.
2903 4547 3176 4615 Videtur
