3497 5147
706 323 816 378 330
900 336 1110 378 rnAc'r.
1139 338 1217 378 vr.
1245 337 1407 378 smc‘r.
1436 337 1474 376 1.
1501 337 1587 376 mn
1612 336 1804 376 Fumo
1834 335 2047 377 PRADG.
2068 335 2397 377 1113333031.
2425 335 2559 376 331».
2586 336 2650 375 11.
2678 337 2820 379 nun.
2854 336 2943 377 111.
3019 320 3168 396 [441]

708 436 920 500 autem
956 433 1430 497 ordinationem.
1463 432 1688 497 Latius
1736 432 1935 516 igitur
1979 452 2044 496 se
2089 433 2470 515 portendunt
2516 453 2588 497 ea
2634 434 2825 497 verba
2874 435 2937 498 et
2983 434 3171 498 simo-

705 537 921 601 niacus
951 535 1199 617 quidem
1247 535 1475 600 dicitur
1516 534 1852 611 ordinator,
1893 534 2001 616 qui
2048 535 2381 600 simoniace
2430 536 2771 600 obtinuerit
2808 536 3014 600 sedem
3051 536 3175 619 epi-

705 639 1041 722 scopalem:
1076 637 1150 701 de
1187 657 1311 719 quo
1358 658 1509 701 casu
1555 639 1754 720 agunt
1785 656 1928 702 mox
1958 657 2133 702 canu.
2175 640 2320 702 108.
2355 641 2418 702 et
2454 640 2621 713 109„
2657 639 2905 719 quando
2937 639 3171 703 scilicet

706 743 846 824 quis
893 742 1153 824 suscipit
1191 740 1432 805 ordines
1466 761 1502 804 a
1540 741 1899 818 simoniaco,
1933 761 2118 823 quem
2151 742 2561 806 simoniacum
2592 761 2723 806 esse
2752 743 3024 826 ignorat,
3062 742 3174 806 aut

706 864 890 927 quem
938 845 1117 908 novit
1162 844 1571 908 simoniacum
1618 863 1769 907 esse.
1819 844 1983 908 Hinc
2030 845 2140 908 alii
2183 845 2355 909 modi
2401 863 2465 908 se
2511 843 2785 926 produnt
2832 844 3173 927 explicandi

708 946 1045 1010 secundum
1076 965 1308 1023 casum,
1350 966 1406 1009 v.
1442 966 1536 1029 gr.
1571 946 1624 1009 si
1657 946 1999 1027 Episcopus
2032 965 2154 1010 non
2186 946 2521 1010 simoniace
2551 945 2802 1027 quidem
2833 947 3174 1011 obtinuerit

708 1049 1173 1131 Episcopatum,
1207 1048 1540 1112 simoniace
1570 1049 1783 1111 tamen
1831 1047 2109 1111 conferat
2139 1048 2619 1123 ordinationem;
2656 1050 2770 1113 aut
2817 1048 2940 1112 alio
2987 1049 3172 1114 modo

708 1151 992 1227 faciliori,
1027 1151 1083 1215 si
1115 1150 1488 1215 ordinandus
1537 1150 1871 1215 simoniam
1905 1149 2221 1215 commisit
2250 1169 2375 1214 non
2422 1149 2673 1230 quidem
2719 1149 2871 1214 data
2916 1151 3174 1233 pecunia

708 1253 993 1336 episcopo
1027 1254 1141 1318 aut
1171 1253 1696 1329 intercessoribus,
1732 1253 1840 1317 sed
1872 1254 2081 1335 empto
2120 1253 2394 1334 pecuniis
2428 1251 2618 1316 titulo
2653 1251 3081 1317 ordinationis.

800 1355 972 1418 Haec
1004 1357 1217 1418 autem
1247 1355 1384 1419 ideo
1417 1354 1691 1418 notanda
1738 1356 1932 1428 erant,
1969 1354 2117 1434 quia
2162 1374 2305 1418 311111
2352 1353 2567 1418 deinde
2616 1354 2926 1438 agendum
2973 1355 3057 1418 sit
3101 1354 3177 1419 de

710 1459 921 1542 poenis
956 1458 1249 1522 adversus
1288 1458 1659 1521 simoniacos
1690 1457 1856 1521 latas
1895 1457 1966 1519 in
2002 1460 2160 1532 iure,
2200 1475 2324 1520 non
2374 1457 2552 1539 proni
2597 1475 2730 1521 esse
2766 1456 3060 1520 debemus
3098 1456 3175 1519 ad

710 1581 938 1644 poenas
999 1560 1408 1625 extendendas
1457 1560 1535 1624 ad
1580 1579 1782 1636 333113,
1830 1559 1906 1624 (13
1952 1559 2180 1640 quibus
2241 1559 2547 1624 incertum
2603 1560 2698 1622 est
2745 1578 2823 1621 an
2886 1560 3027 1623 iura
3073 1558 3178 1622 de-

710 1663 1034 1729 creverint.

800 1761 961 1834 441.
991 1767 1072 1829 Et
1103 1766 1237 1829 heic
1269 1764 1635 1839 addendum,
1671 1765 1836 1846 quod
1868 1765 1931 1828 in
1966 1765 2080 1829 hoc
2111 1764 2276 1828 facto
2310 1763 2512 1846 reipsa
2542 1781 2664 1827 non
2698 1763 2902 1828 elucet
2929 1762 3179 1827 malitia

710 1870 842 1945 illa,
863 1887 1020 1948 quae
1038 1867 1382 1931 essentialis
1403 1868 1498 1931 est
1521 1868 1675 1931 vitio
1701 1869 2021 1942 simoniae,
2048 1866 2333 1931 videlicet
2358 1868 2431 1928 ut
2461 1865 2845 1948 comparatio
2871 1864 3178 1946 quaedam

712 1973 826 2034 fiat
858 1971 1016 2033 inter
1039 1989 1171 2033 rem
1194 1969 1583 2052 spiritualem
1616 1973 1679 2033 et
1709 1971 1983 2052 pretium
2005 1969 2366 2052 temporale.
2393 1968 2558 2032 Nam
2582 1970 2740 2033 istae
2764 1987 2990 2051 preceS‚
3018 1985 3179 2048 quae

715 2092 786 2136 ex
817 2072 1147 2155 hypothesi
1179 2073 1489 2145 emuntur,
1529 2092 1650 2136 non
1699 2073 1847 2135 sunt
1886 2072 2122 2153 aliquid
2168 2072 2513 2154 spirituale.
2549 2072 2743 2135 Abest
2774 2090 2919 2156 ergo
2957 2070 3064 2133 illa
3094 2071 3176 2133 ir·

712 2174 1075 2239 reverentia.
1125 2174 1356 2237 Exinde
1402 2173 1571 2237 haud
1617 2174 1797 2237 facile
1845 2174 2160 2246 admittes,
2211 2174 2378 2256 quod
2425 2176 2569 2256 post
2621 2173 2849 2238 Suarez
2897 2173 3177 2253 aliosque

713 2277 1049 2342 uuunullos
1081 2275 1232 2341 dicit
1264 2297 1310 2340 s.
1338 2276 1522 2358 Alph.
1552 2297 1608 2339 n.
1638 2277 1742 2338 64.
1770 2277 1928 2340 113113
1960 2296 2091 2340 3333
2123 2277 2453 2341 simoniam
2486 2278 2559 2341 de
2590 2278 2728 2341 iure
2764 2276 2995 2342 divino.

804 2380 1038 2444 Dicunt
1074 2377 1376 2443 Schmalz.
1412 2379 1452 2441 l.
1488 2399 1538 2442 c.
1575 2379 1640 2442 et
1671 2377 1898 2443 Suarez
1932 2379 2036 2443 cit.
2071 2399 2204 2462 cap.
2241 2381 2345 2444 53.
2379 2400 2439 2442 u.
2474 2381 2574 2444 15.
2610 2398 2815 2461 preces
2846 2379 3016 2460 ipsas
3048 2395 3179 2441 esse

715 2501 970 2548 causam
1006 2482 1306 2546 moralem
1354 2480 1735 2554 collationis:
1779 2500 1925 2564 ergo
1961 2483 2290 2560 praesumi
2333 2483 2608 2564 emptam
2655 2480 3056 2547 collationem
3104 2479 3181 2543 ab

716 2607 788 2652 eo
820 2588 929 2669 qui
960 2587 1113 2650 emit
1143 2603 1368 2667 preces,

807 2689 924 2753 Sed
954 2689 1167 2770 reponi
1191 2689 1419 2769 posset,
1456 2687 1604 2751 tunc
1633 2688 1878 2752 reatum
1910 2708 2041 2753 esse
2072 2690 2135 2753 in
2161 2708 2350 2754 causa
2379 2689 2624 2763 morali,
2652 2688 2900 2771 quaudo
2926 2688 3182 2753 inducat

717 2794 795 2857 ad
843 2792 1090 2866 crimen,
1140 2790 1307 2872 quod
1345 2790 1686 2855 cavendum
1736 2792 1830 2855 est
1872 2792 1937 2855 in
1984 2812 2153 2868 casu,
2196 2792 2482 2856 videlicet
2528 2793 2601 2856 ut
2648 2791 2904 2856 collatio
2937 2811 3060 2856 non
3099 2792 3180 2856 sit

715 2895 1017 2981 gratuita,
1057 2895 1122 2958 in
1168 2912 1291 2975 quo
1338 2893 1582 2976 proprie
1628 2895 1858 2959 residet
1903 2896 2188 2959 simonia.
2227 2895 2424 2976 Atqui
2463 2895 2716 2960 collatio
2747 2895 2812 2958 in
2849 2913 3002 2959 casu
3038 2914 3180 2978 gra-

716 2998 882 3062 tuita
930 2997 1042 3060 est.
1092 2996 1278 3079 Ergo.
1328 2996 1409 3059 Et
1456 3015 1600 3060 sane
1648 3017 1837 3062 causa
1882 2997 2138 3061 moralis
2186 2998 2335 3062 sunt
2380 2998 2443 3062 et
2487 2999 2596 3079 qui
2643 2998 2796 3061 dant
2847 2998 3174 3062 consilium

716 3103 780 3165 et
824 3100 1137 3183 exponunt
1184 3098 1425 3173 merita,
1477 3099 1819 3162 informant
1865 3101 2011 3175 etc.;
2062 3118 2222 3180 quae
2271 3101 2481 3163 tamen
2528 3100 2696 3163 licite
2743 3099 3004 3181 pecunia
3060 3098 3179 3163 emi

715 3203 1059 3267 concedunt
1094 3202 1232 3265 DD.

804 3307 1133 3370 Praeterea
1164 3306 1276 3369 1113
1313 3304 1710 3369 ratiocinatio
1751 3303 1828 3366 ad
1860 3305 2128 3369 absurda
2160 3305 2437 3369 deducet.
2474 3305 2706 3386 Utique
2743 3325 2792 3369 s.
2822 3305 3175 3388 Alphousus

715 3430 859 3475 mox
896 3410 1043 3473 ibid.
1077 3431 1136 3473 n.
1173 3410 1277 3472 65.
1314 3408 1605 3490 proponit
1636 3407 2082 3488 quaestionem,
2118 3428 2196 3473 an
2243 3409 2654 3473 simoniacum
2691 3409 2777 3472 sit
2813 3408 2958 3472 dare
3005 3426 3176 3491 pecu·

715 3514 885 3577 niam
947 3511 1335 3576 intercessori
1390 3510 1684 3586 mediatO,
1732 3510 1841 3591 qui
1887 3511 2122 3575 scilicet
2181 3511 2522 3575 intercedat
2584 3510 2749 3594 apud
2805 3511 3024 3589 alium,
3072 3510 3176 3593 qui

715 3617 929 3681 deinde
976 3616 1317 3680 intercedat
1364 3613 1529 3697 apud
1576 3614 1958 3679 collatorem.
2009 3615 2090 3679 Et
2135 3634 2271 3679 3333
2315 3614 2445 3679 13111
2491 3615 2671 3679 affert
2716 3615 3023 3691 doctores,
3072 3614 3175 3696 qui

707 3717 1006 3796 possibile
1053 3717 1289 3792 dicunt,
1323 3737 1446 3782 non
1495 3717 1704 3781 adesse
1741 3717 2102 3782 simoniam:
2143 3718 2290 3783 licet
2328 3717 2517 3782 addat
2552 3719 2825 3783 Dianam
2869 3719 3173 3793 dubitare,

715 3839 795 3882 au
826 3819 891 3881 id
924 3819 1007 3882 sit
1037 3819 1372 3899 probabile.
1409 3819 1526 3884 Sed
1557 3840 1775 3884 rursus
1806 3821 1932 3884 iam
1965 3820 2180 3883 eadem
2201 3822 2451 3885 omnino
2481 3822 2725 3885 ratione
2762 3820 2872 3886 fiet
2894 3822 3175 3903 quaestio

714 3921 791 3984 de
822 3921 1080 4002 pecunia
1112 3921 1259 3984 data
1295 3921 1625 3987 mediatori
1656 3923 1976 3987 remotiori
2004 3923 2196 4005 (quod
2234 3924 2483 4005 quidem
2514 3944 2638 3989 non
2669 3943 2810 3989 raro
2842 3924 3176 4009 contingit)

717 4022 868 4087 adeo
919 4024 991 4086 ut
1037 4024 1255 4104 quinto
1303 4024 1401 4087 vel
1448 4026 1620 4089 sexto
1669 4026 1869 4109 gradu
1908 4025 2191 4092 venditor
2228 4026 2422 4091 distet
2452 4027 2529 4091 ab
2561 4027 2864 4109 Episcopo
2916 4026 3016 4092 vel
3061 4025 3177 4092 col-

712 4126 911 4191 latore
947 4130 1059 4191 aut
1092 4129 1555 4208 praesentatore
1587 4131 1703 4193 313.
1738 4129 1909 4194 Ν11111
1957 4129 2287 4195 simoniam
2319 4129 2530 4194 adesse
2562 4129 2809 4195 dicent?
2840 4130 2924 4194 Et
2970 4133 3173 4195 tamen

716 4249 828 4311 par
855 4230 1018 4293 foret
1048 4229 1232 4293 ratio.
1268 4230 1688 4296 Obiectionem
1726 4253 1798 4296 ex
1829 4232 2204 4314 quibusdam
2241 4231 2443 4295 verbis
2483 4251 2531 4295 s,
2565 4232 2664 4296 Pii
2697 4232 2772 4295 V.
2813 4232 2878 4297 in
2911 4231 3170 4297 Constit.

714 4332 930 4395 contra
979 4332 1309 4397 simoniam
1339 4334 1832 4398 confidentialem
1864 4335 1989 4399 vid.
2022 4334 2163 4399 infr.
2198 4335 2306 4399 ubi
2338 4334 2412 4398 de
2443 4335 2561 4399 hac
2590 4334 2875 4399 simonia.

803 4433 1062 4498 Addunt
1109 4435 1548 4499 auctoritatem
1581 4453 1628 4498 s.
1664 4435 1961 4513 Thomae,
2001 4437 2178 4502 cuius
2210 4437 2398 4500 verba
2428 4437 2717 4501 truncata
2751 4436 3022 4501 afferunt
3052 4435 3178 4500 Sal·

714 4537 1123 4600 manticeuses
1172 4537 1213 4599 l.
1249 4556 1299 4599 c.
1336 4535 1396 4598 S.
1432 4535 1704 4599 Thomas
1743 4539 1803 4599 2.
1842 4540 1902 4601 2.
1936 4558 1994 4620 q.
2035 4540 2180 4604 100.
2218 4540 2336 4604 art.
2373 4541 2433 4602 2.
2468 4538 2546 4601 ad
2579 4539 2638 4601 5.
2687 4538 2936 4604 scribit:
2994 4563 3029 4598 «
3059 4538 3177 4602 An·
