3497 5147
688 332 799 388 684
929 341 1595 387 ‘mammaeam-amn
1619 343 1847 390 Qum‘ro
1872 343 2086 386 ramo.
2107 343 2433 385 nucamm.
2453 343 2586 385 car.
2608 343 2649 382 1.
2668 342 2906 384 nmmv.
3003 327 3148 404 1922]

689 462 809 525 que
857 442 1107 507 effectus
1138 442 1440 523 sequitur,
1490 442 1706 519 bonus,
1743 442 1981 508 aversio
2028 443 2140 506 tua
2189 441 2267 505 ab
2312 440 2562 506 inimico
2601 442 2665 505 et
2709 440 2934 518 malus,
2979 459 3147 505 mors

690 544 976 610 infantis:
1004 563 1126 609 non
1173 546 1385 610 autem
1430 544 1644 609 liceret
1689 544 1807 608 tibi
1855 546 1966 609 aut
2013 545 2195 608 alteri
2241 562 2350 628 pro
2397 545 2479 620 te,
2521 542 2691 627 prius
2740 541 3008 607 occidere
3052 543 3148 607 in·-

686 646 923 711 fantem
971 648 1034 711 et
1080 648 1168 712 sic
1212 646 1330 712 tibi
1375 648 1545 711 viam
1597 646 1944 730 expeditam
1989 646 2250 711 munire.
2305 643 2487 711 Certe
2532 645 2588 710 si
2632 645 2773 727 quis
2819 645 2923 723 sit,
2972 645 3147 710 cuius

686 750 1071 815 consortium
1108 750 1363 815 evadere
1407 767 1665 831 nequeo,
1704 750 1814 831 qui
1850 751 2021 832 peste
2065 749 2349 825 infectus,
2406 748 2572 812 vitae
2624 766 2798 811 meae
2846 746 3147 812 excidium

689 852 986 931 minatur,
1036 872 1135 918 me
1181 855 1312 918 sine
1359 851 1547 917 dubio
1594 851 1969 916 infecturus:
2008 870 2132 917 non
2178 852 2324 916 lieet
2367 851 2525 916 mihi
2568 869 2712 915 eum
2752 849 3040 928 occidere,
3074 852 3147 915 ut

685 958 882 1019 cesset
926 955 1179 1020 infectio
1227 957 1290 1020 et
1336 972 1451 1039 ego
1498 953 1757 1018 evadam
1805 974 1842 1017 a
1887 956 2055 1019 certo
2101 954 2322 1019 mortis
2369 952 2661 1037 periculo.
2711 952 2909 1034 Atqui
2953 951 3017 1015 id
3053 955 3146 1018 est

686 1056 847 1138 quod
899 1057 991 1135 fit,
1026 1077 1169 1121 cum
1206 1055 1462 1120 infantis
1508 1055 1571 1119 in
1603 1057 1784 1120 utero
1817 1056 2008 1139 caput
2051 1056 2412 1134 conteritur,
2445 1056 2519 1120 ut
2549 1054 2911 1120 consulatur
2955 1055 3145 1119 saluti

687 1159 937 1235 matris3
966 1157 1488 1240 quemadmodum
1519 1158 1752 1222 citatus
1798 1159 2037 1223 Auctor
2063 1158 2212 1222 ibid.
2248 1156 2534 1222 advertit.

776 1261 996 1325 Dices:
1048 1262 1261 1325 nostro
1309 1260 1481 1323 casui
1541 1260 2045 1344 propinquiorem
2090 1279 2222 1326 esse
2275 1279 2490 1325 casum
2544 1259 2733 1336 illius,
2786 1260 2893 1341 qui
2942 1261 3145 1325 mente

686 1364 926 1445 captus,
961 1361 1309 1427 inconscius
1341 1362 1458 1439 sui,
1492 1360 1702 1446 gladio
1747 1381 1846 1427 me
1890 1361 2151 1439 invadit,
2190 1364 2265 1427 ut
2309 1361 2653 1445 periculum
2697 1362 2922 1427 mortis
2967 1362 3145 1427 decli-

687 1482 833 1528 nare
870 1483 1171 1545 nequeam
1215 1464 1336 1528 nisi
1383 1482 1453 1528 eo
1504 1464 1722 1529 occiso.
1759 1464 1897 1547 Ipse
1945 1467 2039 1529 est
2086 1482 2414 1550 aggressor
2444 1463 2807 1541 materialia,
2856 1483 2980 1529 non
3024 1464 3145 1529 for-

684 1565 869 1630 malis
907 1567 971 1630 et
1001 1568 1211 1631 tamen
1255 1566 1403 1631 licet
1438 1565 1591 1631 mihi
1637 1586 1736 1631 me
1782 1565 2098 1632 defendere
2145 1567 2336 1631 etiam
2383 1566 2684 1631 occisione
2722 1566 2874 1631 eius.
2907 1565 3045 1646 Qua
3080 1567 3144 1631 in

682 1686 749 1731 re
787 1666 991 1732 differt
1036 1668 1142 1732 ille
1205 1668 1415 1734 fatuus
1475 1669 1551 1733 ab
1606 1669 1863 1747 infante,
1911 1670 2087 1733 cuius
2148 1670 2494 1754 praesentia
2551 1671 2646 1734 est
2707 1671 2897 1736 matri
2955 1689 3142 1736 causa

684 1771 948 1835 mortis?
974 1769 1125 1849 Quis
1156 1771 1569 1855 responderet,
1597 1791 1719 1836 non
1754 1790 1963 1837 omnes
1996 1773 2353 1856 permittere
2376 1772 2742 1837 occisionem
2772 1774 2961 1838 huius
2983 1774 3143 1838 fatui

683 1873 748 1935 et
785 1872 1055 1936 vidimus
1101 1872 1279 1957 Lugo
1327 1872 1414 1955 (n.
1451 1873 1631 1957 894.)
1661 1873 1724 1938 id
1773 1893 2017 1959 negare,
2052 1875 2130 1939 ob
2174 1875 2481 1939 rationem
2525 1876 2755 1952 tamen,
2805 1893 2965 1957 quae
3011 1875 3144 1940 heic

686 1992 810 2037 non
849 1974 1104 2038 haberet
1133 1973 1360 2039 locum.
1402 1975 1744 2040 Discrimen
1775 1976 1939 2041 inter
1984 1978 2318 2058 utrumque
2364 1995 2575 2041 casum
2609 1977 2769 2042 forte
2814 1980 2929 2056 est,
2979 1976 3142 2061 quod

683 2073 811 2149 ille,
847 2075 1132 2155 quamvis
1165 2093 1286 2140 non
1319 2075 1403 2139 sit
1435 2096 1762 2161 aggressor
1796 2078 2096 2157 formalis,
2134 2079 2377 2143 ratione
2404 2079 2622 2145 habita
2655 2082 2831 2145 actus
2863 2081 3139 2157 humani,

686 2178 783 2241 est
813 2178 1023 2240 tamen
1054 2176 1333 2242 formalis
1359 2196 1685 2264 aggressor
1714 2180 1779 2245 in
1803 2182 2046 2246 ratione
2070 2182 2266 2265 ipsius
2292 2182 2735 2266 aggressionis3
2769 2182 2973 2247 infans
2999 2201 3140 2248 vero

685 2298 883 2361 neque
916 2280 1012 2344 est
1042 2279 1189 2344 talis
1222 2299 1575 2365 aggressor:
1615 2283 1777 2347 unde
1808 2283 1979 2347 aliud
2011 2283 2211 2349 oritur
2257 2283 2604 2361 discrimen,
2635 2285 2800 2367 quod
2838 2284 2901 2348 in
2939 2287 3139 2369 priore

684 2401 835 2446 casu
880 2382 1029 2446 licet
1074 2381 1341 2447 defensio
1387 2383 1646 2467 ideoque
1683 2387 1747 2449 et
1791 2404 1959 2450 mors
2008 2386 2408 2470 aggressoriS,
2447 2387 2500 2451 si
2538 2405 2608 2451 ea
2656 2389 2997 2451 necessaria
3042 2390 3138 2452 est

681 2484 1047 2548 defensioni:
1080 2483 1144 2547 in
1180 2484 1375 2549 altero
1408 2504 1556 2550 casu
1587 2505 1707 2551 non
1746 2489 1843 2551 est
1886 2487 2061 2552 locus
2107 2488 2462 2567 defensioni,
2496 2508 2656 2571 quae
2691 2489 2928 2568 ius,dat
2969 2489 3133 2553 necis

679 2588 1047 2652 inferendae.

769 2686 954 2760 922.
988 2689 1319 2754 Occasione
1350 2691 1536 2756 huius
1567 2694 1950 2774 quaestionis
1982 2713 2272 2777 quaerere
2302 2696 2450 2760 licet
2484 2715 2626 2760 cum
2658 2696 2855 2761 Paulo
2887 2695 3135 2761 Villada

663 2790 893 2857 'Casus
924 2791 1335 2856 consm‘entiae
1365 2796 1526 2876 part.
1561 2794 1621 2858 3.
1656 2813 1800 2882 pag.
1835 2795 1985 2860 267.
2014 2815 2092 2861 an
2122 2797 2296 2862 licita
2327 2799 2413 2862 sit
2446 2798 2741 2880 operatio,
2776 2818 2937 2880 quae
2968 2819 3005 2863 a
3035 2817 3137 2864 no-

684 2895 847 2958 mine
886 2894 1016 2958 eius
1047 2894 1388 2960 inventoris
1434 2896 1572 2961 itali
1620 2898 1842 2963 medici
1888 2902 2148 2964 vocatur
2185 2901 2418 2964 PORRO.
2451 2900 2542 2964 Ea
2587 2902 2652 2964 in
2688 2901 2805 2965 hoc
2850 2904 2948 2966 est
2993 2903 3131 2980 sita,

679 2998 751 3062 ut
797 2998 940 3080 post
984 2997 1319 3063 sectionem
1380 3018 1748 3077 caesaream,
1799 3003 2014 3066 uterus
2061 3020 2202 3066 cum
2250 3003 2381 3067 eius
2431 3004 2680 3068 annexis
2734 3005 3020 3087 partibus
3065 3023 3135 3069 ac

678 3099 933 3184 proinde
964 3120 1106 3164 cum
1141 3101 1369 3165 ovariis
1403 3101 1739 3165 auferatur.
1775 3101 1866 3165 Cf.
1895 3101 2196 3168 Schroder
2226 3123 2323 3187 op.
2357 3105 2462 3170 cit.
2497 3124 2638 3190 pag.
2664 3107 2816 3169 405.
2849 3107 2969 3170 Per
2997 3114 3132 3171 eam

677 3203 956 3284 operatio
989 3221 1271 3267 caesarea
1308 3203 1509 3267 multo
1555 3203 1893 3268 feliciorem
1923 3205 2159 3270 exitum
2189 3207 2413 3271 habere
2459 3207 2688 3272 dicitur
2717 3226 2829 3273 nec
2858 3208 3133 3274 haemor-

675 3303 889 3387 ragiae
937 3304 1204 3387 amplius
1251 3305 1399 3369 sunt
1453 3304 1761 3369 timendae
1807 3308 1870 3370 et
1924 3307 2090 3372 vitae
2143 3308 2487 3392 periculum
2548 3311 2921 3386 removetur,
2969 3311 3132 3393 quod

675 3405 1079 3489 probabiliter
1108 3425 1316 3470 secum
1356 3405 1533 3470 affert
1569 3407 1760 3472 sectio
1792 3426 2074 3474 caesarea
2107 3409 2202 3494 (a)
2240 3428 2310 3475 ac
2341 3412 2657 3494 praeterea
2689 3407 3028 3494 periculum
3058 3432 3129 3476 ex

676 3529 839 3574 nova
886 3509 1282 3594 generatione
1327 3509 1517 3573 matri
1561 3510 1889 3576 imminens
1937 3513 2263 3590 avertitur,
2301 3516 2521 3597 utpote
2567 3515 2669 3579 cui
2705 3515 3022 3599 generatio
3057 3513 3130 3580 fit

674 3611 1095 3696 impossibilis,
1129 3611 1277 3693 quia
1309 3610 1438 3675 sine
1472 3612 1685 3677 ovario
1717 3615 2036 3698 conceptio
2072 3615 2288 3680 haberi
2316 3617 2552 3698 nequit.

762 3715 882 3779 Pro
932 3715 1325 3798 responsione
1374 3715 1754 3781 advertimus
1802 3737 1943 3782 cum
1990 3718 2261 3784 Auctore
2297 3720 2513 3798 cltato,
2548 3719 2705 3784 hanc
2753 3721 3129 3786 ablationem

674 3818 839 3881 uteri
885 3837 1025 3880 cum
1072 3818 1299 3882 ovariis
1347 3820 1648 3900 tanquam
1694 3839 1839 3884 vera
1887 3822 2327 3886 castrationem
2367 3821 2624 3904 ideoque
2666 3823 3129 3889 mutilationem

676 3918 755 3982 ab
787 3918 938 4001 ipsis
970 3919 1221 3984 medicis
1267 3921 1498 3985 haberi.
1532 3920 1667 4000 Quo
1715 3921 1940 4004 posito,
1975 3922 2131 3986 illud
2175 3923 2338 3987 idem
2384 3923 2459 3987 de
2505 3925 2620 3989 hac
2659 3926 3016 4009 operatione
3045 3925 3129 3990 di·

671 4021 933 4087 cendum
981 4041 1051 4086 ac
1097 4022 1171 4088 de
1217 4024 1590 4088 castratione
1637 4025 1701 4087 et
1745 4024 2090 4108 generatim
2137 4025 2210 4090 de
2256 4028 2654 4092 mutilatione
2684 4029 2930 4094 dicitur.
2971 4027 3128 4093 Cum

671 4143 818 4212 ergo
866 4126 1185 4190 mutilatio
1233 4126 1405 4189 licita
1452 4143 1571 4189 non
1620 4126 1705 4189 sit
1753 4125 1871 4189 nisi
1919 4125 1996 4190 ad
2033 4130 2563 4194 conservationem
2611 4130 2895 4214 propriae
2942 4131 3123 4210 vitae,

751 4435 815 4486 (a)
844 4433 980 4476 Haec
1007 4434 1248 4489 operatio,
1269 4433 1345 4478 ait
1372 4433 1618 4477 Schrodor
1637 4434 1673 4478 l.
1694 4448 1735 4479 c.
1758 4447 1875 4480 cum
1895 4437 2242 4483 enthusiasmo
2257 4445 2461 4496 recepta
2479 4441 2598 4494 fuit,
2619 4444 2824 4497 qundo
2841 4444 3000 4488 sectio
3017 4454 3126 4489 eno-

667 4513 814 4608 3¹:12
840 4500 1261 4620 ffggffiifegeete
1291 4500 1551 4556 agebatur.
1580 4502 1727 4546 Nunc
1757 4516 1874 4546 vero
1901 4505 2090 4558 primus
2118 4507 2460 4552 concedendas
2490 4521 2593 4553 osse
2621 4509 2833 4555 sectioni
2863 4522 3125 4555 caesareae
