3497 5147
334 331 479 408 [289]
981 346 1068 385 ns
1104 344 1569 389 ooornnnronm
1604 348 1993 391 nunnonuu
2031 350 2160 391 mc.
2692 334 2805 390 209

330 463 529 525 neque
553 444 748 508 testes
778 444 1003 507 horum
1034 441 1345 508 factorum
1382 446 1788 525 quaeruntur,
1815 445 1937 509 uisi
1970 448 2199 530 agatur
2230 446 2303 510 de
2335 447 2614 524 muliere,
2649 466 2809 528 quae

330 546 435 610 eat
465 545 545 610 ad
581 545 837 609 domum
864 544 1085 609 amasii
1117 546 1257 610 etc.:
1287 547 1357 608 2⁰
1379 546 1528 627 quia
1554 547 1743 612 timor
1766 547 1887 611 iste
1917 547 2130 612 damni
2154 548 2256 612 vix
2287 567 2565 629 unquam
2595 550 2808 614 abesse

331 647 568 730 potest:
595 646 666 710 3⁰
690 647 838 729 quia
868 646 1143 711 famulus
1174 646 1424 712 difficile
1455 649 1664 730 potest
1685 668 1867 714 nosse
1902 649 2442 715 circumstantiam
2473 650 2547 716 de
2580 652 2806 716 maiori

331 750 543 814 animo
574 748 822 815 addito:
861 750 933 813 4⁰
956 750 1105 832 quia
1135 750 1422 815 comitari
1453 751 1672 815 herum
1705 752 1803 815 est
1831 770 1904 816 ex
1935 751 2012 817 iis
2048 753 2418 830 actionibuS,
2455 773 2615 835 quae
2648 753 2810 818 ordi-

329 852 542 917 nariae
579 851 1016 934 supponuntur
1053 870 1126 916 ac
1153 853 1479 934 propterea
1510 852 1925 918 indifferentes
1950 855 2218 919 maxime
2251 855 2419 918 sunt.

418 953 747 1034 Quomodo
772 972 918 1018 vero
942 954 1148 1030 herne,
1173 955 1513 1020 comitante
1534 954 1795 1034 famulo,
1824 956 2163 1022 animosior
2184 956 2503 1034 reddatur,
2537 958 2808 1040 explicat

327 1056 602 1122 Sanchez
633 1057 706 1120 in
735 1055 957 1120 Decal.
991 1057 1098 1121 lib.
1142 1058 1201 1121 1.
1235 1076 1366 1140 cap.
1407 1059 1464 1122 7.
1491 1078 1551 1122 11.
1590 1060 1694 1123 22.
1722 1059 1829 1123 33.
1870 1084 1907 1119 ‹
1937 1060 2000 1123 Is
2031 1060 2371 1125 comitatus
2403 1079 2646 1143 semper
2678 1061 2806 1125 ani-

327 1160 665 1225 mosiorem
700 1158 903 1223 reddit
938 1159 1260 1225 dominum
1291 1160 1757 1244 aggredientem
1794 1162 1893 1226 vel
1925 1164 2349 1245 acceptantem
2381 1162 2660 1227 duellum
2693 1187 2758 1226 ›.

416 1263 503 1327 Et
532 1282 594 1326 n.
630 1262 774 1326 23.:
814 1284 851 1320 «
875 1261 1081 1327 Maior
1127 1261 1464 1327 difficultas
1512 1266 1626 1340 est,
1675 1263 1923 1345 quando
1970 1264 2292 1329 custodiae
2338 1282 2528 1328 causa
2577 1263 2800 1329 famuli

328 1365 550 1430 herum
581 1364 963 1429 comitantur
1008 1365 1123 1428 aut
1167 1383 1309 1429 eum
1357 1366 1709 1447 peccantem
1758 1367 2133 1449 exspectant.
2168 1364 2305 1445 Qua
2352 1366 2418 1430 in
2465 1386 2530 1430 re
2574 1366 2669 1430 ita
2716 1366 2805 1431 di-

327 1467 776 1552 stinguendum
828 1484 1062 1531 censeo.
1113 1465 1179 1531 Si
1238 1486 1381 1531 eum
1443 1467 1841 1544 comitentur,
1890 1467 1965 1531 ut
2008 1468 2235 1532 rivales
2294 1468 2468 1533 illius
2520 1469 2803 1533 mulieris

326 1572 439 1653 (sc.
479 1569 947 1653 competitores)
993 1568 1217 1634 famuli
1259 1569 1560 1634 invadant
1605 1590 1751 1635 cum
1795 1570 1873 1634 iis
1921 1570 2283 1654 pugnaturi,
2334 1570 2509 1633 nulla
2557 1570 2802 1635 ratione

326 1673 505 1749 licet3
537 1671 705 1755 quod
726 1671 811 1736 sit
832 1671 1160 1736 intrinsece
1182 1672 1442 1736 malum.
1477 1670 1542 1736 Si
1567 1673 1782 1736 autem
1805 1672 1881 1736 ut
1906 1691 1944 1735 a
1966 1671 2269 1736 rivalibus
2296 1671 2803 1755 aggredientibus

325 1775 551 1840 herum
581 1774 879 1838 tueantur
909 1774 1008 1837 vel
1038 1776 1113 1839 ut
1144 1773 1519 1838 admoneant
1541 1775 1762 1839 herum
1789 1774 2150 1838 adveniente
2184 1774 2415 1855 aliquo,
2451 1774 2560 1854 qui
2591 1774 2799 1856 ipsum

333 1876 637 1943 offendere
665 1876 879 1959 possit,
920 1878 993 1940 ut
1025 1877 1114 1941 sic
1146 1877 1476 1941 incolumis
1507 1876 1753 1953 evadat,
1804 1876 2004 1940 adhuc
2040 1875 2356 1940 rarissime
2402 1875 2647 1940 licitum
2681 1876 2802 1940 erit

328 1982 397 2045 et
429 1978 869 2063 urgentissima
912 1979 1280 2043 necessitate
1326 1980 1792 2043 concurrente...
1833 1975 1990 2042 Cum
2030 1978 2193 2042 enim
2239 1978 2514 2060 proxime
2551 1997 2803 2043 concur-

324 2085 477 2147 rant
508 2100 620 2147 seu
652 2082 943 2147 accedant
974 2081 1225 2164 peccato
1258 2081 1409 2156 heri,
1444 2082 1518 2145 ut
1548 2082 1636 2145 sit
1670 2080 1853 2163 quasi
1897 2080 2168 2164 positiva
2218 2099 2290 2145 ac
2321 2079 2554 2145 directa
2585 2099 2802 2164 coope-

322 2184 514 2261 ratiO,
564 2184 835 2248 maxima
868 2202 1057 2247 causa
1094 2183 1425 2248 excusandi
1470 2183 1756 2267 indigent
1786 2208 1847 2247 ».

413 2284 601 2358 288.
652 2285 713 2352 S.
760 2285 945 2370 Alph.
994 2306 1054 2349 n.
1108 2286 1211 2349 64.
1262 2286 1487 2370 probat
1533 2284 1905 2349 sententiam
1953 2304 2186 2358 eorum,
2238 2284 2344 2365 qui
2392 2284 2624 2360 dicunt,
2676 2304 2796 2350 non

321 2391 510 2456 licere
559 2389 792 2455 deferre
838 2408 1024 2453 curru
1060 2388 1463 2453 concubinam
1514 2387 1589 2451 ad
1622 2388 1943 2453 dominum
1984 2407 2054 2451 ac
2083 2387 2284 2452 multo
2323 2387 2530 2451 minus
2577 2407 2802 2453 vocare

325 2494 406 2558 ad
429 2493 688 2559 domum
712 2492 879 2564 heriz
912 2490 1079 2573 quod
1109 2491 1274 2555 idem
1307 2510 1356 2556 s.
1391 2491 1576 2575 Alph.
1611 2490 1888 2556 extendit
1918 2490 1996 2554 ad
2028 2491 2282 2573 aurigas
2316 2490 2429 2553 aut
2452 2491 2797 2555 naucleros.

420 2595 711 2680 Intellige
746 2594 988 2677 priora:
1038 2613 1158 2658 non
1196 2593 1381 2658 licere
1410 2595 1658 2657 ratione
1687 2593 1886 2657 solius
1915 2592 2263 2672 famulatus
2284 2613 2306 2655 .·
2354 2593 2459 2657 sed
2503 2594 2568 2657 in
2599 2595 2798 2676 praxi,

321 2698 722 2764 contumacia
752 2697 1109 2762 huiusmodi
1146 2696 1470 2762 hominum
1502 2696 1982 2761 detrectantium
2019 2695 2437 2760 ministerium
2468 2713 2674 2772 suum,
2701 2697 2800 2760 est

322 2820 568 2885 semper
614 2799 960 2883 periculosa
1005 2818 1116 2864 nec
1161 2798 1436 2863 famulus
1482 2798 1691 2881 potest
1734 2799 2009 2863 rationes
2041 2798 2114 2863 de
2146 2798 2243 2863 his
2275 2799 2603 2863 instituere
2648 2818 2793 2863 cum

322 2904 600 2969 domino.
634 2902 754 2967 Sed
789 2903 941 2967 haec
973 2902 1285 2986 pertinent
1319 2901 1523 2984 magis
1554 2899 1632 2963 ad
1671 2900 1852 2964 resol.
1888 2918 2014 2980 seq.

416 3004 637 3087 Quoad
669 3002 922 3088 aurigas
960 3005 1173 3069 autem
1210 3005 1323 3067 aut
1366 3002 1709 3078 naucleros,
1757 3003 1822 3066 in
1867 3002 2043 3084 praxi
2081 3002 2182 3066 vix
2213 3004 2327 3079 est,
2360 3002 2527 3083 quod
2563 3003 2799 3068 confes·

322 3109 530 3175 sarius
576 3107 888 3190 inquirat3
937 3106 1085 3189 quia
1134 3124 1329 3187 neque
1376 3108 1523 3169 sunt
1578 3123 1775 3186 neque
1822 3106 2084 3187 possunt
2129 3123 2260 3169 esse
2305 3103 2579 3179 solliciti,
2629 3105 2791 3185 quis,

322 3231 455 3284 cur,
504 3229 806 3294 quorsum
853 3209 993 3273 vehi
1039 3210 1216 3290 petat
1260 3209 1324 3272 et
1370 3226 1512 3272 curn
1557 3206 1804 3290 publico
1842 3207 1908 3270 in
1937 3206 2074 3271 loco
2115 3206 2399 3270 omnibus
2431 3206 2796 3271 indiscrimi-

321 3313 527 3378 natim
566 3312 868 3396 prostent,
916 3312 1231 3392 nequeunt
1278 3310 1509 3393 petenti
1559 3309 1834 3374 officium
1879 3308 2221 3373 detrectare
2259 3308 2390 3373 sine
2420 3308 2796 3392 gravissimo

320 3413 740 3481 incommodo.

415 3513 595 3587 289.
629 3515 849 3596 Quoad
879 3514 1200 3580 deferenda
1245 3514 1618 3579 munuscula-
1665 3531 1712 3576 s.
1747 3513 2107 3595 Alphonsus
2138 3529 2198 3574 n.
2235 3512 2338 3574 65.
2374 3510 2545 3587 dicit,
2585 3511 2795 3575 verius

323 3619 664 3687 Concinam
711 3622 931 3703 putare
980 3620 1095 3683 hoc
1139 3618 1467 3683 intrinsece
1512 3616 1785 3692 malum3
1834 3615 1987 3694 quia
2021 3632 2285 3676 munera
2303 3631 2425 3691 per
2453 3631 2519 3676 se
2554 3615 2796 3691 turpem

322 3743 601 3787 amorem
642 3720 868 3801 fovent.

411 3824 641 3908 Sporer
684 3823 760 3888 de
805 3824 922 3888 hac
949 3842 1030 3888 ·re
1076 3822 1163 3886 In
1228 3822 1294 3886 V.
1336 3821 1567 3884 Praec.
1615 3839 1748 3902 cap.
1805 3820 1862 3882 1.
1912 3838 1972 3883 n.
2024 3819 2128 3882 99.
2163 3836 2305 3901 pag.
2356 3817 2461 3881 84.
2498 3819 2652 3883 tom.
2689 3820 2787 3883 2.:

327 3953 364 3989 «
402 3928 703 3994 Excusari
748 3927 899 4009 (ait)
944 3926 1216 3991 famulos
1265 3925 1363 3990 vel
1411 3924 1688 3997 ancilla&
1736 3923 1846 4005 qui
1891 3923 2055 3986 inter
2101 3921 2460 3986 huiusmodi
2499 3922 2681 3987 heros
2727 3924 2793 3987 et

322 4032 504 4097 heras
537 4030 819 4095 deferant
847 4029 1112 4104 litteraS,
1145 4028 1549 4104 internuntia,
1576 4045 1853 4104 munera,
1880 4024 2076 4090 solius
2100 4024 2480 4090 urbanitatis
2512 4025 2610 4090 vel
2642 4025 2793 4089 ami-

324 4135 508 4199 citiae
541 4134 726 4216 plena
756 4132 1193 4215 praestentque
1239 4130 1469 4194 similia
1518 4129 1642 4193 alia
1689 4129 1914 4206 officia,
1964 4147 2122 4209 quae
2173 4127 2333 4190 alius
2380 4125 2654 4190 famulus
2694 4127 2792 4190 vel

324 4237 551 4303 ancilla
592 4254 785 4317 aeque
816 4235 1181 4318 praestaret.
1221 4233 1409 4297 Ratio
1444 4234 1557 4309 est,
1593 4231 1739 4313 quia
1773 4250 1844 4296 ex
1882 4249 2006 4295 una
2041 4231 2217 4313 parte
2249 4229 2345 4293 illi
2374 4248 2444 4293 ex
2493 4228 2695 4294 officio
2729 4232 2793 4293 et

323 4339 677 4405 conditione
698 4357 813 4403 sua
844 4338 1134 4401 tenentur
1158 4335 1423 4401 dominis
1448 4334 1675 4399 servire
1700 4335 1765 4400 et
1797 4333 2080 4416 obsequi3
2107 4352 2178 4396 ex
2211 4331 2410 4395 altera
2441 4350 2584 4396 vero
2617 4334 2798 4413 parte

322 4441 679 4527 cooperatio
728 4440 805 4504 ad
853 4440 1175 4524 peccatum
1206 4457 1372 4503 mere
1416 4437 1761 4502 materialis
1793 4438 1982 4501 estet
2027 4436 2278 4499 tantum
2325 4436 2567 4499 remota
2599 4459 2660 4498 ».
2709 4433 2794 4495 Et

321 4563 465 4610 sane
515 4543 765 4608 videtur
796 4540 1067 4607 Concina
1096 4560 1219 4607 non
1252 4541 1403 4606 bene
1434 4539 1866 4605 ratiocinatus

484 4667 773 4710 Battum.
803 4688 856 4697 -—
886 4663 1056 4708 Mor-al.
1090 4664 1241 4707 'remo
1268 4663 1334 4705 11.
2573 4657 2629 4698 14
