3497 5147
283 351 411 421 [618]
943 363 1112 410 QUAE
1147 362 1548 411 ammaum
1586 362 1863 402 namara
1901 360 2043 402 von
2604 347 2713 402 477

276 468 332 529 et
358 462 735 546 praeceptum
766 460 851 525 sit
880 461 1144 525 materia
1176 461 1328 538 voti,
1352 461 1527 544 patet
1558 460 1707 542 quia
1738 459 1802 523 et
1833 459 1966 523 eius
1998 459 2356 524 observatio
2389 459 2582 522 libera
2616 460 2711 523 est

277 569 331 631 et
361 565 496 629 licet
531 563 605 627 ad
652 563 906 628 eandem
956 582 1087 628 rem
1118 563 1401 646 pluribus
1450 560 1940 647 obligationibus
1986 579 2051 625 36
2090 560 2473 645 obstringere
2521 565 2708 642 atque

275 669 520 734 Ecclesia
566 667 788 750 probat
830 667 1190 732 huiusmodi
1241 668 1389 732 vota
1428 681 1488 730 ·e.
1537 685 1599 750 g.
1648 666 1870 729 votum
1915 663 2336 728 continentiae
2384 662 2589 746 quoad
2636 682 2712 726 ea

277 790 516 854 quoque,
557 769 632 834 ad
663 788 821 852 quae
856 769 985 835 iam
1021 770 1158 855 lege
1190 772 1491 834 tenemur.

355 871 414 937 Si
448 891 568 954 qua
606 874 816 937 autem
847 872 1183 937 difficultas
1218 873 1521 950 occurrat,
1557 871 1622 935 in
1655 870 1864 935 Resol.
1901 869 2239 953 expeditur.
2267 867 2301 906 ’¹‘

1254 1082 1320 1150 U
1313 1082 1431 1148 nde
1477 1082 1763 1149 resolves.

366 1261 495 1313 xvi.
534 1260 572 1310 Ι.
601 1256 874 1311 Invalidum
910 1264 983 1309 est
1013 1263 1179 1309 votum
1208 1271 1452 1323 nunquam
1479 1256 1710 1324 peccandi
1745 1255 2028 1323 venialiter-3
2056 1271 2166 1310 cum
2194 1255 2243 1308 id
2269 1252 2519 1308 moraliter
2550 1260 2598 1305 et
2636 1268 2712 1306 or-

275 1343 445 1397 dinarie
470 1340 531 1395 sit
569 1340 892 1408 impossibile.
919 1339 1081 1407 Aliqui
1110 1349 1266 1395 tamen
1305 1342 1495 1407 volunt,
1526 1340 1597 1396 sic
1636 1348 1894 1394 voventem
1934 1338 2090 1394 teneri
2125 1338 2220 1393 isto
2259 1346 2377 1392 voto
2417 1339 2476 1392 ad
2519 1337 2713 1390 vitanda

270 1426 478 1481 mortalia
504 1433 553 1479 et
580 1424 786 1480 venialia
813 1424 1060 1489 graviora:
1092 1427 1153 1478 de
1178 1440 1275 1492 quo
1300 1424 1605 1480 scholastici.
1628 1427 1746 1479 Nav.
1772 1441 1813 1479 c.
1837 1429 1918 1479 ⁴2.
1944 1442 1994 1479 n.
2021 1428 2106 1479 63.
2128 1428 2266 1479 Suar.
2289 1430 2322 1480 1.
2343 1427 2392 1477 2.
2413 1439 2453 1477 6.
2477 1425 2523 1476 3.
2541 1426 2718 1480 Sanch.

272 1509 330 1566 de
363 1509 605 1566 Matr-im.
641 1513 670 1563 1.
701 1512 750 1563 9.
778 1511 827 1562 (1.
858 1511 942 1563 35.

350 1643 497 1718 818.
544 1646 768 1711 Vitare
807 1647 1013 1710 omnia
1061 1646 1327 1711 venialia
1374 1666 1552 1710 nemo
1587 1650 1794 1730 potest
1824 1649 1953 1713 sine
1988 1648 2239 1732 speciali
2274 1647 2619 1732 privilegio,
2649 1648 2722 1710 ut

270 1748 480 1836 Synod.
514 1749 793 1815 Trident.
830 1748 1062 1814 definit.
1097 1749 1261 1835 Ergo
1311 1752 1404 1813 est
1452 1751 1715 1814 materia
1746 1751 2067 1816 moraliter
2098 1750 2520 1834 impossibilis.

354 1853 561 1933 Quoad
588 1853 767 1937 plene
790 1847 1128 1917 deliberata
1155 1852 1421 1916 venialia
1445 1852 1650 1935 plures
1698 1853 1834 1917 DD.
1862 1854 2182 1917 senserunt
2205 1851 2549 1917 invalidum
2598 1869 2728 1915 esse

271 1959 511 2030 votum3
564 1955 663 2019 ita
711 1953 1070 2019 Salmantic.
1111 1974 1242 2038 cap.
1288 1956 1345 2018 l.
1402 1975 1460 2017 n.
1498 1955 1602 2018 80.
1638 1954 1745 2038 qui
1793 1956 1953 2020 male
2000 1956 2265 2039 probant
2315 1974 2384 2018 ex
2432 1972 2564 2017 can.
2618 1953 2722 2016 23.

270 2076 410 2122 sess.
445 2059 501 2120 6.
534 2057 743 2132 Trid.;
792 2077 987 2140 neque
1036 2057 1295 2122 enimin
1333 2057 1448 2123 hoc
1495 2056 1742 2123 Canone
1781 2078 1981 2124 sermo
2030 2059 2234 2124 solum
2296 2060 2390 2122 est
2427 2058 2500 2122 de
2546 2058 2722 2141 plene

266 2159 636 2225 deliberatis.

351 2267 493 2344 Alii,
542 2268 645 2333 uti
693 2287 741 2332 s.
776 2267 959 2351 Alph.
994 2289 1052 2332 n.
1090 2269 1261 2347 203„
1297 2271 1524 2353 putant
1574 2270 1883 2336 validum:
1919 2270 2024 2336 sed
2061 2289 2310 2354 prorsus
2355 2269 2720 2348 addendum,

264 2369 320 2433 id
351 2370 555 2435 valere
606 2371 813 2435 solum
837 2371 900 2434 in
927 2371 1200 2454 personis
1225 2372 1403 2437 valde
1435 2373 1496 2437 in
1531 2373 1767 2438 virtute
1799 2373 2166 2451 exercitatiS,
2187 2373 2262 2437 ut
2291 2373 2422 2456 ipse
2454 2392 2501 2438 s.
2538 2372 2725 2456 Alph.

263 2472 405 2536 ibid.
440 2472 741 2537 advertit.

347 2576 635 2661 Idipsum
668 2576 790 2641 dici
820 2576 999 2642 debet
1044 2578 1117 2642 de
1149 2579 1295 2643 voto
1346 2579 1583 2643 vitandi
1630 2579 1897 2643 venialia
1944 2578 2006 2643 in
2054 2578 2266 2661 aliqua
2319 2578 2583 2642 materia
2630 2578 2734 2643 de-

259 2679 617 2757 terminata,
656 2700 715 2744 v.
764 2700 858 2765 gr.
884 2699 1008 2745 non
1053 2680 1288 2745 dicendi
1338 2682 1615 2746 iocosum
1650 2680 2059 2759 mendacium,
2099 2681 2264 2764 quod
2303 2680 2538 2746 virtute
2564 2701 2732 2765 prae-

259 2780 401 2846 ditis
434 2782 681 2847 censeri
718 2784 925 2864 potest
957 2782 1274 2866 possibile:
1314 2802 1435 2847 non
1472 2785 1682 2847 autem
1715 2782 1876 2847 aliis.

345 2884 483 2951 Imo
532 2884 708 2950 recte
741 2883 915 2948 addit
959 2903 1008 2949 s.
1042 2884 1225 2968 Alph.
1275 2905 1333 2948 n.
1371 2885 1519 2948 203.
1558 2886 1674 2967 ho,c
1709 2885 1927 2950 votum
1959 2885 2023 2950 in
2062 2885 2432 2968 quibusdam
2456 2885 2736 2950 materiis

256 3007 384 3053 esse
422 2989 500 3053 de
534 3009 606 3053 re
639 2987 1030 3071 impossibili,
1065 3008 1124 3052 v.
1158 3007 1251 3072 gr.
1286 2988 1350 3052 in
1388 2988 1875 3072 cogitationibus
1925 2989 2266 3054 inhonestis
2305 2991 2419 3053 aut
2453 2989 2689 3054 otiosiS.

341 3091 489 3157 Huc
538 3092 704 3175 puto
753 3089 1028 3173 spectare
1076 3090 1292 3153 votum
1340 3089 1577 3154 vitandi
1639 3093 1818 3155 actus
1872 3090 2297 3174 impatientiae
2346 3093 2457 3155 aut
2500 3089 2742 3155 iracun-

256 3194 390 3259 diae
422 3214 510 3259 sc.
566 3211 697 3258 non
742 3190 1063 3256 irascendi.
1097 3190 1260 3255 Nam
1309 3191 1751 3257 difficillimum
1783 3195 1877 3258 est
1915 3195 2120 3258 tenere
2151 3192 2444 3258 medium.
2480 3192 2739 3276 Insuper

253 3296 617 3382 generatim
668 3296 989 3378 acceptum
1021 3294 1239 3358 votum
1270 3313 1393 3358 non
1429 3295 1731 3360 irascendi
1762 3298 1857 3361 est
1890 3295 1962 3360 de
1994 3315 2056 3360 re
2088 3314 2211 3360 non
2247 3295 2431 3360 modo
2463 3295 2745 3379 impossi-

252 3397 383 3475 bili,
429 3397 543 3463 sed
587 3397 667 3461 de
714 3416 778 3461 re
810 3396 1000 3462 etiam
1033 3379 1571 3478 malaz'quatenus
1601 3397 1836 3462 bonum
1874 3398 1970 3462 est
2005 3397 2341 3463 identidem
2378 3396 2580 3461 irasci.

340 3501 572 3585 Aliqui
628 3498 866 3564 addunt
912 3497 1064 3581 (vid.
1101 3498 1285 3582 apud.
1336 3496 1513 3563 Suar.
1547 3498 1655 3563 lib.
1699 3500 1760 3562 2.
1800 3519 1931 3583 cap.
1968 3498 2028 3562 3.
2061 3519 2122 3563 n.
2165 3500 2257 3583 2.)
2304 3517 2425 3563 non
2459 3517 2588 3562 esse
2634 3517 2744 3561 va-

253 3603 454 3669 lidum
507 3606 744 3668 votum
788 3602 1027 3666 vitandi
1076 3600 1283 3665 omnia
1330 3601 1644 3677 mortalia,
1695 3601 1750 3665 si
1797 3620 1997 3666 sermo
2047 3601 2131 3665 sit
2179 3600 2252 3666 de
2313 3619 2573 3683 persona
2619 3599 2746 3663 fra-

251 3708 383 3790 gili.
436 3704 569 3771 Cui
624 3704 967 3769 sententiae
1012 3705 1158 3769 licet
1204 3702 1429 3768 Suarez
1476 3702 1517 3766 l.
1570 3722 1620 3767 6.
1670 3722 1795 3767 non
1843 3703 2194 3781 adhaereat,
2245 3703 2468 3786 probat
2514 3703 2744 3780 tamen,

252 3810 421 3891 quod
474 3810 579 3873 ait
629 3805 971 3882 NavarruS,
1010 3806 1167 3869 hanc
1222 3824 1352 3869 esse
1406 3805 1816 3870 sufficientem
1865 3824 2117 3870 causam
2166 3805 2641 3890 dispensationis
2689 3807 2754 3870 et

253 3912 381 3977 tale
414 3914 665 3977 votum
700 3929 813 3974 nec
850 3907 1127 3992 expedire
1159 3927 1267 3972 nec
1300 3908 1455 3973 utile
1489 3926 1639 3973 esse.

342 4016 565 4081 Prout
592 4013 672 4077 de
701 4032 767 4077 re
799 4014 894 4076 est
922 4010 1311 4095 impossibili,
1344 4012 1610 4078 habetur
1655 4012 1999 4078 invalidum
2028 4017 2247 4079 votum
2278 4015 2516 4080 vitandi
2550 4017 2758 4079 omnia

253 4120 576 4187 mortalia
635 4118 696 4182 et
726 4114 1020 4191 venialia3
1044 4116 1191 4199 quia
1223 4116 1447 4181 saltem
1481 4119 1722 4201 partem
1753 4117 1941 4181 habet
1971 4117 2457 4200 impossibilem:
2493 4136 2541 4180 s.
2569 4116 2754 4196 Alph.

254 4244 319 4290 n.
362 4225 533 4289 203.

343 4327 594 4392 Plures
661 4321 913 4399 addunt,
971 4320 1134 4386 hunc
1179 4321 1375 4385 teneri
1413 4321 1635 4386 saltem
1691 4321 1769 4385 ad
1823 4320 2199 4404 possibilem,
2241 4339 2322 4383 36.
2376 4318 2447 4384 ad
2500 4316 2756 4383 vitanda

251 4428 604 4505 mortalia,
645 4425 763 4491 nisi
811 4425 1016 4490 obstet
1051 4424 1315 4489 intentio
1348 4424 1649 4500 voventiS,
1685 4442 1844 4505 quae
1891 4422 2266 4507 inspicienda
2315 4424 2427 4487 est.
2457 4419 2516 4485 S.
2566 4421 2751 4503 Alph.

258 4536 483 4598 autem
516 4532 568 4595 l.
612 4546 668 4592 6.
719 4527 809 4593 ait
840 4527 1034 4592 teneri
1080 4527 1279 4591 vitare
1312 4526 1498 4590 etiam
1548 4525 1815 4589 venialia
1862 4525 2226 4590 deliberata:
2277 4523 2382 4589 sed
2429 4523 2545 4589 hoc
2596 4523 2760 4587 idem
