3497 5147
796 296 906 350 446
943 308 1156 350 macr.
1184 308 1267 350 v1.
1293 307 1457 349 snc‘r.
1485 307 1550 347 11.
1578 307 1663 346 mn
1688 305 1968 348 0001111110
1992 307 2210 349 Panno.
2241 307 2572 350 nmamm.
2598 307 2727 349 0111».
2752 309 2812 350 rr
2836 309 3030 352 1111011.
3059 290 3174 366 [580]

797 406 978 471 facile
1025 407 1300 487 apparet,
1346 405 1503 467 hanc
1548 404 1787 486 praxim
1835 404 2149 469 Romanos
2195 405 2526 470 Pontifices
2563 406 2889 489 adoptasse,
2933 425 3033 469 non
3071 408 3174 470 tam

798 509 966 591 quod
999 509 1292 591 putarent
1326 507 1676 571 iuramenta
1707 507 1859 570 haec
1892 507 2285 590 obligatoria,
2320 529 2510 590 quam
2556 529 2627 573 01
2672 509 2936 592 prudenti
2962 508 3177 590 quadam

805 610 1185 687 oeconomia,
1222 612 1295 674 ut
1326 610 1561 674 scilicet
1608 609 1889 675 adhibita
1920 609 2397 692 dispensationis
2427 612 2721 694 petendae
2751 610 2970 675 cautela
2999 610 3179 692 pericu-

803 713 942 777 lum
988 714 1231 776 abesset
1276 711 1708 795 periuriorum.
1743 710 1878 790 Quo
1917 715 2098 795 pacto
2133 713 2403 795 accipere
2433 714 2581 778 licet
2612 717 2675 778 et
2703 734 2754 778 0.
2787 712 2893 776 Ad
2927 732 3100 785 auree,
3125 711 3180 774 de

809 814 943 878 His
989 835 1146 896 quac
1185 816 1249 878 vi
1281 818 1549 878 metusve
1580 834 1772 878 causa
1808 815 1993 895 fiunt,
2025 816 2132 879 ubi
2172 817 2371 881 obiter
2401 816 2476 880 de
2505 817 2846 881 iuramento
2875 814 2942 878 fit
2981 814 3180 888 mentio,

803 918 958 1000 quin
990 919 1353 982 decernatur
1383 918 1589 1000 ipsum
1622 937 1728 1000 per
1760 936 1824 981 se
1853 918 2077 982 valere.
2119 919 2347 983 Eodem
2386 922 2568 1002 pacto
2607 919 2752 983 licet
2781 915 3123 1000 interpretari
3143 934 3182 978 c.

802 1020 920 1084 Ad
936 1020 1346 1094 audientiam,
1380 1020 1513 1084 eod.
1548 1020 1649 1084 tit.
1684 1021 1792 1084 ubi
1826 1021 2055 1085 statuit
2083 1023 2387 1097 Pontifex,
2415 1022 2565 1104 quid
2587 1021 2921 1086 faciendum
2944 1020 3017 1083 sit
3041 1021 3087 1082 ei
3104 1018 3185 1099 qui

800 1123 1170 1208 gravissimo
1208 1124 1383 1187 metu
1426 1123 1590 1206 regis
1637 1124 1890 1187 coactus
1937 1123 2142 1188 fuerat
2185 1125 2408 1201 iurare,
2458 1144 2523 1189 se
2553 1125 2996 1209 resignaturum
3033 1120 3189 1184 Eccle-

806 1227 993 1290 siam:
1040 1251 1077 1284 «
1115 1226 1262 1307 quia
1310 1244 1468 1306 quae
1517 1226 1577 1289 vi
1625 1227 1904 1289 metusve
1954 1245 2141 1291 causa
2173 1227 2351 1303 fiunt,
2386 1247 2598 1291 carere
2644 1227 2865 1291 debent
2901 1224 3085 1288 robore
3109 1221 3188 1302 fir·

804 1328 1066 1403 enitatis,
1097 1328 1486 1402 111011110111110,
1521 1329 1847 1409 quatenuS,
1897 1329 1950 1392 si
1982 1329 2242 1394 eundem
2274 1330 2350 1393 ad
2398 1331 2879 1415 resignationem
2907 1325 3192 1392 constiterit

802 1432 979 1496 vobis
1010 1452 1116 1515 per
1148 1432 1339 1495 talem
1370 1432 1607 1495 metum
1640 1431 1830 1495 fuisse
1861 1433 2166 1510 coactum,
2194 1434 2302 1515 qui
2331 1434 2606 1517 potuerit
2637 1435 2702 1497 et
2734 1430 2997 1496 debuerit
3028 1426 3190 1492 cadere

807 1533 872 1598 in
896 1535 1103 1599 virum
1127 1536 1537 1610 constantem,
1563 1553 1685 1599 non
1720 1535 2006 1599 obstante
2029 1535 2399 1613 iuramento,
2434 1555 2557 1619 quo
2580 1555 2706 1600 non
2739 1535 2814 1600 ad
2845 1531 3190 1617 repetendam,

802 1638 908 1702 sed
956 1638 1034 1702 ad
1079 1637 1515 1722 resignandam
1560 1637 1950 1701 solummodo
1998 1639 2344 1716 tenebatur,
2393 1639 2782 1721 praesentem
2825 1634 3122 1700 Ecclesiam
3152 1631 3194 1693 ei

802 1741 1052 1805 restitui
1082 1740 1327 1805 faciatis
1352 1765 1413 1803 ›.
1444 1739 1705 1804 Videtur
1729 1739 1947 1816 dicere,
1980 1741 2147 1823 quod
2177 1742 2231 1805 si
2253 1741 2541 1818 iurasset,
2573 1740 2722 1805 licet
2755 1740 3000 1814 invitus,
3029 1756 3082 1801 se
3106 1752 3194 1797 11011

803 1844 1234 1927 repetiturum,
1282 1862 1403 1907 non
1451 1842 1761 1925 potuisset
1804 1847 2076 1926 repetere
2121 1845 2220 1908 vel
2265 1844 2635 1929 indiguisset
2681 1842 3083 1909 absolutione:
3121 1833 3196 1901 sed

809 1945 960 2009 haec
992 1945 1322 2009 necessitas
1356 1944 1767 2009 absolutionis
1793 1964 1864 2009 ex
1888 1945 2175 2028 prudenti
2200 1947 2575 2023 oeconomia,
2611 1946 2688 2010 ad
2720 1945 3021 2011 cautelam
3041 1939 3198 2025 potuit

804 2049 1069 2131 supponi
1116 2068 1151 2112 a
1198 2048 1516 2113 Pontifice.
2397 2067 2403 2072 ⁴

894 2152 983 2215 Ex
1021 2171 1071 2215 0.
1110 2152 1320 2215 01110111
1365 2150 1690 2231 Pervenit,
1740 2151 1815 2214 de
1861 2152 2136 2216 Iureiur.
2180 2152 2282 2233 (de
2314 2172 2436 2235 quo
2469 2155 2678 2217 tamen
2715 2153 2860 2217 vide
2892 2153 3092 2217 Suarez
3127 2142 3199 2207 De

807 2262 1048 2326 Iuram.
1084 2260 1127 2322 1.
1164 2261 1224 2323 2.
1259 2278 1309 2323 0.
1348 2260 1450 2323 10.
1486 2280 1545 2322 11.
1582 2258 1784 2342 6.-8.),
1819 2259 2030 2344 colligi
2062 2261 2270 2343 potest
2299 2260 2447 2343 quid
2478 2260 2819 2325 identidem
2849 2257 3045 2323 valeat
3075 2253 3202 2317 abso-

806 2363 964 2427 lutio
1001 2382 1037 2427 a
1067 2363 1437 2426 iuramento.
1490 2362 1694 2426 Verba
1727 2364 1875 2426 sunt
1911 2382 1958 2426 s.
2009 2361 2315 2447 Gregorii.
2372 2388 2407 2421 ‹
2444 2363 2736 2427 Pervenit
2785 2362 2864 2426 ad
2894 2379 2999 2425 nos
3032 2352 3202 2420 Laudi-

804 2485 1049 2530 censem
1105 2465 1481 2547 Episcopum
1537 2465 1613 2528 ab
1667 2465 1774 2528 Ar.
1832 2463 2073 2529 Gomite
2133 2466 2315 2529 rebus
2369 2467 2497 2528 suis
2552 2466 2897 2548 spoliatum
2943 2465 3001 2527 et
3047 2460 3203 2523 iurare

804 2568 1217 2652 compulsum,
1251 2566 1417 2649 quod
1448 2587 1570 2633 non
1608 2569 1910 2650 repeteret
1942 2568 2030 2632 sic
2068 2566 2300 2632 ablata.
2336 2565 2604 2652 Cognita
2634 2567 2838 2652 igitur
2867 2557 3203 2632 contumelia,

804 2672 982 2737 valde
1006 2670 1340 2745 doluimuS,
1370 2673 1710 2734 asserentes
1732 2670 1939 2752 ipsum
1971 2670 2343 2753 Episcopum
2365 2670 2601 2734 nullius
2631 2669 2969 2735 iuramenti
2999 2660 3205 2730 vinculis

798 2794 985 2856 super
1018 2774 1133 2837 1100
1157 2791 1334 2854 posse
1365 2772 1725 2855 constringi,
1760 2791 1943 2853 quem
1977 2774 2183 2837 tamen
2210 2773 2612 2852 absolvimus,
2645 2773 2799 2855 quia
2830 2766 3207 2838 nefandissima

811 2876 1129 2941 coactione
1166 2874 1401 2938 iuravit
1433 2898 1492 2937 ».
1526 2874 1933 2939 Manifestum
1966 2877 2078 2952 est,
2112 2875 2269 2939 illud
2298 2875 2676 2939 absolvimus
2712 2894 2839 2940 11011
2872 2891 3041 2957 posse
3068 2864 3209 2951 signi-

800 2980 984 3045 ficare
1039 2979 1158 3043 nisi
1212 2977 1603 3042 declaramus
1636 2978 2010 3051 absolutum,
2064 2979 2404 3043 immunem
2457 2997 2674 3062 nempe
2723 2979 2805 3043 ab
2855 2972 3207 3060 obligatione}

800 3102 975 3149 secus
1008 3082 1171 3146 00001
1200 3080 1628 3145 contradictio.
1664 3081 2064 3145 Reiffenstuel
2093 3081 2135 3144 l.
2175 3081 2232 3144 1.
2267 3080 2367 3145 tit.
2402 3082 2508 3144 40.
2560 3101 2618 3144 11.
2655 3080 2761 3144 59.
2800 3080 3090 3144 rationem
3115 3067 3212 3134 red·

806 3186 974 3261 dens,
1008 3204 1118 3249 cur
1148 3184 1421 3248 Ecclesia
1452 3183 1797 3247 invalidum
1828 3184 2057 3248 habeat
2086 3185 2305 3248 votum
2352 3203 2424 3248 ex
2453 3186 2628 3247 metu
2673 3183 2937 3259 factum,
2968 3198 3080 3245 non
3097 3175 3214 3239 item

807 3286 1248 3361 iuramentum,
1275 3286 1425 3349 haec
1471 3304 1543 3349 01
1588 3285 1831 3350 Abbate
1877 3286 2134 3368 promit:
2177 3310 2212 3344 «
2246 3285 2596 3369 Disparitas
2628 3288 2742 3360 est,
2785 3285 2936 3367 quia
2965 3300 3092 3347 cum
3129 3276 3215 3339 fre-

803 3388 1990 3471 1111011101·10101110011111111110111011101111
2022 3388 2367 3452 actionibus
2399 3388 2743 3463 hominum,
2779 3387 2966 3451 aliter
2992 3377 3216 3448 Ecclesia

801 3491 1034 3557 statuit
1057 3490 1219 3555 circa
1244 3491 1468 3573 ipsum,
1496 3509 1570 3554 ne
1594 3490 1775 3554 detur
1805 3490 2068 3554 materia
2099 3490 2409 3575 allegandi
2439 3492 2678 3555 metum
2710 3490 2925 3571 sicque
2954 3476 3215 3571 peierandi

798 3596 1111 3678 simulque
1142 3595 1218 3658 ut
1246 3595 1553 3658 habeatur
1597 3593 1661 3657 in
1696 3593 1921 3658 maiori
1949 3595 2294 3658 reverentia
2330 3592 2548 3678 religio
2586 3591 2954 3657 iuramenti:
3001 3585 3216 3673 probato

806 3700 999 3774 metu,
1035 3696 1215 3760 debet
1246 3697 1372 3780 peti
1413 3697 1722 3761 absolutio
1759 3697 1836 3759 ab
1867 3696 2000 3779 ipso
2034 3721 2094 3759 ».
2129 3695 2300 3776 Quae
2334 3696 2518 3773 ratio,
2550 3714 2672 3760 non
2705 3715 2777 3759 ex
2808 3695 3127 3758 intrinseca
3151 3682 3217 3749 rei

799 3802 1026 3864 natura
1058 3799 1275 3881 petita,
1315 3800 1420 3863 sed
1466 3819 1537 3864 01
1576 3800 1842 3881 quadam
1894 3799 2250 3864 oeconomia
2281 3799 2637 3876 extrinseca,
2686 3798 2860 3862 favet
2906 3815 3049 3862 sane
3077 3805 3220 3873 nega·

794 3903 963 3967 11100
994 3904 1353 3967 0011101111οο.

894 4001 1072 4078 580.
1113 4007 1183 4069 3⁰
1221 4004 1392 4085 Quae
1422 4006 1717 4090 negativa
1755 4006 2060 4070 sententia
2103 4024 2226 4069 non
2264 4004 2595 4069 minimum
2640 4003 2964 4079 suadetur,
2995 3993 3224 4076 011110ρί-

795 4111 1033 4175 ciamus
1080 4128 1270 4190 quam
1316 4108 1640 4174 infeliciter
1685 4108 2031 4173 defensores
2077 4108 2422 4173 contrariae
2458 4107 2800 4173 sententiae
2838 4124 2905 4171 se
2937 4125 2974 4169 a
3003 4094 3224 4168 difficul-

800 4214 1036 4277 tatibus
1070 4211 1414 4293 expediant.
1447 4210 1732 4292 Namque
1764 4214 1838 4275 ut
1873 4214 2118 4295 negent,
2150 4210 2494 4275 invalidum
2527 4229 2656 4275 esse
2685 4211 2820 4274 iure
2849 4210 3106 4271 naturae
3132 4202 3225 4263 hoc

802 4313 1243 4391 iuramentum,
1278 4315 1589 4398 coguntur
1627 4316 1739 4378 aut
1769 4313 2095 4378 discrimen
2128 4313 2464 4391 ostendere,
2497 4332 2620 4395 quo
2651 4311 2992 4377 secernitur
3038 4328 3072 4372 a
3105 4302 3226 4370 voto

800 4420 862 4478 et
909 4415 1309 4479 matrimonio
1358 4417 1470 4479 aut
1514 4415 1832 4480 defendere
1870 4418 2019 4481 vota
2051 4418 2115 4481 et
2158 4416 2558 4481 matrimonia
2595 4434 2702 4499 per
2730 4416 2972 4478 metum
3018 4407 3228 4476 extorta

798 4538 929 4583 esse
959 4517 1162 4581 valida
1188 4518 1319 4581 iure
1344 4520 1622 4582 naturae.
1657 4517 1994 4584 Ε11111111111
2017 4521 2130 4597 est,
2158 4519 2383 4585 Suarez
2405 4518 2478 4583 de
2522 4518 2690 4594 Veto,
2713 4518 2754 4583 1.
2785 4517 2845 4580 1.
2879 4536 2930 4582 0.
2971 4515 3028 4580 7.
3060 4533 3113 4577 11.
3141 4506 3228 4571 18.
