3497 5147
727 379 831 433 196
905 391 1117 432 macr.
1146 393 1200 433 v.
1228 390 1390 433 snc‘r.
1419 391 1509 431 111.
1540 391 1624 430 nn
1648 392 1967 433 cama-aris
1996 391 2387 434 PRAmcnP'rIs.
2414 391 2611 434 capm-
2636 393 2701 431 11.
2730 391 2873 433 nnn.
2906 393 2962 434 v.
3031 376 3190 453 [2691

817 491 951 553 Imo
984 489 1146 552 hunc
1180 489 1471 552 ornatum
1504 488 1681 570 ponit
1711 489 1873 552 inter
1919 489 2096 552 actus
2128 489 2401 553 virtutis,
2441 489 2541 552 Ita
2579 488 2641 551 in
2679 488 2824 552 Isai.
2860 508 2992 571 cap.
3028 489 3090 551 4.
3124 489 3186 551 in

723 592 864 655 fin.:
913 615 947 649 α
986 590 1260 654 Ornatus
1298 589 1744 654 mensurandus
1783 591 1880 655 est
1911 591 1987 654 ad
2024 590 2278 655 modum
2312 593 2374 654 et
2405 610 2758 655 mensuram
2789 610 3087 674 personae
3124 593 3190 654 et

720 693 1149 757 intentionem.
1201 691 1265 755 Si
1303 692 1466 755 enim
1511 692 1803 756 mulieres
1849 694 2099 775 portent
2137 694 2499 757 ornamenta
2530 692 2808 756 decentia
2847 693 3180 757 secundum

723 796 963 859 statum
1010 796 1073 859 et
1105 794 1475 878 dignitatem
1524 813 1702 858 suam
1735 798 1799 859 et
1828 795 2144 859 moderate
2182 814 2245 859 se
2291 795 2563 859 habeant
2593 794 2657 858 in
2703 794 2887 859 factis
2920 796 3050 859 suis
3098 815 3187 860 se-

721 897 992 962 cundum
1037 895 1543 961 consuetudinem
1590 897 1849 978 patriae,
1906 897 2025 961 erit
2080 898 2256 961 actus
2303 896 2559 961 virtutis
2613 896 2976 974 modestiae,
3026 917 3182 980 quae

721 1001 976 1065 modum
1010 1000 1186 1084 ponit
1215 1001 1276 1063 in
1309 1000 1568 1076 incessu,
1605 1000 1799 1075 statu,
1833 1000 2055 1064 habitu
2079 1001 2142 1064 et
2169 999 2453 1064 omnibus
2478 1000 2751 1065 motibus
2778 1000 3184 1065 exterioribus

722 1105 785 1168 et
820 1104 1051 1186 poterit
1097 1122 1227 1167 esse
1272 1101 1649 1179 meritoriuS,
1698 1102 1754 1167 si
1805 1101 1880 1166 fit
1932 1122 2073 1166 cum
2127 1102 2355 1186 gratia.
2406 1101 2706 1166 Similiter
2751 1103 2805 1166 si
2850 1102 3060 1179 faciat,
3109 1104 3183 1167 ut

720 1205 964 1289 placeat
1009 1204 1290 1268 decenter
1336 1204 1468 1268 viro
1516 1222 1651 1281 su0,
1701 1224 1884 1286 quem
1932 1204 2137 1281 habet,
2187 1204 2286 1268 vel
2333 1223 2519 1286 quem
2567 1204 2837 1287 accipere
2884 1203 3081 1281 debet,
3116 1207 3183 1268 et

720 1310 795 1373 ut
828 1310 905 1373 ab
937 1309 1076 1371 aliis
1108 1308 1472 1371 mulieribus
1504 1308 1880 1372 retrahatur.
1918 1307 1983 1371 Si
2015 1310 2228 1372 autem
2258 1308 2529 1372 habeant
2561 1310 2925 1372 ornamenta
2958 1309 3180 1392 pretio-

720 1411 904 1488 siora,
955 1429 1143 1492 quam
1189 1407 1404 1473 decent
1450 1409 1636 1492 ipsaS,
1688 1409 1808 1474 erit
1838 1411 2217 1494 arrogantia,
2267 1410 2364 1475 vel
2396 1410 2545 1493 quid
2577 1410 2994 1475 deformatum
3026 1411 3184 1476 vitio

717 1513 1019 1589 luxuriae,
1060 1513 1113 1576 si
1144 1512 1377 1575 faciant
1411 1512 1488 1575 ad
1521 1513 1978 1595 provocandum
2015 1513 2090 1576 ad
2125 1512 2686 1595 concupiscentiam
2718 1514 2816 1577 sui
2849 1539 2910 1578 ».

808 1617 892 1680 Et
925 1617 989 1680 in
1028 1616 1083 1679 1.
1124 1615 1283 1679 Tim.
1320 1636 1370 1680 c.
1409 1618 1468 1679 2.
1503 1615 1642 1679 lect.
1686 1617 1745 1678 2.
1783 1614 1860 1678 ad
1896 1615 2036 1678 fin.:
2078 1639 2114 1673 «
2146 1613 2405 1679 Servata
2437 1617 2606 1680 recta
2636 1615 2998 1695 intentione,
3040 1636 3186 1682 con-

718 1719 1044 1786 suetudine
1077 1718 1315 1802 patriae
1349 1719 1412 1781 et
1443 1717 1792 1782 conditione
1825 1718 2049 1794 status,
2083 1736 2206 1782 non
2245 1717 2340 1781 est
2371 1716 2686 1801 (ornatus)
2719 1718 3061 1799 peccatum.
3091 1720 3184 1789 De

717 1823 929 1887 fucato
963 1822 1174 1885 autem
1212 1840 1452 1902 semper
1497 1821 1592 1884 est
1638 1820 1980 1902 peccatum.
2031 1819 2399 1883 Mulieribus
2438 1818 2601 1882 enim
2638 1838 2760 1884 non
2793 1821 3184 1902 permittitur

719 1924 926 1990 ornari
956 1922 1077 1986 nisi
1109 1923 1361 2003 propter
1391 1922 1558 1985 viros
1604 1925 1667 1985 et
1699 1922 1818 1985 viri
1849 1920 2074 1985 nolunt
2109 1920 2327 2003 decipi,
2370 1922 2443 1984 ut
2473 1919 2719 1985 fucatae
2752 1925 3097 2005 appareant
3117 1949 3176 1986 ›.

807 2022 979 2095 269.
1014 2024 1240 2087 Paucis
1279 2042 1425 2106 ergo
1474 2024 1670 2086 statui
1705 2043 1776 2086 ex
1809 2042 1856 2086 s.
1893 2022 2132 2086 Thoma
2166 2024 2427 2105 possunt
2464 2023 2633 2088 haec.
2672 2025 2738 2086 1⁰
2771 2023 2836 2088 Si
2873 2044 2937 2089 se
2963 2028 3182 2090 ornent

717 2129 924 2193 animo
972 2126 1346 2209 provocandi
1388 2124 1465 2187 ad
1494 2124 1833 2200 libidinem,
1868 2126 2123 2207 peccant
2152 2126 2523 2190 mortaliter.
2562 2129 2631 2189 2⁰
2667 2127 2816 2191 Esse
2856 2129 3096 2193 veniale
3127 2129 3177 2193 si

717 2229 1086 2294 adhibeatur
1132 2247 1202 2291 ex
1249 2228 1546 2305 vanitate,
1595 2226 1871 2304 levitate,
1928 2227 2249 2292 iactantia.
2301 2226 2371 2291 3⁰
2418 2230 2577 2292 Item
2626 2230 2863 2293 veniale
2903 2232 3177 2314 reputari

715 2331 925 2415 potest
971 2349 1042 2393 ex
1089 2348 1307 2413 genere
1355 2348 1488 2402 suo,
1538 2329 1702 2410 quod
1744 2328 1830 2393 sit
1877 2329 2133 2393 ornatus
2165 2330 2534 2413 superfluus,
2570 2331 2666 2395 vel
2715 2351 2837 2396 non
2883 2333 2968 2397 sit
3005 2333 3181 2397 iuxta

716 2434 1130 2499 conditionem
1156 2435 1361 2497 status
1394 2432 1522 2497 sive
1546 2452 1653 2515 per
1678 2451 1991 2496 excessum
2022 2433 2150 2497 sive
2175 2452 2283 2516 per
2307 2433 2633 2498 defectum.
2661 2435 2731 2497 4⁰
2755 2433 3022 2499 Nullum
3052 2455 3182 2499 esse

715 2556 823 2622 per
849 2556 911 2603 se
932 2539 1273 2621 peccatum,
1315 2536 1368 2600 si
1400 2536 1680 2600 servetur
1716 2536 2096 2602 consuetudo
2136 2535 2394 2619 patriae,
2429 2536 2699 2602 conditio
2734 2538 2961 2603 status.
2991 2540 3062 2603 5⁰
3083 2538 3180 2604 Li-

713 2641 834 2704 cite
861 2639 1093 2721 aliquid
1129 2637 1582 2721 superadditur,
1618 2639 1691 2701 ut
1714 2637 2000 2720 placeant
2023 2638 2172 2702 viris
2205 2639 2356 2717 sui'S,
2383 2639 2483 2703 vel
2506 2658 2661 2721 quos
2686 2641 2911 2704 habere
2935 2641 3180 2707 debent.

717 2742 785 2803 6⁰
816 2742 1063 2805 Faciem
1111 2741 1289 2804 linire
1336 2740 1477 2803 fuco
1517 2759 1588 2803 ac
1634 2740 1969 2824 pigmentis
2001 2741 2121 2805 erit
2150 2741 2436 2818 mortale,
2477 2741 2531 2806 si
2567 2741 2681 2806 fiat
2714 2742 2791 2806 ad
2824 2743 3175 2810 lasciviam:

716 2843 952 2906 veniale
991 2844 1040 2907 si
1090 2843 1294 2906 solum
1342 2841 1419 2906 ad
1457 2841 1808 2926 fingendam
1855 2842 2407 2926 pulchritudinem:
2456 2843 2699 2908 nullum
2738 2844 2790 2908 si
2822 2845 2937 2910 fiat
2969 2847 3048 2910 ad
3088 2867 3180 2912 oc-

713 2945 1077 3010 cultandum
1126 2944 1395 3027 aliquem
1443 2944 1769 3009 defectum.
1823 2946 1889 3008 7⁰
1927 2945 2195 3010 Excusat
2243 2965 2290 3008 S.
2334 2947 2567 3011 Doctor
2614 2966 2650 3010 a
2698 2950 2969 3031 peccatO,
3022 2970 3176 3032 quae

709 3049 1004 3112 incedunt
1034 3048 1274 3132 capillis
1306 3067 1429 3112 non
1463 3048 1704 3124 velatiS,
1739 3048 1793 3110 si
1825 3047 1886 3110 id
1920 3066 2041 3111 non
2067 3067 2137 3111 ex
2169 3047 2468 3125 vanitate,
2502 3048 2608 3113 sed
2640 3070 2710 3114 ex
2735 3053 3178 3118 consuetudine

709 3152 961 3229 faciant,
996 3152 1143 3216 licet
1176 3150 1365 3214 addat
1402 3149 1909 3214 consuetudinem
1947 3168 2068 3213 non
2103 3169 2233 3215 esse
2264 3150 2671 3216 laudabilem:
2721 3172 2880 3235 quae
2927 3155 3176 3237 quidem

714 3253 1164 3318 animadversio
1209 3253 1482 3337 proderit
1514 3252 1719 3334 quoad
1754 3252 1908 3315 alias
1941 3252 2352 3334 quaestiones,

802 3352 982 3425 27⁰.
1036 3353 1324 3419 Ceterum
1373 3353 1576 3436 quoad
1625 3354 2069 3435 quaestionem,
2121 3374 2198 3418 an
2258 3355 2484 3419 mulier
2529 3357 2816 3421 teneatur
2862 3357 3178 3425 dimittere

713 3461 1003 3523 ornatum
1037 3461 1151 3523 aut
1195 3478 1316 3523 non
1351 3458 1511 3521 exire
1558 3458 1762 3534 domo,
1799 3458 1853 3521 si
1885 3458 2245 3522 scandalum
2278 3459 2652 3543 praevideat,
2690 3461 2892 3526 Diana
2924 3465 3078 3529 tom.
3115 3465 3172 3528 7.

711 3561 788 3625 tr.
832 3564 892 3625 5.
928 3581 1042 3625 res.
1079 3563 1139 3624 9.
1175 3562 1300 3624 tres
1334 3560 1512 3623 affert
1542 3559 1880 3623 sententias
1913 3560 2085 3642 (licet
2117 3581 2239 3626 non
2270 3562 2532 3641 videam,
2568 3564 2879 3646 quomodo
2918 3566 3108 3632 tertia
3138 3586 3173 3630 a

709 3665 909 3747 prima
946 3664 1236 3745 differat).

798 3766 1009 3829 Prima
1043 3768 1248 3849 negat,
1291 3786 1428 3830 eam
1458 3785 1725 3848 peccare,
1762 3767 1908 3849 quia
1941 3768 2146 3831 utitur
2181 3767 2316 3832 iure
2354 3787 2495 3832 suo:
2533 3767 2784 3834 effectus
2818 3773 3033 3837 autem
3071 3793 3174 3857 per

710 3866 987 3931 accidens
1042 3887 1162 3931 non
1217 3867 1629 3950 imputantur,
1681 3868 1928 3933 etiamsi
1989 3870 2483 3953 praevideantur.
2534 3871 2709 3936 Alias
2771 3876 2933 3937 esset
2986 3894 3172 3960 grave

708 3969 929 4054 iugum
977 3970 1040 4032 et
1087 3970 1327 4033 animae
1374 3970 1544 4035 mille
1590 3972 1829 4055 laqueis
1877 3971 2364 4054 implicarentur.
2399 3973 2571 4037 Haec
2617 3974 2821 4039 Diana
2854 3995 2926 4040 ex
2956 3977 3169 4053 Lorca,

706 4071 890 4144 Azor‚
926 4069 1243 4149 CaietanO,
1281 4072 1619 4150 Bonacina,
1654 4076 1769 4139 etc.

798 4174 1076 4240 Secunda
1122 4174 1291 4252 dicit,
1328 4197 1464 4240 eam
1513 4196 1759 4259 peccare
1798 4176 2165 4254 mortaliter,
2201 4176 2253 4240 si
2291 4176 2353 4241 id
2403 4180 2555 4264 agat
2586 4178 2716 4242 sine
2761 4181 3129 4246 necessitate
3155 4203 3178 4243 ·.

705 4278 1138 4341 necessitatem
1173 4279 1379 4342 tamen
1406 4279 1730 4360 explicant,
1761 4278 1813 4340 si
1844 4278 1993 4340 velit
2027 4278 2288 4343 invisere
2321 4280 2573 4359 vicinas,
2603 4281 2840 4358 affineS,
2868 4302 2945 4347 ne
2969 4284 3178 4348 minus

705 4379 941 4444 urbana
981 4379 1283 4457 videatur,
1325 4381 1423 4444 vel
1462 4381 1548 4443 ire
1588 4379 1664 4443 ad
1706 4380 2026 4444 ecclesiam
2065 4385 2178 4446 etc.

796 4482 1028 4556 Tertia,
1063 4483 1182 4560 cui,
1217 4483 1426 4564 inquit
1471 4482 1693 4561 Diana,
1730 4483 1826 4547 uti
1858 4484 2260 4566 probabiliori
2307 4486 2628 4564 adhaereo,
2670 4489 2764 4551 est
2810 4507 3027 4553 eorum
3064 4486 3164 4570 qui

706 4585 946 4663 docent,
982 4585 1275 4649 feminam
1309 4586 1396 4649 sic
1434 4605 1555 4649 non
1593 4605 1862 4668 peccare,
1897 4586 2044 4669 quia
2091 4607 2212 4653 non
2244 4589 2426 4653 debet
2456 4589 2688 4673 privari
2735 4610 2848 4656 sua
2880 4590 3162 4656 libertate
