3497 5147
738 365 844 420 128
913 380 1125 419 macr.
1154 380 1207 420 v.
1234 378 1395 419 snc‘r.
1424 379 1512 418 111.
1551 378 1637 417 mn
1673 378 1995 418 camu'ns
2032 377 2420 418 ancmis.
2445 378 2645 421 CAPUT
2668 377 2733 418 11.
2760 378 2900 419 nun.
2929 379 2992 419 11.
3050 364 3198 438 [173]

759 517 768 527 ·
824 477 983 540 Item
1025 477 1101 539 ad
1133 475 1560 552 obiectionem,
1610 475 1777 556 quod
1811 494 2036 559 negare
2084 476 2263 559 signa
2294 474 2743 539 familiaritatis
2776 478 2870 539 est
2894 477 3198 556 quaedam

733 579 1024 654 vindicta,
1075 577 1403 661 respondet
1447 579 1595 642 ibid.
1637 577 1715 641 ad
1750 580 1841 640 5.:
1898 603 1932 635 «
1969 577 2214 661 Negare
2246 577 2481 642 homini
2514 576 2695 660 signa
2724 575 3195 654 familiaritatis,

728 680 979 762 quando
1025 682 1363 744 necessitas
1407 684 1735 759 expeteret,
1786 681 1948 744 esset
1977 679 2254 744 vindicta
2292 680 2390 743 vel
2436 680 2628 743 etiam
2660 679 2905 760 quando
2953 681 3197 747 veniam

729 785 967 867 peteret
1014 784 1110 848 vel
1157 783 1403 865 quando
1451 803 1515 847 se
1562 783 1686 859 ille,
1729 783 1839 864 qui
1884 782 2082 846 hostis
2130 782 2414 859 habetur,
2464 781 2541 846 ad
2588 781 3087 847 familiaritatem
3133 804 3196 870 se

729 886 994 970 ingerat,
1021 887 1074 949 si
1099 886 1403 950 habeatur
1433 885 1877 969 praesumptio,
1912 884 2078 965 quod
2110 902 2233 948 non
2263 884 2556 948 simulate
2590 884 2687 948 vel
2718 883 2990 949 irrisorie
3016 884 3188 962 facit3

729 989 881 1068 quia
916 990 1060 1050 tunc
1085 987 1302 1069 diliyit
1328 991 1390 1050 et
1417 988 1584 1050 inter
1604 988 1838 1050 amicos
1868 985 2260 1066 deputandus
2295 992 2404 1050 est.
2431 985 2549 1050 Sed
2574 985 2739 1068 quod
2765 985 2992 1067 aliquis
3024 988 3190 1053 ultro

730 1110 794 1154 se
828 1090 906 1153 ad
942 1091 1437 1154 familiaritatem
1469 1090 1718 1155 inimico
1752 1091 2015 1173 ingerat,
2050 1090 2168 1153 hoc
2197 1089 2587 1172 perfectionis
2625 1091 2722 1153 est
2753 1115 2814 1153 ».

821 1188 972 1260 173.
1014 1192 1072 1254 N
1076 1212 1194 1255 unc
1217 1193 1588 1274 explicemus
1620 1192 1901 1275 singulas
1927 1193 2133 1274 partes
2165 1192 2350 1275 Resp.
2383 1192 2459 1256 A.
2496 1193 2718 1273 Itaque
2747 1194 3093 1259 communis
3117 1213 3187 1259 30

727 1295 1034 1379 generalis
1065 1296 1281 1380 regula
1314 1299 1427 1360 est.
1463 1296 1737 1360 Inimicis
1780 1315 1901 1360 non
1934 1296 2191 1360 debetur
2223 1296 2340 1359 nisi
2372 1295 2678 1379 generalis
2710 1296 2979 1374 dilectio,
3030 1317 3185 1380 quae

729 1399 1015 1462 omnibus
1047 1399 1402 1463 hominibus
1434 1398 1641 1462 debita
1666 1401 1790 1462 est:
1825 1417 1983 1480 quae
2014 1398 2231 1482 regula
2260 1397 2666 1481 intelligenda
2698 1400 2831 1464 tam
2853 1399 2927 1464 de
2960 1401 3185 1466 affectu

722 1501 987 1574 interno,
1021 1521 1212 1583 quam
1244 1501 1317 1565 de
1349 1503 1596 1566 externo
1621 1501 1861 1565 effectu.
1890 1501 2113 1577 Rati03
2141 1501 2287 1582 quia
2313 1500 2581 1582 inimice,
2609 1520 2734 1581 qua
2756 1501 3045 1568 inimicus
3068 1507 3181 1578 est.

723 1622 844 1668 non
892 1603 1151 1668 debetur
1199 1604 1434 1686 aliquid
1480 1605 1848 1681 dilectioniS,
1884 1603 1988 1667 sed
2035 1601 2308 1688 generali
2354 1603 2614 1678 ratione,
2663 1621 2788 1683 qua
2834 1603 3021 1669 homo
3068 1609 3179 1669 est.

720 1706 885 1791 Ergo
948 1708 1042 1771 illi
1101 1727 1222 1772 non
1287 1706 1554 1790 amplius
1610 1706 1868 1770 debetur
1915 1725 2103 1787 quam
2151 1705 2436 1769 omnibus
2484 1704 2841 1770 hominibus
2889 1706 3184 1772 debeatur

720 1811 1084 1893 generatim.

810 1913 910 1975 Ita
945 1932 993 1975 S.
1028 1913 1248 1976 Thom.
1283 1911 1358 1975 dc
1407 1911 1564 1976 Virt.
1599 1931 1657 1993 q.
1695 1914 1755 1974 2.
1800 1913 1916 1975 art.
1953 1913 2034 1974 8.:
2077 1937 2111 1969 ‹<
2150 1910 2309 1975 Cum
2356 1910 2434 1974 ad
2479 1911 2801 1975 inimicum
2846 1912 3022 1976 nulla
3060 1913 3182 1976 alia

720 2016 866 2080 unio
901 2015 1076 2078 nobis
1107 2017 1442 2090 remaneat,
1477 2015 1598 2077 nisi
1645 2014 1779 2077 3013
1828 2015 1973 2077 3310
2021 2015 2324 2091 caritatiS,
2359 2034 2430 2078 ex
2476 2014 2843 2079 necessitate
2874 2015 3180 2097 praecepti

719 2120 1003 2181 tenemur
1048 2134 1153 2181 eos
1186 2116 1442 2198 diligere
1486 2117 1552 2180 in
1589 2117 1903 2180 communi
1937 2118 1999 2180 et
2032 2117 2255 2181 affectu
2287 2120 2351 2181 et
2381 2117 2602 2181 effectu
2632 2141 2741 2181 »...
2774 2117 2860 2180 Et
2892 2135 3177 2181 mensura

718 2221 813 2284 est
859 2220 1042 2282 haec:
1085 2242 1120 2276 ‹
1158 2218 1464 2282 Tenemur
1496 2219 1721 2284 affectu
1754 2222 1818 2284 et
1848 2219 2069 2283 effectu
2106 2219 2407 2296 caritatis,
2446 2237 2570 2301 quo
2612 2238 2823 2284 omnes
2868 2221 3180 2303 proximos

716 2323 1039 2406 diligimus
1070 2323 1134 2385 et
1165 2340 1275 2404 pro
1316 2321 1601 2387 omnibus
1650 2341 1921 2399 ora-mus,
1946 2341 2070 2386 non
2101 2320 2419 2386 excludere
2451 2321 2641 2385 etiam
2670 2322 2833 2398 illos,
2860 2322 2970 2404 qui
3004 2323 3179 2387 nulla

715 2424 891 2489 nobis
940 2425 1190 2507 speciali
1236 2424 1673 2489 constrictione
1719 2425 2201 2510 coniunguntur,
2251 2427 2325 2488 ut
2377 2424 2532 2507 puta
2577 2424 2720 2487 illos
2766 2424 2876 2505 qui
2920 2426 3072 2489 sunt
3114 2425 3173 2489 in

714 2527 890 2593 India
922 2529 1021 2593 vel
1051 2527 1386 2611 Aethiopia
1417 2552 1479 2591 ».

801 2633 1047 2695 Dicitur
1099 2629 1323 2694 saltem
1354 2632 1691 2709 privatus:
1740 2631 1906 2712 quia,
1958 2632 2028 2694 31
2076 2630 2304 2694 dicitur
2350 2631 2413 2694 in
2460 2630 2837 2695 resolutione
2885 2632 3170 2705 secunda,

707 2736 885 2817 pater
933 2753 1004 2796 ac
1048 2733 1328 2816 superior
1365 2734 1629 2816 possunt
1674 2733 1753 2796 ad
1799 2734 2249 2816 correptionem
2292 2753 2401 2816 per
2449 2734 2701 2815 aliquod
2748 2734 2998 2816 tempus
3037 2734 3174 2798 sub-

707 2836 953 2901 trahere
984 2835 1286 2900 eiusmodi
1318 2838 1672 2901 communia
1705 2836 1929 2913 officia,
1965 2856 2074 2902 seu
2106 2838 2285 2921 signa
2317 2836 2665 2901 dilectionis
2696 2837 2762 2900 et
2791 2836 3103 2901 beneficia.

798 2939 1043 3003 Dicitur
1087 2940 1439 3002 communia
1483 2938 1837 3003 dilectionis
1880 2942 2087 3021 siqua.
2127 2939 2493 3018 Quaeritur:
2533 2938 2912 3023 intelligitur
2947 2959 3024 3004 ne
3055 2940 3169 3005 1100

705 3042 953 3107 1101111110
997 3040 1080 3119 id,
1118 3041 1282 3123 quod
1331 3041 1616 3106 omnibus
1664 3042 2019 3107 hominibus
2066 3042 2411 3126 generatim
2457 3042 2733 3119 debetur,
2774 3061 2854 3105 311
2901 3062 3046 3108 vero
3086 3044 3170 3107 111-

706 3145 1017 3229 telligitur
1064 3163 1136 3207 ea
1182 3163 1428 3225 quoque
1485 3144 1755 3223 dilectio,
1805 3164 1963 3226 quae
2010 3164 2081 3208 ex
2128 3144 2496 3228 specialibus
2542 3144 2748 3208 titulis
2795 3145 3166 3225 quibusdam

705 3246 963 3311 debetur
986 3251 1015 3311 ⁴?

795 3349 1148 3432 Respondet
1195 3349 1390 3414 Lorca
1423 3352 1482 3413 2.
1522 3353 1580 3413 2.
1616 3370 1674 3431 q.
1711 3351 1815 3413 25.
1852 3370 1910 3413 n.
1948 3350 2051 3413 27.
2087 3347 2594 3432 distinguendum
2641 3366 2791 3413 esse.
2839 3374 2875 3407 ‹
2910 3348 3075 3414 Nam
3114 3350 3164 3413 si

703 3452 930 3517 titulus
977 3452 1063 3516 sit
1109 3453 1313 3517 solum
1359 3452 1642 3536 specialis
1691 3452 1969 3516 amicitia
2015 3454 2080 3516 et
2123 3450 2543 3528 familiaritaS,
2592 3471 2782 3533 quam
2829 3452 3029 3533 aliqui
3057 3471 3163 3517 vo·

699 3555 970 3618 luntarie
1016 3556 1183 3619 intra
1246 3574 1310 3620 se
1372 3555 1769 3631 contrahunt,
1818 3573 1939 3619 non
1996 3554 2255 3619 debetur
2314 3554 2601 3619 inimico:
2649 3554 2801 3618 haec
2856 3555 3023 3620 enim
3069 3556 3163 3619 est

699 3658 981 3740 specialis
1013 3657 1260 3722 dilectio
1308 3659 1372 3722 et
1391 3660 1602 3737 potest
1645 3657 1920 3733 dissolvi,
1956 3676 2077 3721 non
2116 3657 2319 3720 solum
2352 3658 2406 3720 si
2438 3656 2673 3720 amicus
2703 3655 2820 3720 fiat
2848 3657 3156 3733 1111311033,

697 3760 803 3823 sed
840 3761 1032 3823 etiam
1078 3762 1131 3825 si
1177 3779 1300 3825 non
1364 3760 1496 3837 fiat,
1546 3779 1738 3841 quare
1785 3778 1963 3824 nemo
2011 3761 2258 3823 tenetur
2305 3778 2443 3822 eam
2489 3777 2631 3823 03111
2677 3758 2878 3823 3111100
2926 3779 3162 3825 conser-

696 3882 858 3925 vare.
910 3861 975 3925 Si
1022 3882 1165 3928 vero
1213 3861 1462 3926 dilectio
1511 3864 1572 3925 et
1620 3863 1753 3925 eius
1799 3862 1979 3945 signa
2026 3861 2365 3924 debeantur
2413 3860 2551 3923 aliis
2607 3861 2832 3939 titulis,
2882 3863 3161 3927 naturali

695 3964 962 4041 vinculo,
1013 3965 1087 4027 ut
1147 3963 1762 4046 consanguineitatiS,
1812 3964 2058 4046 collegii
2105 3965 2169 4026 et
2213 3963 2541 4040 similibus,
2590 3964 2738 4029 licet
2795 3966 3162 4047 specialiora

691 4066 834 4137 sint.
888 4086 1076 4149 quam
1125 4085 1283 4147 quae
1330 4066 1616 4129 omnibus
1665 4065 2019 4128 hominibus
2067 4065 2384 4141 debentur,
2434 4065 2598 4131 inter
2641 4067 2957 4151 generalia
2994 4088 3162 4134 com-

690 4172 997 4249 putantur
1031 4168 1108 4231 ab
1142 4168 1427 4231 omnibus
1453 4169 1516 4230 et
1539 4187 1660 4231 non
1695 4168 1901 4248 potest
1931 4167 2217 4231 inimicus
2246 4167 2323 4230 ab
2343 4168 2430 4232 eis
2463 4170 2789 4234 excludi».
2815 4169 2919 4233 Ita
2943 4169 3163 4235 Lorca.

777 4271 946 4353 Ergo
979 4269 1355 4353 generaliter
1390 4269 1621 4334 falsum
1667 4272 1782 4347 est,
1818 4270 1984 4351 quod
2022 4270 2162 4350 quis
2200 4273 2488 4337 teneatur
2518 4273 2816 4355 pristinae
2849 4273 3164 4338 amicitiae

689 4374 802 4436 aut
859 4371 1310 4435 familiaritatis
1365 4373 1544 4457 signa
1602 4373 1783 4437 alteri
1851 4373 2150 4451 exhibere,
2201 4376 2446 4456 quando
2493 4377 2645 4440 haec
2706 4374 2987 4440 amicitia
3050 4377 3163 4441 aut

688 4474 1087 4538 familiaritas
1120 4493 1371 4557 prorsus
1408 4477 1544 4540 erat
1573 4476 1878 4541 ultronea.

777 4577 848 4640 In
897 4577 1033 4660 ipsa
1078 4577 1190 4642 illa
1230 4579 1481 4662 speciali
1528 4580 1980 4657 coniunctione,
2014 4600 2175 4662 quae
2221 4582 2382 4646 inest
2427 4582 2590 4645 inter
2632 4580 2937 4662 quosdam
2971 4601 3029 4645 v.
3062 4601 3154 4666 gr.
