3497 5147
361 306 507 390 [179]
994 323 1079 364 mn
1116 322 1264 366 omo
1301 325 1379 365 m·
1415 325 1788 369 mmm-mun
1825 327 2196 369 mmrcomm
2719 314 2824 369 133

369 421 619 506 negatio
652 420 1051 485 salutationis
1083 422 1415 504 prudenter
1445 425 1728 488 censetur
1761 424 1911 489 oriri
1945 443 2068 489 non
2105 443 2177 489 ex
2210 424 2369 501 odio,
2410 425 2515 489 sed
2554 445 2625 489 ex
2655 426 2823 490 iusto

366 524 595 597 dolore,
629 523 739 605 qui
767 523 932 588 iuste
964 523 1184 588 adimit
1207 524 1387 609 signa
1418 526 1795 590 urbanitatis
1830 527 2116 591 omnibus
2148 526 2420 610 eiusdem
2452 526 2821 592 conditionis

359 626 714 691 hominibus
747 629 810 690 et
847 645 880 689 e
910 627 1127 689 contra
1158 626 1448 691 videreris
1480 628 1718 693 atroces
1751 628 2012 692 iniurias
2044 629 2220 710 parvi
2252 629 2599 692 aestimare.

449 726 606 800 178.
641 728 740 793 Ad
763 729 933 806 haec,
967 729 1032 792 1⁰
1056 729 1109 793 si
1136 732 1362 814 agatur
1394 729 1466 793 de
1500 730 1776 795 amicitia
1809 749 1998 812 quam
2029 749 2274 796 servare
2306 730 2403 793 vel
2429 749 2551 794 non
2575 749 2819 795 servare

357 833 622 897 liberum
653 833 757 909 sit,
792 851 915 897 non
947 833 1098 896 dure
1131 831 1440 917 agendum
1476 853 1618 897 cum
1650 852 1741 912 6ο,
1792 833 1900 915 qui
1948 832 2107 897 nolit
2154 832 2353 896 ullum
2400 832 2623 895 habere
2656 850 2818 897 com-

358 936 658 999 mercium
688 954 833 999 cum
863 953 956 1007 eo,
996 954 1180 1016 quem
1214 935 1523 999 amicitiae
1556 935 1760 1001 officio
1791 935 2056 1000 defuisse
2088 936 2374 1017 expertus
2406 937 2519 998 est.

531 1036 602 1100 2⁰
634 1038 705 1101 Id
733 1038 1199 1120 proportionata
1231 1037 1602 1101 servandum
1632 1038 1794 1102 inter
1825 1056 1950 1115 eoa,
1978 1037 2348 1119 quibuscum
2380 1037 2667 1120 abrumpi
2689 1057 2813 1103 non

355 1142 560 1223 potest
591 1141 1048 1216 commercium,
1076 1139 1128 1203 si
1149 1139 1410 1204 servatis
1436 1140 1655 1204 officiis
1685 1140 2045 1205 necessariis
2071 1139 2333 1226 alicuius
2358 1139 2812 1208 coniunctionis

359 1243 642 1325 propriiS,
678 1242 886 1307 totum
918 1243 1325 1325 abrumpatur
1349 1242 1513 1324 quod
1537 1245 1773 1325 spectet
1799 1243 1876 1306 ad
1899 1243 2259 1307 ulteriorem
2291 1242 2806 1308 familiaritatem.

525 1346 596 1408 3⁰
629 1344 1126 1410 Existimandum
1155 1364 1278 1409 non
1309 1346 1422 1422 est,
1449 1363 1572 1422 eOS,
1600 1346 1710 1427 qui
1739 1345 2033 1410 iniuriam
2064 1345 2337 1420 fecerint,
2372 1346 2672 1410 iniustam
2702 1347 2810 1410 ha-

349 1448 487 1513 bere
534 1449 752 1513 debere
806 1448 1220 1524 severitatem,
1275 1466 1399 1528 qua
1447 1447 1524 1512 ab
1580 1448 1719 1513 aliis
1768 1450 2148 1524 tractentur3
2191 1449 2419 1513 conscii
2466 1449 2629 1514 enim
2676 1470 2806 1514 esse

346 1551 585 1628 debent,
620 1551 742 1615 sibi
769 1550 832 1615 id
863 1550 1111 1633 rependi
1148 1549 1312 1631 quod
1349 1553 1840 1632 promeruerunt.

521 1655 593 1718 4⁰
630 1655 782 1720 Esto
815 1654 1026 1744 abesse
1056 1653 1277 1719 debeat
1301 1654 1383 1730 id,
1411 1653 1576 1735 quod
1600 1653 1766 1736 sapit
1798 1653 2101 1718 ultionem
2127 1651 2391 1717 offensae
2423 1672 2494 1717 ex
2528 1652 2687 1717 odio.
2715 1653 2804 1718 At

351 1758 407 1822 si
448 1758 744 1839 praelato,
792 1758 893 1822 vel
946 1757 1250 1839 superiori
1293 1757 1638 1840 generatim
1699 1755 2104 1837 permittitur,
2156 1759 2229 1819 ut
2283 1755 2406 1819 ista
2468 1756 2799 1820 severitate

351 1861 611 1923 utantur
639 1860 702 1923 in
723 1859 1024 1937 subditoS,
1052 1859 1114 1924 id
1139 1860 1452 1942 supponit,
1473 1859 1741 1923 laesores
1775 1857 2302 1922 animadversione
2335 1857 2544 1939 aliqua
2575 1857 2797 1942 dignos

344 1980 496 2026 esse.
529 1962 617 2026 At
646 1961 943 2044 numquid
978 1962 1185 2026 minus
1216 1961 1389 2046 digni
1419 1964 1568 2026 sunt
1599 1959 2317 2037 animadversione‚ideo
2350 1959 2497 2042 quia
2531 1961 2797 2024 offensus

340 2082 458 2130 non
500 2067 595 2129 est
626 2065 947 2147 superior?
978 2065 1060 2129 Et
1095 2084 1238 2128 cum
1275 2084 1384 2128 nec
1420 2063 1801 2129 consuetudo
1848 2083 1959 2128 nec
2004 2064 2172 2147 leges
2219 2063 2560 2146 patiantur,
2595 2064 2670 2127 ut
2717 2066 2794 2128 ob

336 2167 682 2248 quamlibet
713 2167 1005 2232 offensam
1037 2167 1287 2248 querela
1325 2165 1403 2230 ad
1434 2165 1665 2230 iudices
1701 2165 1982 2248 publicos
2030 2164 2359 2242 deferatur,
2395 2165 2668 2248 profecto
2702 2185 2796 2229 ra-

335 2269 538 2334 tiones
584 2287 814 2347 omneS‚
862 2288 1022 2350 quae
1068 2269 1348 2350 publicae
1386 2268 1718 2351 potestatis
1764 2267 2186 2331 interventum
2232 2266 2507 2350 exigunt,
2558 2267 2794 2333 scilicet

331 2372 701 2437 insolentiae
732 2373 921 2453 atque
968 2372 1261 2435 audaciae
1307 2371 1697 2449 refraenatio,
1731 2369 2002 2435 defensio
2053 2369 2350 2444 omnium,
2387 2369 2616 2433 ordinis
2653 2390 2794 2434 con-

332 2476 602 2540 servatio
642 2476 780 2550 etc.‚
814 2474 1386 2539 convenientissime
1417 2473 1760 2556 postulant,
1787 2474 1862 2536 ut
1892 2472 2084 2536 etiam
2117 2472 2177 2534 in
2214 2471 2312 2535 his
2344 2470 2680 2535 levioribus
2718 2492 2791 2536 66

333 2597 584 2660 prorsus
615 2597 742 2643 non
771 2578 1003 2655 desint,
1027 2597 1185 2660 quae
1231 2578 1296 2642 in
1343 2577 1482 2641 aliis
1529 2576 1920 2661 gravioribus
1967 2573 2198 2639 iudices
2236 2594 2527 2658 peragere
2564 2573 2784 2639 solent.

327 2680 411 2746 Et
439 2683 490 2746 si
525 2682 744 2747 odium
782 2681 992 2745 abesse
1024 2700 1061 2745 a
1092 2680 1398 2745 iudicibus
1430 2681 1656 2763 potest,
1698 2679 1906 2762 potest
1943 2679 2006 2742 et
2038 2697 2074 2741 a
2108 2677 2387 2760 privam,
2424 2677 2572 2741 dum
2606 2678 2788 2742 offen-

327 2784 570 2848 soribus
610 2783 954 2866 rependunt
987 2782 1153 2864 quod
1183 2784 1675 2866 promeruerunt.

409 2883 567 2957 179.
597 2884 658 2949 S.
684 2885 869 2968 Alph.
896 2886 938 2949 l.
965 2904 1016 2950 6.
1045 2885 1218 2950 addit
1241 2903 1314 2948 ex
1336 2884 1577 2967 Sporer,
1611 2902 1735 2948 non
1760 2903 1890 2948 esse
1922 2883 2365 2949 absolvendum
2397 2884 2778 2968 religiosum,

332 2989 436 3070 qui
466 3008 580 3071 per
619 2987 895 3052 notabile
918 2989 1183 3070 tempus,
1210 2988 1362 3069 puta
1387 2989 1529 3069 post
1559 2986 2028 3060 hebdomadam,
2062 2986 2332 3067 colloqui
2365 3006 2505 3049 cum
2530 2986 2779 3053 inimico

317 3092 624 3155 renueret.

403 3193 648 3258 Verum
666 3191 889 3275 Sporer
904 3193 1086 3257 tract.
1107 3192 1190 3256 II.
1217 3192 1288 3255 in
1309 3192 1368 3255 Ι.
1387 3191 1717 3272 Praecept.
1745 3212 1877 3276 cap.
1906 3192 1965 3256 6.
1987 3213 2045 3256 11.
2073 3192 2179 3256 34.
2201 3194 2350 3257 tom.
2384 3195 2440 3257 1.
2461 3214 2601 3278 pag.
2628 3194 2772 3257 153.

315 3313 432 3359 non
464 3297 561 3360 ita
593 3295 964 3379 generaliter
985 3294 1284 3377 loquitur.
1311 3294 1382 3357 Id
1406 3296 1569 3359 enim
1593 3296 1840 3373 statuit,
1861 3295 2106 3377 quando
2131 3297 2346 3377 yravis
2359 3300 2779 3375 praecesserit

315 3399 478 3475 rixa,
519 3397 681 3462 adeo
714 3400 788 3461 ut
817 3398 1128 3480 praesumi
1165 3397 1403 3474 debeat,
1437 3418 1567 3463 rem
1612 3419 1690 3462 ex
1733 3399 1920 3480 yravi
1963 3397 2102 3463 odio
2139 3399 2462 3483 proficisci.
2498 3400 2675 3481 Quod
2720 3403 2776 3466 si

311 3500 460 3566 levis
489 3501 622 3566 fuit
652 3519 842 3564 causa
871 3501 1058 3577 rixae,
1099 3500 1350 3565 omissio
1381 3500 1672 3582 loquendi
1708 3502 2110 3584 potiusquam
2159 3503 2237 3565 ab
2285 3503 2446 3576 odio,
2473 3504 2775 3586 proficisci

317 3608 599 3670 censetur
622 3622 695 3667 ex
719 3603 994 3667 naturali
1016 3603 1305 3667 muliebri
1335 3604 1616 3686 passione
1632 3603 1807 3685 (nam
1832 3604 1904 3668 de
1930 3604 2169 3668 duabus
2195 3604 2568 3670 monialibus
2588 3607 2768 3690 agit).

320 3704 650 3771 Concludit
675 3705 907 3782 autem,
933 3723 997 3769 se
1028 3724 1150 3769 non
1174 3705 1468 3769 daturum
1493 3707 1948 3771 absolutionem
1972 3709 2113 3788 post
2145 3726 2334 3770 unam
2370 3712 2485 3770 aut
2503 3707 2773 3774 alteram

316 3806 800 3884 hebdomadam3
834 3806 940 3871 sed
971 3807 1036 3871 in
1067 3806 1184 3872 hoc
1212 3808 1507 3891 supponit
1539 3808 1771 3873 odium.

393 3912 729 3976 Praeterea
761 3910 1042 3974 admittit
1062 3909 1416 3991 illud,quod
1442 3911 1604 3993 apud
1631 3911 1831 3975 Diana
1856 3912 2008 3976 tom.
2032 3913 2088 3977 7.
2111 3913 2188 3977 tr.
2218 3915 2277 3978 5.
2305 3933 2419 3979 res.
2440 3916 2545 3979 31.
2571 3917 2636 3981 in
2662 3918 2763 3983 fin.

319 4013 422 4078 alii
452 4014 877 4091 adverterunt,
925 4038 961 4071 ‹<
986 4013 1378 4097 negationem
1410 4014 1738 4079 salutionis
1777 4015 1876 4079 vel
1907 4015 2353 4097 alloquutionis
2377 4022 2628 4101 propter
2659 4022 2770 4085 ali-

318 4136 500 4198 quam
532 4116 932 4181 inimicitiam
960 4135 1084 4180 non
1121 4135 1251 4181 esse
1283 4116 1710 4201 scandalosam
1740 4118 1902 4182 inter
1937 4138 2249 4201 personaS,
2275 4119 2348 4184 de
2386 4122 2611 4202 quibus
2643 4143 2767 4188 non

310 4221 401 4285 est
423 4218 885 4302 ambigendum,
906 4237 984 4282 an
1008 4217 1509 4283 malevolentiam
1532 4219 1786 4284 foveant
1810 4222 2038 4293 animo,
2060 4241 2115 4284 v.
2136 4242 2228 4305 gr.
2256 4223 2417 4287 inter
2441 4225 2765 4310 religiosos

315 4324 416 4402 qui
461 4321 743 4403 quotidie
789 4321 1100 4385 celebrant
1130 4345 1192 4384 ».
1226 4320 1418 4384 Addit
1449 4323 1653 4386 tamen
1689 4323 1910 4400 Diana,
1944 4324 2061 4387 hoc
2108 4322 2403 4388 ultimum
2450 4326 2762 4408 aliquibus

317 4421 635 4506 displicere
664 4424 730 4487 et
757 4423 1001 4487 merito.

302 4569 316 4579 .
392 4525 537 4588 Alia
584 4543 772 4589 causa
818 4524 997 4602 foret,
1032 4527 1087 4590 si
1117 4530 1347 4610 negata
1392 4528 1771 4591 salutatione
1819 4528 1931 4591 aut
1977 4527 2187 4608 aliqua
2225 4529 2618 4607 allocutione,
2652 4530 2760 4592 ubi

320 4626 551 4691 occasio
585 4627 886 4708 postulat,
912 4631 1244 4711 negaretur
1275 4630 1477 4693 solum
1511 4629 1926 4706 familiaritaS,
1953 4648 2109 4710 quae
2145 4632 2219 4694 ad
2254 4632 2408 4695 alios
2434 4631 2755 4693 habeatur.
