3497 5147
671 293 780 348 786
979 304 1191 345 rnac'r.
1222 306 1301 345 w.
1327 304 1490 346 snc‘r.
1520 305 1623 344 vu.
1651 305 1735 342 ma
1761 303 2000 344 oc‘rAvo
2024 305 2240 346 Panno.
2267 303 2597 345 omanem.
2624 304 2769 345 mm.
2797 305 2840 345 1.
2953 288 3148 365 [1058]

672 407 885 470 monet
923 403 1102 488 Lugo
1152 403 1308 486 disp.
1349 423 1399 466 c.
1450 423 1509 466 n.
1550 402 1650 465 17.
1693 427 1727 460 «κ
1754 402 2143 466 rarissimum
2190 402 2340 479 fore,
2373 401 2538 485 quod
2577 401 2804 484 aliquis
2835 402 3031 467 sciens
3079 405 3144 466 et

670 507 997 571 advertens
1029 505 1537 570 insufficientiam
1569 503 1975 582 fundamenti,
2016 504 2169 568 velit
2202 503 2400 568 adhuc
2429 505 2523 569 ita
2558 505 2800 588 opinari
2830 504 2905 569 de
2930 505 3052 570 alio
3078 532 3140 568 ».

670 609 806 673 Imo
840 609 893 673 si
931 627 1145 691 reapse
1195 609 1342 672 actu
1389 627 1461 671 ea
1509 607 1804 671 distincta
1836 606 2093 670 scientia
2127 608 2190 671 et
2222 607 2608 672 advertentia
2642 608 3006 686 habeantur,
3055 610 3145 671 vi·

672 710 855 775 detur
890 709 1293 793 impossibilis
1330 709 1449 772 iste
1482 713 1679 785 aetus,
1731 711 1803 773 ut
1837 708 2160 773 advertens
2208 708 2412 774 deesse
2450 710 2780 787 motivum,
2816 729 2940 792 quo
2974 709 3144 774 affir-

674 816 882 878 metur
906 814 1005 878 vel
1029 813 1441 897 probabilitas
1461 813 1557 877 vel
1576 813 1806 877 veritas
1823 812 2103 877 malitiae
2121 812 2405 892 alicuiuS,
2424 812 2613 877 simul
2638 815 2846 878 tamen
2873 813 3143 877 affirmes

676 916 735 980 id
773 916 870 980 vel
902 915 1221 1000 probabile
1253 915 1352 981 vel
1387 935 1604 980 verum
1642 935 1800 980 esse:
1842 913 2157 979 deficiente
2194 915 2354 978 enim
2389 915 2633 980 ratione
2664 916 2997 980 sufficienti
3044 934 3144 980 as-

677 1018 1002 1097 sentiendi,
1043 1018 1260 1100 nequit
1305 1037 1435 1082 esse
1485 1037 1790 1082 assensus.
1830 1017 2072 1082 Poterit
2119 1035 2248 1081 esse
2281 1017 2682 1100 apprehensio
2721 1018 2909 1083 huius
2944 1018 3032 1082 rei
3078 1017 3141 1080 in

676 1120 1020 1200 intellectu,
1048 1140 1173 1202 qua
1199 1120 1492 1184 voluntas
1517 1119 1884 1184 delectetur:
1913 1119 2017 1183 sed
2042 1119 2150 1200 qui
2175 1138 2460 1183 assensus
2493 1139 2623 1184 esse
2648 1122 2839 1201 queat
2870 1119 3142 1203 profecto

677 1241 803 1286 non
841 1222 1141 1286 videmus.
1176 1220 1597 1285 Nihilominus
1630 1221 1684 1284 si
1722 1222 1926 1285 solum
1971 1221 2036 1285 in
2083 1221 2336 1286 confuso
2385 1220 2773 1286 advertentia
2818 1222 3142 1298 habeatur,

677 1324 887 1408 potest
948 1324 1322 1400 intellectus,
1384 1322 1757 1404 quibusdam
1820 1324 1919 1387 vel
1979 1323 2218 1387 levibus
2279 1323 2533 1387 motivis
2596 1324 3054 1401 exsistentibus,
3106 1344 3143 1387 a

676 1425 845 1489 mala
891 1425 1217 1490 voluntate
1255 1424 1421 1488 flecti
1453 1424 1532 1488 ad
1578 1444 1898 1489 assensum
1946 1425 2314 1508 ponendum,
2364 1446 2548 1508 quem
2595 1427 2832 1491 motiva
2881 1446 3002 1492 non
3033 1446 3144 1510 po-

672 1526 1000 1613 stularent.
1040 1527 1075 1565 *

782 1686 858 1738 ΙΙΙ.
885 1686 1033 1749 Resp.
1064 1686 1109 1736 t.
1138 1682 1371 1736 iudicium
1411 1682 1741 1744 temerarium,
1779 1696 1886 1734 cum
1927 1685 2069 1747 plena
2108 1682 2431 1746 advertentia,
2460 1686 2522 1737 de
2560 1683 2702 1748 gravi
2739 1687 2868 1737 malo
2907 1685 3139 1752 proximi,

673 1767 995 1822 communiter
1019 1773 1095 1822 est
1121 1771 1342 1832 mortale,
1374 1776 1541 1821 contra
1568 1767 1821 1820 iustitiam.
1850 1769 1917 1820 lta
1948 1766 2052 1820 Fill.
2079 1770 2217 1821 Lesa
2244 1782 2288 1821 c.
2316 1772 2400 1822 29.
2429 1772 2462 1822 l.
2489 1772 2539 1822 2.
2566 1771 2734 1834 Laym.
2763 1771 2796 1823 l.
2822 1786 2866 1824 c.
2886 1777 2923 1824 t.
2945 1772 2994 1823 3.
3021 1786 3063 1824 c.
3086 1774 3139 1824 2.

673 1852 817 1907 Ratio
844 1858 935 1914 est,
953 1849 1063 1917 quia
1092 1851 1318 1918 proximo
1344 1854 1398 1904 tlt
1419 1851 1586 1916 gravis
1611 1851 1810 1914 iniuria,
1839 1853 1954 1903 dum
1981 1851 2087 1904 sine
2112 1866 2258 1905 causa
2286 1851 2540 1918 improbus
2566 1856 2790 1918 babetur,
2813 1869 2923 1908 cum
2951 1858 3133 1907 habeat

670 1935 749 1989 ius
788 1938 846 1988 ad
886 1938 1066 1988 bonum
1104 1950 1277 1989 nomen
1317 1943 1365 1988 et
1406 1939 1606 1988 lamam:
1637 1943 1978 2000 praeterquam
2018 1937 2148 2001 quod
2188 1952 2249 1989 ex
2282 1936 2358 1989 his
2397 1935 2592 1990 iudiciis
2631 1941 2919 2003 plerumque
2960 1937 3131 2003 gravia

674 2018 807 2072 mala
834 2026 1113 2084 sequantur.
1141 2021 1190 2072 ln
1218 2019 1522 2072 confessione
1549 2026 1708 2072 tamen
1738 2035 1833 2072 non
1862 2034 1986 2085 opus
2014 2028 2089 2072 est
2114 2020 2358 2086 explicare
2387 2020 2597 2087 speciem
2627 2025 2752 2074 male
2784 2021 3004 2087 iudicati,
3031 2037 3140 2075 cum

676 2104 839 2157 omnia
877 2104 960 2157 uni
996 2103 1213 2157 iustitiae
1239 2104 1618 2157 commutativae
1645 2103 1692 2157 in
1721 2103 1885 2170 specie
1909 2103 2072 2156 intima
2099 2105 2439 2158 adversentur.
2466 2108 2643 2159 Escob.
2663 2109 2717 2159 E.
2745 2108 2826 2159 to,
2848 2121 2892 2160 c.
2916 2108 2965 2160 4.
2988 2123 3035 2160 n.
3056 2109 3142 2160 36.

788 2188 917 2253 Dixi,
931 2188 1329 2254 communicem·
1351 2189 1481 2255 quia,
1502 2189 1545 2243 si
1561 2188 1801 2242 iudicium
1822 2193 2000 2243 habeat
2029 2203 2248 2253 magnam
2274 2190 2690 2256 probabilitatem,
2710 2191 2805 2245 etsi
2827 2207 2922 2245 non
2942 2192 3142 2246 omnino

675 2273 996 2328 sufficientem
1033 2276 1093 2326 ad
1132 2273 1490 2336 certitudinem,
1517 2273 1611 2327 erit
1638 2273 1858 2338 veniale3
1887 2272 1997 2340 quia
2027 2273 2227 2327 moralis
2251 2274 2496 2327 certitudo
2522 2281 2573 2328 et
2608 2289 2777 2340 magua
2818 2275 3140 2344 probabilitas

674 2374 772 2412 non
800 2360 922 2412 adeo
948 2357 1145 2422 distant,
1172 2366 1225 2412 ut
1252 2366 1509 2412 censeatur
1534 2357 1696 2422 gravis
1720 2357 1915 2420 iniuria,
1942 2357 2158 2411 iudicare
2198 2367 2402 2421 certum,
2433 2361 2566 2424 quod
2592 2368 2667 2412 est
2692 2362 2836 2414 valde
2865 2360 3135 2428 probabile,

673 2458 722 2496 v.
750 2458 822 2507 gr.
852 2443 893 2495 si
930 2441 1119 2496 iudices
1156 2441 1381 2494 iuvenem
1422 2442 1580 2494 solum
1619 2456 1728 2494 cum
1771 2443 1928 2507 puella
1966 2441 2217 2495 inventum
2251 2441 2299 2495 in
2339 2441 2566 2496 cubiculo
2604 2443 2771 2497 illicita
2815 2452 3063 2498 tractasse.

766 2555 973 2630 1058.
1001 2559 1036 2598 *
1056 2559 1277 2640 Itaque
1310 2556 1556 2640 quando
1590 2558 1890 2623 iudicium
1916 2561 2010 2624 est
2033 2559 2289 2639 firmum
2306 2560 2378 2626 de
2410 2561 2579 2627 malo
2605 2562 2882 2641 alteriue,
2910 2563 3139 2647 absque

672 2661 1016 2740 sufficienti
1044 2661 1287 2734 metim,
1321 2663 1435 2737 est,
1465 2660 1555 2724 ait
1585 2660 1765 2745 Lugo
1799 2661 1953 2744 disp.
1982 2662 2085 2725 cit.
2115 2683 2174 2726 n.
2213 2663 2338 2740 11„
2372 2666 2693 2746 peccatum
2716 2666 3003 2743 mortale,
3036 2669 3138 2731 «si

673 2764 788 2828 fiat
809 2783 948 2826 eum
964 2760 1165 2841 plena
1194 2761 1585 2826 advertentia
1616 2765 1679 2829 et
1711 2764 1796 2828 sit
1827 2763 1901 2827 de
1933 2764 2097 2829 malo
2121 2766 2308 2847 yravi
2328 2766 2592 2849 proximi
2618 2792 2679 2829 ».
2707 2768 2870 2846 Dixi,
2905 2770 3135 2847 subdit,

675 2866 731 2930 si
761 2867 873 2929 fiat
897 2885 1039 2929 cum
1062 2865 1240 2949 plena
1268 2865 1680 2944 advertentia3
1714 2867 1791 2931 ad
1818 2868 2128 2932 malitiam
2152 2868 2317 2931 enim
2338 2888 2596 2953 gravem
2626 2869 2860 2949 iudicii,
2896 2874 3140 2955 oportet

674 2966 841 3049 quod
878 2968 1084 3045 homo,
1120 2966 1443 3033 advertens
1477 2968 1652 3051 plene
1685 2969 1988 3034 iudicium
2021 2988 2150 3033 esse
2187 2970 2587 3036 temerarium
2615 2972 2678 3037 h.
2714 2992 2764 3037 e.
2799 2975 2930 3039 sine
2976 2975 3142 3040 suffi-

673 3069 860 3134 cienti
903 3069 1306 3135 fundamento
1355 3073 1417 3135 et
1463 3070 1536 3134 de
1584 3072 1753 3135 malo
1804 3072 1984 3156 gravi
2030 3072 2314 3154 proximi,
2354 3073 2553 3137 adhuc
2585 3075 2738 3139 velit
2772 3076 3046 3142 iudicare
3078 3080 3136 3142 et

673 3190 797 3236 non
834 3171 1120 3236 cohibeat
1164 3171 1551 3237 intellectum
1590 3198 1651 3235 ».
1693 3172 1759 3237 Si
1791 3192 2007 3255 reapse
2039 3174 2189 3238 haec
2222 3174 2405 3254 adsit,
2445 3196 2568 3241 non
2601 3179 2697 3242 est
2728 3178 3137 3245 dubitandum

672 3274 749 3339 de
786 3274 1099 3358 gravitate
1131 3275 1393 3357 peccati3
1430 3273 1554 3350 sed,
1599 3276 1669 3338 ut
1699 3273 1827 3337 iam
1865 3274 2203 3355 innuimus,
2244 3276 2579 3343 difficultas
2613 3283 2708 3346 est
2740 3282 2904 3346 circa
2940 3283 3138 3366 ipsam

673 3377 1068 3462 hypothesim
1117 3396 1195 3441 an
1242 3377 1327 3441 sit
1358 3375 1690 3459 possibiliS,
1725 3377 1891 3458 quod
1923 3396 2140 3461 nempe
2187 3379 2559 3446 sufficientia
2589 3383 2829 3448 motiva
2878 3384 3137 3450 alicuius

673 3480 764 3544 rei
786 3478 1203 3543 affirmandae
1241 3478 1444 3541 desint
1483 3477 1663 3560 idque
1710 3480 1887 3561 plene
1921 3478 2283 3545 advertatur
2313 3483 2376 3545 et
2407 3483 2809 3549 nihilominus
2841 3486 3136 3552 iudicium

675 3582 926 3645 firmum
958 3580 1031 3644 de
1064 3578 1276 3644 eadem
1308 3599 1372 3643 re
1411 3581 1712 3662 ponatur;
1747 3601 1938 3663 quare
1977 3582 2149 3647 addit
2186 3583 2478 3648 continuo
2511 3584 2719 3670 Lugo:
2762 3611 2797 3645 ‹
2832 3589 2929 3653 vel
2976 3593 3136 3655 certe

672 3685 960 3749 advertat
1007 3683 1456 3767 obligationem
1514 3684 1904 3749 examinandi
1951 3685 2388 3750 sufficientiam
2434 3687 2822 3755 fundamenti
2870 3694 2933 3757 et
2978 3692 3136 3758 nolit

670 3786 1038 3857 examinare,
1074 3805 1152 3848 an
1186 3784 1270 3849 sit
1303 3785 1399 3850 vel
1423 3805 1543 3850 non
1580 3786 1889 3850 sufficiens
1924 3812 1983 3850 ».
2020 3786 2188 3866 Quae
2227 3788 2587 3871 hypothesis
2625 3793 2832 3858 minus
2869 3794 3136 3860 difficilis

672 3889 929 3969 apparet
975 3906 1231 3968 eamque
1280 3907 1492 3970 reapse
1541 3888 1896 3973 contingere
1946 3890 2261 3972 putamuS,
2306 3910 2446 3954 cum
2478 3892 2617 3974 quis
2650 3899 2864 3977 peccat
2909 3899 3135 3962 temere

669 3989 997 4054 iudicando
1036 4009 1108 4053 ex
1140 3990 1307 4053 mala
1344 3990 1689 4055 voluntate.
1731 3988 1824 4055 Of.
1858 4012 1917 4055 n.
1955 3992 2058 4055 21.
2094 4011 2219 4074 seq.

762 4093 947 4158 Ratio
998 4093 1165 4157 certa
1217 4092 1451 4176 peccati
1500 4094 1733 4176 petitur
1783 4093 2054 4177 primum
2087 4114 2158 4158 ex
2191 4096 2391 4161 verbis
2430 4094 2665 4163 Christi
2706 4097 2855 4163 Luc.
2895 4100 3002 4164 VI.
3030 4101 3132 4165 37.

673 4194 887 4258 Nolite
912 4194 1191 4257 iudicare
1217 4198 1277 4255 et
1300 4213 1426 4256 non
1450 4192 1889 4257 iudicabimini
1911 4196 2144 4276 (quoad
2177 4201 2416 4262 vestras
2441 4218 2657 4283 nempe
2679 4200 2971 4281 actiones,
2999 4206 3134 4267 tum

676 4298 752 4360 ab
791 4296 1145 4361 hominibus
1189 4296 1440 4370 iniuste,
1488 4298 1627 4359 tum
1662 4315 1695 4359 a
1731 4298 1859 4361 Deo
1908 4317 2048 4362 cum
2097 4300 2363 4385 rigore):
2400 4301 2591 4365 nolite
2622 4301 3033 4371 condemnare
3079 4311 3138 4370 et

674 4419 800 4462 non
845 4397 1411 4461 condemnabimini
1459 4396 1649 4479 (quod
1700 4398 1911 4462 eodem
1958 4403 2139 4485 pacto
2171 4402 2767 4489 interpretandum):
2802 4407 3038 4473 scilicet
3083 4409 3136 4473 si

678 4500 834 4562 alios
881 4499 1424 4564 condemnabimus
1472 4499 1717 4581 (utique
1767 4501 1997 4584 absque
2046 4504 2377 4570 sufficienti
2424 4507 2693 4590 ratione)
2740 4510 2804 4573 et
2841 4528 2953 4575 nos
3000 4530 3137 4576 con·
