3497 5147
676 345 785 400 632
926 362 1138 404 1111101.
1158 365 1239 406 vr.
1265 365 1429 408 sacr.
1456 368 1512 409 v.
1538 369 1624 408 nn
1647 366 1875 415 Qum-ro
1902 363 2117 405 Pramo.
2139 338 2468 404 nncxnoor.
2493 364 2629 405 cnr.
2650 364 2689 405 1.
2715 364 2841 406 nnn
2861 366 2902 406 1.
2993 351 3140 426 [8551

676 460 941 521 mortem
974 460 1071 523 sui
1103 480 1173 525 ex
1206 480 1319 527 sua
1353 464 1565 546 aliqua
1607 464 1850 529 actione
1898 464 2273 539 secuturam,
2310 460 2362 524 si
2393 479 2580 524 causa
2615 461 2926 525 sufficiens
2959 462 3142 540 adsit,

674 558 910 622 scilicet
963 560 1261 628 damnum
1322 566 1609 631 hostibus
1670 564 2056 631 inferendum
2113 563 2324 646 magni
2380 563 2701 627 momenti.
2749 564 3146 647 Augustinus

672 661 883 724 tamen
916 662 1091 728 illam
1118 667 1428 732 rationem
1462 670 1683 734 attulit
1707 671 1782 733 ut
1808 667 2011 732 videre
2036 667 2132 730 est
2163 666 2326 748 apud
2358 684 2408 729 s.
2435 665 2743 730 Thomam
2776 668 2838 729 2.
2865 668 2925 729 2.
2951 686 3011 749 q.
3036 669 3142 732 64.

676 783 732 827 a.
769 765 828 827 5.
865 766 941 828 ad
980 769 1042 831 4.
1077 767 1194 833 Sed
1232 771 1484 836 Lessius
1532 773 1641 837 illa
1689 772 1816 836 alia
1863 751 2108 853 quoque
2155 770 2397 833 ratione
2443 772 2696 833 excusat
2732 769 2839 833 lib.
2881 772 2941 834 2.
2974 791 3026 835 c.
3080 774 3141 835 9.

676 885 735 928 n.
772 868 877 930 233.
912 869 976 931 et
1005 889 1147 934 cum
1180 890 1251 936 eo
1289 872 1469 958 Lugo
1503 874 1578 937 de
1610 874 1824 939 Iustit.
1858 877 1922 936 et
1949 872 2102 936 Iure
2141 871 2297 955 disp.
2343 873 2443 935 10.
2486 892 2546 935 n.
2588 873 2692 935 54.

766 968 944 1048 Quod
969 972 1142 1036 addit
1165 974 1240 1038 A.
1268 974 1341 1038 de
1364 976 1683 1059 inculpata
1708 975 2086 1060 ignorantia,
2108 976 2258 1038 bene
2277 975 2618 1056 explicatur
2644 994 2679 1038 a
2705 974 2917 1039 Lessio
2941 975 3048 1040 lib.
3077 979 3138 1040 2.

676 1090 807 1153 cap.
845 1077 904 1134 a.
935 1094 992 1135 n.
1031 1076 1134 1137 23.
1161 1075 1327 1140 Nam
1359 1077 1621 1162 (iuquit)
1653 1098 1717 1142 se
1744 1078 2013 1143 occidere
2049 1078 2125 1141 ob
2152 1077 2390 1159 patriae
2411 1077 2680 1140 salutem
2706 1078 2769 1141 et
2792 1079 3141 1143 custodiam

676 1174 1011 1255 pudicitiae
1042 1195 1162 1240 non
1202 1177 1293 1241 ita
1325 1182 1421 1242 est
1458 1181 1702 1245 evidens
1734 1200 1865 1246 esse
1896 1181 2154 1256 malum,
2189 1179 2340 1261 quin
2386 1179 2583 1261 possit
2627 1180 2940 1263 inculpate
2969 1182 3141 1265 igno-

674 1276 801 1339 rari
833 1278 896 1339 et
920 1277 1337 1364 Hieronymus
1371 1282 1433 1346 in
1467 1282 1653 1347 lonae
1685 1303 1816 1365 cap.
1857 1284 1912 1346 1.
1948 1282 2243 1359 insinuat,
2278 1280 2386 1344 ubi
2418 1281 2491 1344 de
2515 1281 2788 1364 periculo
2826 1283 3138 1347 castitatis

676 1378 908 1461 agitur.
960 1380 1058 1444 Ita
1088 1381 1455 1449 Ambrosius
1487 1386 1551 1450 et
1588 1386 1892 1450 Eusebius
1925 1385 2106 1465 (adde
2140 1382 2685 1468 Chrysostomum)
2716 1384 2978 1449 laudant
3008 1405 3140 1450 mu-

673 1480 871 1558 lieres⁹
906 1502 1064 1563 quae
1111 1504 1175 1548 se
1208 1486 1579 1561 occiderunt,
1614 1508 1687 1552 ne
1735 1488 2117 1552 violarentur
2153 1488 2218 1551 et
2248 1486 2436 1551 Sotus
2468 1486 2556 1550 sic
2587 1487 2841 1550 excusat
2869 1506 2919 1550 s.
2954 1488 3140 1571 Apol·

672 1582 927 1648 Ioniam.
962 1584 1043 1649 Et
1080 1587 1230 1651 haec
1263 1590 1614 1666 ostendunt,
1652 1590 1788 1654 dari
1825 1609 2002 1673 posse
2041 1589 2464 1673 ignorantiam
2501 1589 2906 1672 inculpatam.

758 1686 953 1751 Porro
986 1689 1319 1754 tenendum
1365 1694 1459 1755 est
1491 1692 1657 1773 quod
1705 1692 1954 1756 Lessius
1993 1692 2036 1755 1.
2071 1712 2123 1755 3.
2159 1710 2215 1754 11.
2254 1692 2356 1754 27.
2393 1690 2604 1754 docet:
2655 1690 2935 1754 Licitum
2980 1712 3134 1766 esse,

668 1789 917 1870 quando
948 1811 1141 1854 causa
1169 1793 1493 1872 sufficiens
1537 1794 1766 1870 subest,
1798 1793 2050 1875 aliquid
2056 1794 2283 1873 ‚facere
2315 1791 2411 1855 vel
2442 1794 2741 1866 omittere,
2776 1794 2942 1857 unde
2972 1800 3137 1859 certo

668 1894 950 1955 noscitur
978 1899 1305 1958 secuturus
1335 1896 1632 1959 interitus
1662 1896 1982 1959 indirecte.
2035 1896 2224 1959 Ratio
2257 1898 2370 1971 est,
2406 1896 2553 1976 quia
2584 1914 2705 1960 non
2738 1899 2832 1959 est
2870 1898 3139 1978 prohibi-

671 1993 807 2056 tum
840 1994 1096 2071 homini,
1131 2015 1205 2059 ne
1232 2017 1506 2078 unquam
1541 1999 1735 2062 vitam
1769 2018 1948 2063 suam
1983 1998 2270 2081 periculis
2295 2000 2563 2079 exponat
2593 2016 2700 2061 nec
2733 1999 3132 2081 praecipitur,

671 2095 745 2156 ut
775 2116 911 2158 eam
942 2115 1182 2179 semper
1213 2103 1470 2163 conetur
1501 2120 1899 2166 conservare:
1926 2100 2033 2165 sed
2066 2101 2334 2178 tantum,
2371 2119 2445 2163 ne
2479 2099 2653 2162 illam
2676 2101 2860 2181 quasi
2882 2120 3133 2165 exosam

668 2195 914 2259 auferat
966 2198 1030 2261 et
1088 2220 1161 2263 ne
1218 2200 1447 2283 absque
1501 2222 1687 2266 causa
1736 2202 1912 2265 illam
1960 2201 2247 2284 periculis
2296 2204 2562 2285 exponat
2610 2203 2723 2265 aut
2769 2220 3132 2267 conservare

669 2299 952 2375 omittat;
991 2301 1137 2364 tunc
1168 2303 1331 2366 enim
1378 2307 1727 2368 censeretur
1775 2304 1948 2367 illam
1997 2323 2066 2367 ex
2115 2304 2433 2386 proposito
2481 2303 2749 2386 perdere.
2790 2302 2964 2369 Sicut
2995 2325 3133 2389 pro-

666 2402 937 2466 hibitum
970 2405 1083 2480 est,
1111 2425 1185 2469 ne
1218 2406 1356 2487 quis
1391 2426 1455 2470 se
1487 2428 1557 2470 ex
1590 2408 1931 2471 intentione
1962 2407 2206 2489 polluat
2236 2409 2351 2471 etc.
2387 2406 2486 2471 vel
2517 2409 2807 2489 procuret
2839 2409 3130 2473 abortum

665 2504 728 2566 et
768 2506 973 2568 tamen
1023 2506 1167 2570 licet
1216 2508 1312 2571 vel
1358 2508 1726 2572 medicinam
1766 2528 2007 2572 sumere
2046 2509 2141 2572 vel
2192 2508 2361 2572 aliud
2394 2508 2543 2591 quid
2575 2527 2777 2594 agere,
2813 2509 2968 2573 unde
2999 2510 3126 2575 ista

662 2611 1021 2688 sequantur.

750 2711 892 2774 Alio
926 2711 1137 2774 modo:
1166 2710 1372 2774 Homo
1418 2733 1546 2776 non
1585 2717 1828 2776 tenetur
1871 2715 2063 2777 vitam
2111 2734 2292 2778 suam
2309 2713 2677 2794 producere,
2724 2713 2836 2777 sed
2883 2717 3127 2778 tantum

660 2832 797 2874 eam
829 2812 1055 2875 directe
1104 2818 1164 2877 et
1194 2817 1461 2895 positive
1498 2837 1625 2880 non
1644 2817 1932 2896 perdere,
1981 2838 2045 2881 se
2093 2817 2447 2882 occidendo:
2488 2817 2774 2898 quamvis
2806 2818 2970 2882 enim
3001 2837 3123 2883 non

662 2914 746 2977 sit
777 2915 1063 2980 dominus
1098 2918 1262 2982 vitae
1294 2938 1462 2997 suae,
1500 2919 1603 2984 sed
1639 2922 1888 2985 tantum
1922 2923 2166 2997 custos3
2204 2921 2390 2983 habet
2423 2922 2630 2983 tamen
2665 2920 2904 2985 ratione
2936 2921 3123 2985 huius

659 3016 978 3081 custodiae
1012 3038 1194 3084 usum
1226 3020 1416 3098 illius,
1467 3023 1789 3104 acceptum
1823 3043 1859 3084 a
1892 3024 2022 3087 Deo
2057 3023 2132 3086 ad
2173 3021 2528 3085 exercitium
2568 3022 2912 3099 virtutum3
2963 3023 3123 3087 unde

658 3119 904 3199 quando
956 3121 1129 3186 adest
1176 3121 1373 3186 bonus
1420 3122 1559 3186 finis
1608 3125 1670 3187 et
1704 3124 2065 3188 exercitium
2104 3123 2367 3188 alicuius
2401 3123 2676 3200 virtutis
2712 3143 2870 3205 quae
2917 3125 3122 3190 maius

657 3222 967 3302 quoddam
1001 3224 1231 3288 bonum
1258 3225 1582 3308 praeferat,
1617 3226 1788 3290 licite
1821 3227 2029 3309 potest
2060 3246 2295 3289 cessare
2336 3246 2372 3289 a
2411 3227 2542 3289 vita
2581 3226 2990 3310 producenda,
3024 3247 3122 3292 ra-

658 3323 826 3385 tione
860 3324 1043 3388 huius
1076 3325 1234 3390 finis.

745 3425 980 3489 Causas
1011 3427 1305 3491 indirecte
1337 3428 1703 3512 cooperandi
1738 3431 1816 3494 ad
1855 3433 2120 3496 mortem
2153 3431 2467 3514 propriam
2505 3430 2694 3508 licite,
2729 3431 2818 3494 sic
2849 3431 3118 3496 breviter

654 3528 946 3610 proponit
982 3528 1160 3612 Lugo
1195 3529 1357 3612 apud
1407 3530 1615 3615 Ligor.
1658 3552 1715 3595 n.
1754 3534 1903 3597 366.
1951 3559 1985 3592 «
2019 3534 2110 3599 Ob
2157 3552 2458 3617 magnum
2505 3533 2736 3597 bonum
2768 3553 3115 3610 commune,

654 3631 748 3692 vel
784 3631 861 3692 ob
894 3631 1219 3712 specialem
1247 3632 1712 3717 obligationem,
1757 3655 1828 3699 ex
1859 3638 2042 3720 pacto
2091 3637 2186 3700 vel
2223 3636 2446 3713 officio,
2483 3654 2672 3717 quam
2702 3636 2893 3700 habet
2924 3657 2983 3702 v.
3019 3658 3113 3722 gr.

650 3731 847 3805 miles,
882 3732 1278 3811 gubernator,
1313 3735 1653 3819 episcopus,
1689 3739 1923 3820 pastor,
1956 3739 2124 3801 licite
2158 3740 2420 3820 possunt
2453 3741 2514 3801 et
2539 3738 2825 3802 tenentur
2848 3742 3114 3805 mortem

651 3833 935 3913 perferre,
971 3834 1093 3898 imo
1129 3837 1294 3899 obire
1321 3863 1381 3901 ».

738 3936 1059 4000 Profectus
1108 3957 1351 4020 quoque
1400 3941 1744 4023 spiritualis
1779 3942 2164 4022 liberumque
2212 3941 2311 4005 sui
2356 3941 2550 4025 ipsius
2585 3941 2984 4008 obtinendum
3024 3965 3115 4009 re-

647 4038 853 4120 gimen
888 4040 984 4103 est
1014 4040 1175 4104 ratio
1209 4042 1518 4106 sufficiens
1551 4042 1923 4107 extenuandi
1970 4061 2192 4125 corpus
2238 4044 2503 4121 ieiuniis,
2546 4044 2838 4128 flagellis;
2873 4047 2991 4111 etsi
3017 4066 3114 4112 ex·

646 4141 784 4204 inde
817 4143 1091 4225 spatium
1126 4144 1291 4207 vitae
1337 4145 1714 4208 decurtetur.

736 4246 816 4306 Et
852 4247 1195 4326 generatim
1230 4265 1347 4310 non
1390 4249 1600 4310 teneor
1631 4247 1726 4310 uti
1761 4247 1977 4310 mediis
2011 4249 2512 4314 extraordinariis
2546 4268 2656 4331 pro
2690 4252 3110 4316 conservanda

648 4345 801 4418 vita,
837 4349 1044 4426 atque,
1080 4345 1436 4410 rationabili
1471 4347 1803 4413 exsistente
1835 4369 2041 4428 causa,
2068 4352 2215 4415 licet
2237 4371 2308 4414 ea
2339 4350 2490 4432 pati,
2519 4369 2677 4432 quae
2708 4355 2943 4418 remote
2972 4372 3116 4418 con-

642 4448 902 4508 currant
933 4448 1009 4510 ad
1046 4450 1208 4511 vitae
1241 4448 1787 4515 abbreviationem.
1828 4453 1920 4517 cf.
1961 4475 2062 4518 nn.
2099 4455 2247 4518 867.
2284 4454 2434 4517 868.
