3497 5147
767 415 872 466 526
911 427 1121 466 TRACT.
1144 427 1223 468 w.
1250 426 1411 467 sno'r.
1435 426 1499 466 11.
1520 426 1604 465 ms
1625 425 1902 466 SECUNDO
1925 426 2138 466 PRAEO.
2164 424 2486 466 precamur.
2508 425 2642 466 cAP.
2664 427 2751 466 111.
2773 428 2918 470 DUB.
2940 429 3046 469 vn.
3072 416 3225 487 [694]

768 524 906 589 inde
940 525 1171 608 poterit
1203 524 1434 609 rogari,
1462 525 1536 587 ut
1566 523 1716 587 haec
1747 524 1882 606 ipsa
1916 522 2159 586 decreta
2191 522 2470 605 princeps
2502 522 2811 586 rescindat
2843 525 2906 586 et
2938 526 3222 590 concedat

766 627 1177 710 aperitionem
1216 627 1338 691 oris
1388 629 1501 691 aut
1546 626 1975 689 audientiam?
2023 623 2238 689 Nonne
2286 627 2496 689 manet
2532 624 2653 707 ipsi
2699 627 2979 708 potestas
3012 629 3223 693 rescin-

764 729 948 793 dendi
1004 731 1152 794 haec
1191 731 1324 813 ipsa
1373 730 1659 793 decreta?
1715 729 1799 791 Et
1843 728 1990 792 licet
2037 728 2302 791 iurasset
2341 729 2454 791 aut
2501 746 2563 791 se
2610 727 2871 812 ligasset
2910 733 3060 794 voto
3108 752 3220 796 non

768 831 1166 910 rescindendi,
1220 850 1418 896 nonne
1465 832 1614 895 11300
1662 831 1909 894 vincula
1959 830 2174 894 tollere
2229 849 2265 893 a
2314 849 2376 893 se
2423 831 2649 913 potest,
2692 831 2854 894 sicut
2902 832 2981 894 ab
3038 834 3222 898 aliis?

765 934 898 998 Aut
929 954 1129 998 nonne
1177 936 1440 1018 possunt
1490 934 1596 997 alii
1636 934 1887 1010 instare,
1936 935 2009 996 ut
2047 932 2292 996 vincula
2332 932 2455 996 ista
2488 952 2522 995 3
2558 951 2621 997 30
2660 932 2960 997 3111101319

854 1036 1067 1118 Neque
1095 1037 1322 1101 obsunt
1338 1037 1524 1101 verba
1550 1056 1597 1100 s.
1633 1035 1970 1120 Augustini
2003 1035 2199 1098 relata
2220 1035 2281 1098 in
2299 1054 2431 1098 0311.
2469 1034 2649 1114 Quod
2660 1033 2798 1098 Deo
2816 1037 2879 1100 4.
2907 1033 3093 1101 Caus.
3122 1039 3216 1102 33.

762 1159 822 1220 q.
858 1141 954 1202 5.:
1004 1165 1038 1196 α(
1072 1139 1250 1218 Quod
1284 1140 1412 1204 Deo
1448 1140 1581 1222 pari
1618 1158 1917 1202 consensu
1952 1138 2133 1201 ambo
2175 1137 2503 1214 voveratis,
2538 1141 3004 1220 perseveranter
3035 1160 3218 1223 usque

762 1240 825 1303 in
875 1240 1058 1305 finem
1105 1241 1352 1306 reddere
1402 1241 1583 1305 ambo
1631 1240 1950 1304 debuistis.
1999 1240 2054 1304 A
2103 1258 2225 1320 quo
2273 1239 2589 1322 proposito
2630 1240 2681 1303 si
2718 1240 2937 1323 lapsus
2986 1244 3078 1305 est
3121 1243 3217 1307 ille

761 1341 924 1422 (scil.
960 1343 1102 1427 vir),
1139 1345 1210 1408 10
1236 1344 1457 1407 33110111
1493 1343 1943 1407 instantissime
1978 1362 2297 1425 persevera
2329 1367 2388 1405 ».

854 1444 1023 1509 Haec
1054 1446 1218 1508 enim
1252 1446 1436 1508 verba
1469 1445 1653 1509 nimis
1677 1445 1962 1526 probant,
1999 1464 2080 1508 30.
2116 1464 2224 1509 nec
2254 1444 2424 1508 licite
2455 1444 2582 1527 peti
2614 1462 2793 1528 posse
2827 1444 3219 1529 dispensatio-

761 1566 902 1611 nem
936 1548 1048 1630 (a).
1085 1547 1259 1628 Quod
1300 1549 1352 1613 si
1391 1549 1508 1612 1100
1545 1567 1665 1612 11011
1716 1548 2026 1624 evincunt,
2062 1567 2257 1631 neque
2304 1548 2570 1630 probant
2607 1567 2791 1611 usum
2826 1549 3088 1613 alterius
3133 1570 3216 1613 re-

762 1650 965 1714 medii.
995 1651 1159 1735 Ergo
1184 1651 1324 1715 inde
1352 1652 1467 1715 1100
1494 1652 1697 1715 solum
1724 1651 2061 1735 colligitur,
2089 1669 2207 1714 non
2225 1649 2426 1726 licere,
2447 1669 2510 1713 re
2533 1650 2777 1734 integra
2803 1650 2938 1714 scil.
2966 1651 3213 1716 durante

762 1755 909 1817 voto
949 1754 1362 1818 continentiae
1401 1754 1653 1835 eiusque
1687 1752 1767 1826 vi,
1809 1754 1905 1816 uti
1941 1752 2180 1816 iuribus
2227 1751 2658 1836 coniugalibus
2706 1752 2768 1815 et
2815 1753 3069 1836 insuper
3103 1774 3208 1818 non

762 1854 957 1918 teneri
987 1875 1095 1918 nec
1135 1874 1311 1936 posse
1345 1856 1483 1941 cogi
1523 1875 1796 1932 uxorem,
1834 1858 1905 1919 ut
1951 1875 2057 1936 per
2096 1854 2453 1918 indirectam
2502 1853 2922 1918 irritationem
2957 1860 3022 1920 et
3052 1876 3209 1940 spon-

760 1959 1009 2020 taneam
1036 1959 1203 2040 pacti
1227 1959 1654 2022 rescissionem
1682 1977 1717 2021 3
1734 1957 2053 2041 proposito
2079 1956 2340 2020 recedat.
2360 1953 2730 2037 Quanquam
2747 1955 2908 2020 forte
2934 1957 3203 2023 honestas

758 2059 826 2121 01
855 2059 1082 2123 caritas
1121 2061 1375 2124 suadere
1414 2062 1623 2143 posset
1660 2060 1858 2135 uxori,
1893 2063 1965 2124 ut
1998 2079 2034 2122 a
2073 2078 2184 2123 300
2219 2059 2350 2123 1010
2382 2057 2736 2135 discederet,
2770 2061 2846 2123 01
2878 2062 3099 2125 auctor
3124 2064 3204 2124 est

760 2161 890 2243 ipse
922 2159 1148 2226 Suarez
1187 2181 1321 2246 sup.
1356 2183 1415 2226 n.
1463 2163 1630 2241 139„
1667 2163 1773 2226 ubi
1807 2162 1878 2226 de
1911 2161 2302 2226 rescindendo
2336 2161 2498 2225 nudo
2533 2163 2714 2244 pacto
2739 2161 3044 2244 loquitur.

847 2264 929 2328 Et
952 2264 1101 2330 haee
1134 2267 1288 2331 satis
1314 2266 1459 2340 sint,
1489 2257 1561 2330 ut
1588 2266 1904 2349 appareat,
1937 2284 2059 2329 non
2093 2264 2220 2328 sine
2253 2283 2440 2328 031133
2472 2282 2519 2326 s.
2561 2263 2959 2346 Alphonsum
2983 2265 3204 2342 dixisse,

756 2385 822 2431 30
859 2386 980 2432 11011
1022 2368 1293 2433 invenire
1326 2368 1630 2433 rationem
1664 2368 1909 2432 firmam
1947 2386 2018 2430 ac
2042 2366 2304 2431 solidam
2336 2384 2446 2449 pro
2479 2365 2786 2429 sententia
2817 2367 3126 2433 Auctoris

864 2506 1042 2558 thx.
1076 2508 1124 2557 8.
1154 2506 1283 2558 Vota
1323 2504 1557 2558 indirecte
1599 2512 1785 2558 tantum
1812 2504 1998 2558 irritata
2037 2501 2336 2557 reviviscunt
2373 2509 2423 2555 et
2457 2500 2691 2566 obligant,
2716 2504 2915 2568 quando
2955 2506 3094 2559 alteri
3127 2508 3199 2559 de·

754 2588 921 2643 sinunt
960 2589 1312 2655 praeiudicare.
1341 2592 1404 2642 V.
1433 2591 1492 2643 de
1532 2589 1629 2643 Bis.
1662 2592 1780 2643 Bon.
1813 2606 1859 2656 p.
1886 2591 1936 2641 7.
1966 2591 2132 2653 Laym.
2159 2604 2202 2642 c.
2232 2590 2279 2640 8.

847 2696 1055 2771 Ratio,
1121 2697 1267 2778 quia
1335 2700 1589 2763 eatenus
1652 2698 1717 2762 hi
1766 2699 2135 2763 excusantur
2182 2716 2216 2760 3
2262 2697 2412 2761 voto
2459 2697 2766 2778 quatenus
2812 2698 2914 2763 ius
2967 2699 3204 2764 alterius

758 2799 1044 2862 laeditur.

1809 2958 1969 3020 DUB.
2013 2956 2154 3020 VII.

1550 3080 1720 3162 Quid
1752 3081 1839 3143 sit
1866 3081 1993 3143 voti
2021 3082 2428 3144 commutatio,

861 3228 1016 3279 Lxx.
1052 3229 1196 3292 Resp.
1223 3224 1555 3281 Commutatio
1583 3232 1657 3278 est
1690 3223 1975 3278 substitutio
2016 3223 2216 3277 alterius
2252 3222 2415 3291 operis
2438 3223 2630 3277 bonesti
2653 3226 2765 3278 loco
2790 3223 2919 3288 0103,
2945 3229 3074 3293 quod
3097 3233 3195 3278 voto

752 3310 1042 3377 promissum
1068 3317 1188 3375 erat,
1217 3313 1309 3364 sub
1336 3311 1503 3363 eadem
1538 3309 1853 3373 obligatione.
1879 3310 2020 3364 Circa
2050 3323 2210 3375 quam,
2238 3317 2289 3363 ut
2314 3307 2446 3363 licite
2473 3311 2572 3375 liat,
2600 3310 2858 3364 traduntur
2884 3313 2979 3364 bae
3006 3313 3191 3375 regulae.

752 3393 929 3457 Prima,
959 3397 1019 3447 ad
1045 3394 1473 3447 commutationem
1503 3394 1605 3447 voti
1634 3394 1904 3460 requirilur
1929 3392 2194 3447 auctoritas
2213 3392 2582 3447 Ecclesiastiea:
2612 3394 2654 3444 l.
2676 3395 2876 3458 quando
2904 3393 3191 3449 commutatio

754 3482 806 3532 nt
831 3478 880 3532 in
906 3482 1054 3546 paulo
1084 3479 1243 3532 minus
1278 3482 1490 3532 bonum:
1517 3482 1648 3545 quod
1676 3479 1717 3531 si
1744 3477 2021 3531 notabiliter
2045 3477 2205 3530 minus
2227 3476 2306 3537 sit,
2334 3476 2565 3530 miscetur
2587 3476 2926 3544 dispensatio:
2949 3484 2999 3533 2.
3019 3479 3186 3546 quando

748 3564 953 3618 dubium
979 3571 1053 3619 est
1078 3566 1140 3618 de
1166 3564 1461 3631 aequalitate
1497 3563 1636 3616 boni:
1673 3566 1721 3617 3.
1750 3565 1942 3628 quando
1970 3566 2021 3615 ut
2047 3562 2095 3615 in
2123 3565 2301 3615 bonum
2326 3566 2557 3627 aequale:
2585 3561 2698 3615 licet
2723 3562 2878 3629 aliqui
2908 3571 3016 3619 tnnc
3039 3569 3189 3630 putent

748 3654 975 3703 sumcere
1014 3649 1354 3703 auctoritatem
1394 3647 1655 3714 propriam.
1683 3650 1818 3701 Haec
1844 3655 2004 3701 tamen
2044 3646 2220 3701 sufficit
2242 3648 2304 3700 ad
2339 3644 2766 3700 commutationem
2790 3647 2844 3701 in
2872 3648 3072 3716 melius3
3095 3645 3190 3713 quin

751 3733 799 3786 in
832 3734 1023 3786 meliori
1061 3733 1219 3787 minus
1260 3733 1553 3788 continetur.
1585 3735 1725 3786 Voco
1753 3738 1914 3785 autem
1951 3731 2142 3798 melius,
2167 3732 2294 3797 quod
2332 3737 2407 3784 est
2445 3731 2541 3784 tale
2577 3729 2626 3783 in
2664 3730 2841 3786 ordine
2866 3736 2930 3787 ad
2960 3732 3188 3787 utilitatem

752 3817 1047 3884 spiritualem
1091 3818 1314 3871 voventis
1350 3825 1399 3872 et
1439 3819 1543 3871 Deo
1581 3816 1783 3881 gratius.

858 3903 1099 3956 Secunda.
1129 3904 1203 3956 Ad
1229 3904 1654 3957 commutationem
1684 3901 1786 3956 voti
1815 3901 1861 3955 in
1900 3906 2100 3968 aequale
2138 3899 2406 3967 requiritur
2431 3915 2595 3964 causa,
2623 3899 2733 3953 lieet
2761 3899 2941 3966 minor,
2971 3917 3104 3969 quam
3134 3901 3190 3953 nd

746 3986 1192 4054 dispensationem
1213 3987 1325 4053 quia
1359 3987 1659 4055 dispensatio
1687 3989 1830 4054 plane
1859 3988 2033 4041 liberat
2054 3989 2114 4039 ab
2135 3984 2431 4050 obligatione
2455 3984 2577 4049 voti,
2596 3986 2916 4039 commutatio
2935 4002 3051 4041 vero
3069 3984 3187 4040 alind

747 4075 1001 4135 subrogat.
1022 4073 1161 4125 Unde
1188 4070 1229 4125 si
1257 4074 1340 4125 flat
1364 4071 1413 4125 in
1441 4072 1631 4137 melius,
1653 4075 1782 4125 nulla
1809 4087 1956 4126 causa
1982 4070 2265 4137 requiritur:
2285 4070 2328 4124 si
2352 4069 2400 4124 in
2428 4071 2630 4137 aequale
2652 4084 2766 4124 cum
2790 4071 3082 4125 seueritate
3110 4082 3186 4122 su·

748 4156 974 4225 perieris,
1002 4154 1180 4211 sufficit
1207 4155 1363 4210 maior
1401 4156 1450 4209 in
1492 4156 1613 4210 illud
1641 4156 1922 4224 propensio,
1952 4157 2003 4211 Si
2030 4171 2146 4210 vero
2172 4155 2440 4219 dubitetur,
2464 4169 2526 4209 an
2563 4153 2628 4209 sit
2664 4159 2883 4222 aequale,
2909 4155 3082 4210 sumcit
3112 4167 3191 4206 uo-

744 4241 909 4295 tabilis
950 4241 1173 4296 molestia
1214 4240 1261 4295 in
1300 4240 1565 4309 implendo·
1599 4241 1726 4295 Vide
1766 4244 1900 4296 Less.
1930 4246 1960 4294 l.
1988 4245 2037 4295 2.
2063 4258 2105 4295 0.
2135 4243 2218 4295 40.

837 4342 1011 4415 694.
1054 4346 1271 4426 Quoad
1317 4347 1602 4431 regulam
1649 4346 1916 4431 priorem
1963 4368 2011 4411 s.
2059 4348 2414 4430 Alphonsus
2460 4346 2567 4410 lib.
2603 4347 2664 4410 3.
2697 4367 2757 4411 n.
2793 4347 2944 4411 243.
2991 4345 3194 4410 monet

742 4467 877 4512 esse
910 4468 1301 4514 communem
1340 4450 1729 4525 sententiam,
1765 4450 2179 4515 mutationem
2211 4451 2274 4515 111
2309 4448 2531 4514 11101103
2571 4447 2705 4513 fieri
2739 4467 2918 4532 posse
2955 4445 3198 4530 propria

820 4693 885 4741 (a)
906 4688 1122 4732 Videtur
1146 4688 1463 4742 Augustinus
1482 4692 1706 4742 spectare
1727 4688 1780 4729 id
1799 4688 1979 4741 solum,
2001 4686 2132 4741 quod
2154 4699 2215 4730 ex
2233 4686 2342 4740 ipsa.
2361 4686 2414 4728 vi
2435 4685 2542 4729 voti
2560 4685 2833 4737 enascitur,
2855 4694 2951 4727 non
2970 4676 3091 4735 quod
3108 4675 3198 4720 §b

737 4758 1021 4801 extrinseco
1049 4756 1289 4799 advenire
1318 4758 1480 4807 potest
1508 4767 1598 4809 por
1626 4754 1910 4809 possibilem
1936 4754 2377 4808 dispensationem.
2395 4753 2452 4799 E.
