3497 5147
328 374 435 459 [90]
1378 387 1465 427 nn
1500 385 1768 427 nannum
2726 370 2796 424 63

331 490 416 567 (v.
449 505 544 571 gr.
586 485 735 549 dum
769 485 908 567 quis
941 485 1182 549 ratione
1229 503 1339 547 seu
1385 483 1755 567 argumento
1804 482 2106 564 probabili
2142 482 2344 547 utitur
2376 481 2452 545 ad
2485 500 2615 545 rem
2647 480 2796 544 alio·

331 589 479 670 quin
504 589 738 653 certam
763 585 1294 668 confirmandam).
1322 584 1501 650 Sicut
1522 584 1631 667 qui
1654 585 1865 668 diligit
1887 587 2090 651 Deum
2116 586 2262 651 actu
2292 585 2499 650 minus
2524 584 2792 668 perfecto

330 693 548 755 6111011
579 708 763 772 super
809 688 1037 764 omnia,
1088 689 1296 770 potest
1343 686 1406 750 id
1452 687 1650 751 facere
1698 688 1929 769 absque
1977 690 2255 771 peccat03
2291 687 2438 770 quia
2467 706 2589 751 non
2622 686 2791 764 dicit,

331 793 645 859 obiectum
675 810 797 857 non
844 810 975 856 esse
1022 789 1281 875 dignum
1325 790 1550 854 maiori
1582 808 1794 855 amore
1829 810 1941 854 1166
1987 791 2257 856 excludit
2282 790 2566 873 positive
2600 789 2792 854 alium

332 895 630 961 maiorem
676 912 971 969 amorem,
1019 892 1125 958 sed
1172 892 1360 957 habet
1406 911 1471 956 se
1517 892 1872 975 praecisive,
1922 911 2045 958 non
2077 891 2414 957 exhibendo
2462 910 2568 975 per
2613 891 2793 956 illum

332 1000 542 1063 actum
603 997 856 1061 tantum
919 994 1227 1073 affectum,
1292 997 1528 1077 quanto
1599 995 1910 1060 obiectum
1978 995 2238 1079 dignum
2307 995 2443 1059 erat
2496 1020 2559 1056 ».
2613 993 2793 1077 Lugo

307 1100 488 1182 -disp.
525 1100 629 1164 20.
664 1118 724 1162 n.
762 1098 866 1162 20.

440 1259 566 1312 xm.
605 1259 653 1310 3.
692 1260 845 1311 Nemo
883 1266 958 1311 est
997 1256 1286 1321 haereticus,
1326 1257 1540 1323 quandiu
1580 1267 1781 1324 paratus
1824 1266 1899 1311 est
1937 1259 2170 1313 iudicium
2210 1274 2352 1312 suum
2393 1258 2641 1312 Ecclesiae
2680 1259 2793 1310 sub-

332 1342 524 1396 minere
559 1349 643 1395 aut
673 1341 829 1396 nescit
864 1342 1160 1396 eontrarium
1189 1349 1353 1396 tencre
1394 1356 1561 1395 veram
1587 1340 1772 1397 Christi
1802 1342 2094 1396 Ecclesiam:
2121 1350 2227 1396 esto
2254 1357 2314 1396 ex
2342 1343 2614 1407 ignorantia
2641 1341 2787 1396 etium

331 1426 563 1496 culpabili
597 1434 648 1480 et
680 1440 848 1480 crassa
888 1426 1175 1481 sententiam
1215 1441 1350 1480 sunm
1388 1426 1639 1481 mordicus
1677 1435 1887 1481 tueatur.
1913 1431 2081 1492 Laym.
2108 1430 2140 1482 1.
2166 1444 2210 1482 6.
2237 1443 2284 1481 11.
2313 1432 2363 1481 2.

422 1568 543 1642 90.
594 1571 837 1654 Duplex
870 1590 1050 1635 casus
1082 1571 1197 1635 hac
1228 1571 1606 1636 resolutione
1637 1571 2195 1654 comprehenditur.
2230 1571 2479 1636 Primus
2505 1572 2619 1647 est,
2653 1590 2794 1635 cum

334 1675 471 1757 quis
505 1675 617 1737 aut
648 1673 845 1737 nescit
867 1674 1249 1738 contrarium
1273 1672 1467 1737 teneri
1501 1674 1579 1736 ab
1610 1672 1884 1736 Ecclesia
1910 1670 2170 1735 Christi:
2202 1673 2313 1736 aut
2347 1673 2415 1734 2ο
2446 1671 2500 1735 61
2524 1672 2795 1736 incertus

336 1776 422 1839 sit
444 1795 553 1839 seu
575 1775 836 1851 dubitet,
871 1778 1127 1858 paratus
1165 1776 1347 1839 estse
1380 1774 1764 1839 submittere.
1800 1773 2010 1849 Ratio,
2038 1793 2147 1837 cur
2169 1792 2293 1837 non
2319 1774 2403 1837 sit
2426 1772 2792 1851 haereticuS,

338 1880 436 1942 est
464 1879 608 1960 quia
641 1878 811 1942 abest
844 1877 1203 1961 pertinacia.

428 1979 568 2043 Non
617 1980 818 2043 tamen
880 1980 1209 2044 excusatur
1256 1999 1293 2042 a
1354 1979 1692 2061 pertinacia
1740 1976 1815 2042 ad
1865 1978 2247 2042 haereticum
2292 1976 2795 2043 constituendum

331 2081 686 2157 sufficienti,
736 2081 839 2163 qui
892 2082 1148 2165 paratus
1195 2083 1290 2145 est
1336 2080 1562 2164 corrigi
1610 2080 1674 2145 et
1705 2081 2087 2162 acquiescere
2134 2081 2460 2157 Ecclesiae,
2501 2080 2562 2143 si
2595 2078 2675 2143 ab
2723 2100 2798 2143 ea

326 2184 722 2265 aryumentis
744 2184 1166 2247 convincatur.
1193 2183 1381 2248 Ratio
1406 2185 1519 2261 est,
1557 2183 1704 2265 quia
1729 2182 1847 2247 iste
1880 2202 2002 2247 non
2036 2185 2132 2247 661
2169 2185 2426 2266 paratus
2452 2183 2796 2247 consentire

326 2287 700 2352 auctoritati
731 2286 1058 2364 Ecclesiae,
1085 2286 1189 2350 sed
1221 2286 1569 2350 rationibus
1602 2287 1666 2350 et
1704 2287 2090 2370 argumentis
2131 2286 2209 2349 ab
2240 2306 2312 2350 ea
2338 2284 2708 2350 adducendis
2731 2286 2795 2349 in

324 2388 867 2454 confirmationem
926 2408 1074 2453 suae
1129 2388 1465 2453 doctrinae.
1525 2387 1728 2468 Quare
1776 2388 1877 2452 hic
1933 2408 2071 2452 vere
2118 2388 2514 2471 pertinaciter
2559 2389 2797 2454 resistit

321 2494 696 2558 auctoritati
719 2492 1046 2558 Ecclesiae.
1078 2492 1255 2579 Lugo
1294 2513 1353 2557 n.
1392 2491 1539 2556 166.

413 2597 714 2662 Pertinax
750 2598 813 2662 61
858 2596 1202 2661 haereticus
1251 2597 1368 2660 erit
1415 2595 1605 2660 etiam
1643 2595 1924 2679 quisquis
1971 2595 2129 2659 nihil
2174 2595 2435 2659 scienter
2480 2598 2668 2680 negat
2717 2596 2797 2660 ab

324 2699 607 2764 Ecclesia
655 2697 979 2763 definitum
1019 2700 1083 2762 et
1113 2697 1537 2781 propositum3
1578 2698 1682 2762 sed
1717 2699 2010 2775 1166616116,
2048 2697 2196 2781 quid
2228 2697 2501 2762 Ecclesia
2530 2698 2594 2762 in
2628 2717 2699 2762 ea
2727 2718 2796 2762 re

320 2800 659 2878 definierit,
694 2800 989 2866 adhaeret
1018 2800 1207 2865 errori
1240 2819 1352 2864 suo
1386 2820 1529 2865 cum
1563 2799 1788 2864 affectu
1821 2821 1931 2865 seu
1962 2801 2280 2884 proposito
2314 2820 2434 2865 non
2483 2800 2796 2865 deserendi

322 2904 687 2987 opinionem
711 2922 911 2979 suam,
952 2903 1200 2967 etiamsi
1224 2903 1409 2966 sciret
1439 2902 1775 2967 Ecclesiam
1809 2904 2190 2969 contrarium
2222 2903 2589 2969 definivisse.
2616 2904 2796 2991 Lugo

317 3004 392 3068 (le
426 3004 581 3072 Fid.
625 3005 784 3092 disp.
814 3007 918 3069 20.
952 3024 1014 3069 11.
1048 3005 1194 3068 167.
1229 3005 1310 3068 Et
1345 3003 1409 3068 id
1441 3004 1689 3086 quidem
1713 3025 1928 3069 verum
1962 3007 2076 3084 661,
2116 3007 2363 3071 etiamsi
2395 3006 2468 3071 de
2491 3006 2657 3071 facto
2690 3007 2800 3071 Ec-
2875 2993 2888 3005 ’

314 3107 504 3172 clesia
541 3107 621 3172 de
661 3126 731 3172 eo
766 3106 1030 3171 articulo
1063 3106 1218 3170 nihil
1249 3106 1645 3171 definivisset.

403 3211 489 3275 Et
536 3209 709 3275 idem
755 3208 1015 3291 denique
1063 3209 1136 3273 de
1166 3229 1236 3274 eo
1277 3209 1399 3273 dici
1435 3209 1635 3288 debet,
1683 3212 1790 3292 qui
1823 3211 1981 3276 falso
2021 3213 2225 3295 putat,
2259 3211 2496 3294 aliquid
2542 3231 2674 3277 esse
2720 3211 2799 3276 ab

314 3312 599 3378 Ecclesia
629 3310 976 3389 definitum,
1015 3331 1156 3376 cum
1188 3331 1398 3376 revera
1424 3331 1547 3376 non
1571 3312 1656 3377 sit
1688 3315 1985 3379 ettamen
2018 3315 2148 3398 ipse
2179 3316 2562 3379 contrarium
2586 3314 2795 3379 sentit.

309 3414 701 3480 Haereticus
751 3415 915 3478 enim
958 3414 1181 3478 merito
1222 3414 1570 3490 habebitur,
1619 3416 1674 3479 si
1720 3419 2053 3497 utrumque
2100 3418 2370 3482 exterius
2420 3417 2796 3493 manifestet,

307 3518 442 3583 scil.
486 3537 555 3584 se
597 3516 831 3581 sentire
869 3518 1084 3581 contra
1116 3516 1197 3594 id,
1236 3516 1401 3599 quod
1435 3518 1622 3601 putat
1654 3519 1731 3583 ab
1763 3518 2037 3583 Ecclesia
2070 3538 2200 3582 esse
2231 3519 2573 3583 definitum.
2609 3518 2798 3583 Ratio

308 3625 429 3700 est,
459 3621 621 3703 quia
648 3619 715 3683 in
741 3618 836 3682 his
864 3618 1150 3683 omnibus
1182 3618 1425 3684 casibus
1459 3622 1727 3705 negatur
1766 3619 2020 3703 aliquid,
2057 3621 2221 3702 quod
2259 3622 2355 3685 est
2377 3641 2517 3686 vere
2554 3621 2628 3685 de
2659 3621 2796 3699 fide,

313 3725 446 3790 scil.
484 3722 921 3790 infallibilitas
967 3719 1273 3785 Ecclesiae
1320 3723 1383 3786 in
1431 3721 1845 3806 proponendo.
1889 3722 2052 3807 Ergo
2094 3742 2215 3787 non
2254 3722 2458 3787 solum
2495 3723 2559 3787 in
2596 3722 2801 3788 existi·

319 3829 602 3893 matione
631 3825 734 3889 vel
757 3824 1196 3899 conditionate,
1232 3822 1336 3889 sed
1363 3824 1645 3889 absolute
1678 3825 1742 3889 et
1777 3826 1840 3889 in
1873 3845 1937 3889 re
1970 3825 2104 3907 ipsa
2137 3826 2533 3907 pertinaciter
2562 3826 2800 3891 resistit

315 3926 708 3994 auctoritati
723 3924 1117 3991 et‘doctrinae
1134 3925 1441 3990 Ecclesiae
1466 3926 1529 3990 in
1556 3927 1764 4010 aliquo
1791 3927 2083 4013 dogmate
2100 3927 2407 3993 Ecclesiae
2423 3927 2799 3992 sufficienter

313 4032 675 4118 proposito,
709 4029 890 4113 Lugo
922 4029 964 4091 1.
999 4048 1050 4092 6.
1085 4049 1145 4093 11.
1187 4028 1331 4092 167.

308 4352 486 4392 autem
519 4346 677 4389 intra
706 4341 1047 4396 parenthesim
1076 4341 1271 4384 tradita
1299 4354 1400 4385 non
1432 4341 1635 4385 exhibet
1664 4354 1924 4385 assensum
1956 4341 2266 4395 probabilem
2296 4341 2350 4383 in
2371 4353 2494 4394 rem,
2522 4351 2678 4395 quem
2698 4341 2801 4382 imo

308 4421 369 4457 ut
398 4417 608 4458 certum
629 4408 805 4461 habos,
825 4407 912 4452 ned
932 4419 1083 4452 neum
1101 4408 1411 4463 argumenti,
1440 4409 1585 4453 cuius
1606 4408 2016 4463 probabilitatem
2046 4410 2206 4459 tenes,
2235 4421 2325 4462 pro
2353 4408 2700 4452 confirmanda
2726 4419 2800 4460 re,

311 4479 376 4524 ud
396 4474 808 4525 abundantiam.
829 4472 1175 4518 Nihilominus
1194 4474 1237 4517 61
1255 4475 1412 4519 etiam
1441 4488 1558 4519 oum
1578 4475 1886 4520 certitudine
1917 4474 2200 4518 affirmetur
2221 4475 2568 4529 probabilitas,
2596 4486 2697 4518 non
2727 4476 2802 4516 t·-

312 4562 430 4593 men
450 4544 748 4595 exclusive,
774 4542 909 4597 quod
929 4554 1108 4596 nempe
1127 4555 1206 4585 ree
1226 4543 1293 4585 sit
1317 4546 1501 4586 tantum
1523 4543 1822 4597 probabilis;
1857 4543 2086 4585 nondum
2115 4541 2333 4586 habetur
2353 4541 2600 4584 indicium
2623 4544 2801 4584 contra

312 4616 467 4660 fidem
497 4618 552 4659 ot
584 4612 700 4656 huo
728 4610 862 4654 redit
889 4610 1147 4655 sententia
1177 4609 1331 4665 Lago.
1364 4610 1423 4654 Ε.
