3497 5147
365 333 510 401 [782]
732 343 903 393 Quam
941 341 1181 384 omssio
1220 342 1447 383 onnus
1482 341 1694 391 Quom>
1732 340 1956 382 masam
1993 339 2452 382 mvrmmrnnn
2725 327 2832 382 575

368 442 531 526 (sup.
566 461 626 505 n.
656 442 910 525 praec.),
944 459 1024 504 an
1063 459 1274 505 omnes
1307 441 1514 523 partes
1560 439 1943 523 integritatis
1981 438 2416 503 substantialis
2448 439 2526 502 ab
2559 438 2831 503 Ecclesia
2935 529 2940 532 .

369 544 829 628 praecipiantur
859 542 976 608 sub
1012 543 1192 627 gravi
1217 545 1246 606 ἵ)

455 645 878 711 Concedamus
926 663 1074 729 ergo
1133 645 1396 728 oportet,
1450 643 1517 707 1⁰
1552 661 1673 708 non
1722 642 1981 726 proferri
2029 643 2108 707 ab
2147 643 2279 706 AA.
2314 645 2481 707 certa
2528 643 2833 724 quaedam

366 748 685 834 principia,
720 766 879 829 quae
927 765 1217 812 normam
1254 745 1567 811 iudicandi
1613 746 1975 829 praebeant:
2027 747 2097 808 2ο
2126 744 2267 809 inde
2298 745 2448 822 fieri,
2489 747 2561 808 ut
2594 744 2835 809 conclu-

364 854 568 918 siones
599 851 806 915 minus
842 850 1241 914 cohaerentes
1272 849 1391 913 sibi
1421 849 1486 912 et
1521 847 1841 931 principiis
1876 850 2232 930 appareant.

458 950 613 1024 781.
647 955 808 1037 Apte
838 952 1064 1017 Suarez
1101 952 1177 1015 de
1210 950 1411 1015 Euch.
1445 950 1603 1034 disp.
1641 951 1745 1014 88:
1782 954 1929 1015 sect.
1967 952 2025 1014 2.
2066 951 2133 1014 1⁰
2155 951 2488 1036 distinguit
2525 952 2588 1016 in
2638 951 2832 1016 Missa

370 1057 674 1141 duplicem
710 1056 909 1121 veluti
944 1055 1230 1133 Missam,
1280 1055 1544 1119 alteram
1592 1053 2198 1131 catechumenorum,
2240 1053 2504 1118 alteram
2534 1053 2832 1118 fidelium.

547 1162 617 1222 2ο
641 1158 1000 1223 Tenendum
1024 1157 1275 1222 omnino
1311 1175 1432 1222 non
1465 1173 1645 1239 posse
1676 1155 1886 1219 fideles
1920 1155 2271 1220 voluntarie
2303 1157 2366 1220 et
2390 1156 2520 1220 sine
2550 1156 2836 1241 legitima

373 1266 561 1346 atque
606 1263 935 1326 excusante
979 1279 1169 1325 causa
1216 1259 1503 1324 omittere
1551 1258 1826 1340 aliquam
1873 1258 2112 1341 partem
2144 1256 2394 1332 Missae,
2444 1258 2634 1322 etiam
2659 1259 2838 1322 mini-

371 1384 560 1440 mam,
592 1364 722 1428 sine
754 1362 970 1445 culpa3
1011 1380 1370 1444 quanquam
1417 1360 1711 1425 ultimum
1744 1360 2138 1444 evangelium
2166 1378 2290 1424 non
2322 1359 2609 1425 videatur
2641 1361 2715 1424 ad
2748 1362 2836 1424 in-

372 1467 733 1551 tegritatem
770 1465 1000 1529 Missae
1024 1464 1346 1548 pertinere.
1381 1463 1453 1527 Id
1484 1464 1670 1527 sonat
1698 1464 2096 1546 praeceptum
2127 1463 2200 1526 de
2238 1463 2430 1526 Missa
2466 1463 2787 1527 audienda.

551 1565 622 1631 3⁰
667 1567 757 1631 Ex
804 1567 1083 1632 omnium
1131 1583 1433 1630 consensu
1481 1565 1732 1629 omissio
1780 1564 1976 1629 levior
2022 1583 2153 1629 esse
2184 1566 2390 1647 potest
2425 1566 2522 1629 vel
2560 1566 2831 1650 gravior.

374 1669 502 1735 Nec
523 1671 659 1733 DD.
692 1667 812 1732 nisi
834 1669 901 1732 in
925 1668 1042 1733 hoc
1066 1667 1390 1732 convenire
1414 1666 1723 1742 videntur,
1750 1665 1916 1747 quod
1940 1685 2129 1750 grave
2153 1666 2237 1730 sit
2270 1666 2556 1731 omittere
2580 1668 2833 1731 tertiam

374 1773 616 1855 partem
645 1771 895 1848 Missae,
923 1770 1069 1852 quia
1098 1788 1316 1853 nempe
1346 1768 1665 1852 proportio
1712 1767 1936 1831 tertiae
1984 1768 2178 1850 partis
2225 1767 2304 1831 ad
2350 1770 2558 1833 totum
2591 1769 2838 1832 videtur

377 1891 606 1957 gravis,

556 1975 628 2036 40
648 1973 859 2038 Tertia
882 1975 1091 2037 tamen
1117 1991 1260 2057 pars
1296 1972 1527 2037 Missae
1550 1991 1673 2036 non
1698 1971 2109 2036 materialiter
2138 1971 2385 2036 videtur
2409 1973 2832 2059 intelligenda.

377 2076 460 2139 Et
495 2077 621 2140 iam
665 2076 932 2140 vidimus
979 2076 1143 2159 (sup.
1183 2095 1244 2139 n.
1299 2077 1477 2158 780.)
1516 2075 1898 2158 probabilem
1931 2093 2060 2138 esse
2093 2076 2485 2153 sententiam,
2535 2095 2657 2141 non
2706 2095 2836 2141 esse

373 2196 629 2262 gravem
678 2178 1073 2243 omissionem
1120 2178 1350 2241 Missae
1387 2178 1991 2252 catechumenorum,
2041 2177 2172 2241 scil.
2207 2179 2625 2261 praecedentis
2659 2180 2837 2243 offer-

380 2279 635 2344 torium.

552 2383 621 2447 5⁰
646 2382 862 2462 Quoad
911 2383 1308 2447 omissionem
1331 2382 1397 2446 in
1443 2384 1619 2466 parte
1650 2381 1882 2447 Missae
1913 2382 2365 2461 substantiam,
2415 2402 2574 2465 quae
2620 2403 2836 2468 nempe

375 2489 470 2550 est
500 2485 747 2550 Missae
776 2484 1060 2567 fidelium
1090 2489 1155 2549 et
1202 2486 1278 2549 ab
1313 2484 1625 2549 offertorio
1659 2485 1737 2549 ad
1770 2486 2190 2567 sumptionem
2223 2503 2288 2549 se
2318 2487 2651 2569 protendit,
2687 2487 2837 2551 bene

374 2592 601 2656 Suarez
632 2593 677 2658 l.
708 2612 760 2657 c.
816 2617 852 2651 α
884 2593 956 2655 In
989 2592 1085 2656 his
1118 2591 1400 2674 partibus
1446 2591 1677 2655 Missae
1724 2609 1846 2655 non
1894 2592 2028 2654 tam
2074 2593 2170 2655 est
2200 2591 2640 2656 consideranda
2687 2594 2839 2657 tem-

376 2695 542 2777 poris
574 2714 768 2772 mora,
803 2714 993 2776 quam
1039 2694 1313 2779 dignitas
1361 2695 1425 2758 et
1461 2693 1892 2776 propinquitas
1939 2693 2037 2758 vel
2071 2694 2406 2759 necessitas
2440 2695 2514 2759 ad
2554 2696 2840 2760 substan-

376 2798 532 2860 tiam
578 2796 881 2861 sacrificii.
930 2797 1013 2860 Et
1056 2796 1193 2861 ideo
1241 2796 1545 2860 Auctores
1590 2794 1836 2859 facilius
1885 2795 2260 2878 permittunt
2298 2797 2508 2861 omitti
2539 2817 2630 2875 ea,
2679 2816 2838 2880 quae

377 2899 748 2963 antecedunt
783 2899 882 2964 vel
920 2900 1266 2981 sequuntur
1303 2915 1600 2962 canonem
1632 2896 1891 2973 Missae3
1925 2898 1997 2959 in
2020 2916 2139 2977 quo
2170 2900 2438 2962 maxim
2485 2902 2840 2964 necessaria

376 3005 543 3077 sinze,
568 3022 725 3083 quac
747 3023 791 3066 a
813 3002 1269 3066 consecratione
1292 3019 1486 3081 usque
1508 2998 1597 3062 ad
1609 3000 2137 3078 consumptionem
2151 3001 2569 3065 continentur.
2597 3002 2680 3066 Et
2702 3003 2838 3068 ideo

375 3104 554 3169 valde
585 3105 681 3168 est
702 3103 1047 3185 probabile,
1081 3122 1201 3168 non
1234 3103 1477 3187 impleri
1525 3103 1922 3186 praeceptum
1957 3101 2148 3166 etiam
2179 3103 2384 3185 quoad
2421 3103 2842 3168 substantiam

376 3208 529 3283 eius,
564 3207 618 3271 si
664 3206 813 3289 quid
845 3226 915 3271 eo
965 3208 1239 3289 tempore
1289 3206 1622 3270 omittatur
1652 3206 1751 3269 vel
1783 3196 2266 3281 intermittatur,
2301 3206 2548 3271 etiamsi
2594 3208 2841 3290 tempus

376 3310 557 3374 breve
588 3329 718 3375 esse
749 3309 1055 3387 videatur,
1083 3329 1140 3373 v,
1170 3329 1262 3393 gr.
1289 3308 1342 3371 si
1382 3309 1521 3389 quis
1543 3308 1938 3391 egrederetur
1969 3307 2243 3382 ecclesia,
2277 3307 2523 3388 quando
2557 3311 2839 3374 sacerdos

380 3413 516 3476 vult
547 3431 899 3477 consecrare
933 3413 996 3475 et
1026 3411 1207 3474 finita
1237 3410 1694 3474 consecratione
1733 3410 1953 3473 statim
1992 3408 2448 3491 ingrederetur3
2483 3428 2629 3473 nam
2663 3412 2843 3476 omit-

378 3515 541 3578 teret
570 3513 990 3579 substantiam
1013 3511 1301 3577 sacrificii
1318 3511 1381 3574 et
1402 3510 1567 3575 idem
1595 3510 1866 3590 fortasse
1890 3512 2070 3585 esset,
2092 3509 2145 3573 si
2178 3512 2321 3574 ante
2345 3513 2841 3576 communionem

378 3615 745 3694 discederet3
796 3616 944 3698 quia
976 3615 1076 3679 vel
1113 3615 1209 3679 est
1240 3613 1314 3677 de
1358 3611 1712 3676 substantia
1761 3611 1858 3675 vel
1902 3612 2169 3675 maxime
2201 3611 2512 3693 pertinens
2544 3612 2622 3676 ad
2653 3613 2843 3696 perfe-

382 3718 647 3783 ctionem
678 3718 964 3784 sacrificii
997 3743 1059 3782 ».

470 3821 749 3904 Denique
773 3821 948 3886 addit
969 3819 1147 3885 ibid:
1181 3844 1217 3878 «
1250 3817 1369 3883 Sed
1399 3817 1685 3901 quamvis
1717 3817 1871 3881 haec
1904 3815 2143 3880 tutiora
2173 3816 2318 3894 sint,
2352 3836 2477 3882 non
2509 3819 2605 3882 est
2635 3821 2842 3884 tamen

383 3941 619 4006 semper
674 3923 1001 4007 scrupulus
1062 3920 1445 3999 iniiciendus,
1510 3919 1760 4004 quando
1813 3920 2060 4002 tempus
2106 3919 2201 3984 est
2247 3919 2582 3987 admodum
2630 3923 2840 3986 breve:

383 4025 715 4092 dummodo
772 4026 1151 4092 consecratio
1211 4027 1274 4089 et
1328 4024 1603 4108 sumptio
1665 4024 1857 4089 simul
1916 4042 2039 4088 non
2096 4024 2505 4100 omittantur;
2556 4025 2702 4107 quia
2747 4043 2845 4089 res

384 4128 531 4192 haec
561 4129 885 4195 moraliter
914 4127 1245 4192 iudicanda
1275 4129 1372 4193 est
1402 4128 1465 4191 et
1497 4126 1697 4191 adhuc
1742 4145 1866 4192 non
1915 4127 2072 4191 satis
2119 4128 2384 4205 constat,
2424 4128 2488 4191 in
2520 4145 2644 4209 quo
2676 4145 2847 4209 prae·

382 4230 504 4295 eise
535 4231 838 4297 consistat
867 4229 1222 4295 substantia
1253 4229 1537 4294 sacrificii
1568 4254 1631 4293 ».

474 4330 651 4404 782.
685 4334 777 4398 Ex
807 4333 1032 4416 quibus
1072 4329 1396 4394 deducitur
1426 4331 1599 4407 satis,
1627 4331 1861 4414 duplici
1891 4331 1965 4396 de
1997 4350 2184 4397 causa
2222 4336 2618 4416 praeceptum
2655 4334 2847 4398 etiam

384 4437 657 4520 graviter
700 4434 926 4500 violari
972 4451 1170 4516 posse,
1218 4431 1350 4496 scil.
1406 4432 1471 4493 1⁰
1517 4432 1570 4495 si
1618 4433 1954 4497 omittatur
1991 4453 2132 4517 pars
2166 4435 2481 4512 notabilis,
2530 4436 2676 4502 licet
2727 4456 2849 4502 non

387 4540 719 4604 omittatur
750 4537 832 4616 id,
872 4533 1040 4619 quod
1088 4533 1356 4618 pertinet
1379 4531 1459 4596 ad
1482 4534 1902 4599 substantiam
1934 4536 2250 4601 sacrificii:
2287 4537 2357 4599 2⁰
2389 4538 2444 4602 si
2474 4541 2637 4604 certe
2671 4539 2851 4604 omite
