3497 5147
684 292 795 348 714
999 306 1209 347 rnac‘r.
1239 307 1318 346 vi.
1346 305 1509 347 sacr.
1534 305 1617 344 vr.
1649 303 1734 344 mr
1755 299 1951 342 mro
1979 299 2058 340 m·
2081 299 2245 341 nono
2269 299 2487 341 ram.
2514 299 2825 343 vacuom
3002 291 3143 367 [967]

765 404 1094 469 Praeterea
1125 405 1381 469 monent
1412 403 1571 478 DD.‚
1607 399 1800 465 etiam
1845 397 1910 461 in
1956 416 2150 480 parva
2197 396 2607 463 delectatione
2653 418 2910 465 vener-ea
2957 401 3144 468 libere

680 506 949 571 admissa
995 506 1295 572 contineri
1339 506 1491 582 iam,
1539 501 1746 586 quoad
1793 499 2148 574 essentiam,
2181 501 2385 564 totam
2431 500 2765 580 malitiam,
2815 521 3003 585 quam
3049 505 3146 570 lex

678 609 995 692 prohibet3
1037 610 1133 673 est
1176 608 1343 674 enim
1374 626 1515 673 vere
1553 602 1883 670 delectatio
1933 619 2210 678 venerea,
2249 620 2408 685 quae
2455 605 2628 668 extra
2674 605 3146 673 matrimonium

678 709 901 776 illicita
933 711 1027 775 est
1058 711 1249 792 atque
1278 709 1578 794 graviter,
1612 707 1688 771 ut
1718 704 2009 769 diximus,

768 812 1069 877 Referunt
1113 810 1631 877 Salmanticenses
1678 828 1752 873 ex
1796 806 2066 871 Sanchez
2125 805 2305 888 Oper.
2356 829 2506 872 mor.
2542 808 2584 873 l.
2621 811 2681 874 5.
2708 829 2759 874 c.
2789 811 2849 874 6.
2876 809 3148 877 Clemen-

679 919 808 981 tem
840 915 982 979 VII.
1016 917 1081 980 et
1124 915 1396 980 Paulum
1428 914 1505 976 V.
1539 913 1699 982 hanc
1736 910 2086 975 doctrinam
2131 912 2452 992 probasse:
2487 914 2868 997 praecepisse
2916 916 3148 980 scilieet

681 1017 1133 1083 denuntiandos
1166 1035 1297 1080 esse
1328 1015 1472 1080 fidei
1518 1013 2002 1096 Inquisitoribus
2042 1030 2166 1088 eos,
2207 1013 2315 1094 qui
2347 1017 2710 1093 assererent,
2745 1017 2978 1094 oscula,
3018 1038 3150 1082 am-

680 1120 894 1204 plexus
942 1121 1009 1184 et
1053 1120 1339 1202 aspectus
1386 1118 1619 1201 turpes,
1653 1114 1904 1180 habitos
1937 1114 2014 1180 ob
2047 1114 2248 1179 solam
2294 1115 2768 1183 delectationem
2803 1139 3146 1198 veneream,

682 1240 842 1304 quae
889 1240 960 1285 ex
994 1220 1123 1284 illis
1170 1219 1434 1303 capitur,
1468 1219 1701 1300 absque
1739 1216 2036 1281 ulteriore
2085 1216 2293 1282 ordine
2328 1217 2407 1282 ad
2439 1219 2748 1301 copulam,
2783 1239 2914 1287 esse
2947 1223 3152 1288 solum

683 1324 951 1390 venialia
997 1324 1269 1407 peccata.
1304 1321 1583 1402 Quorum
1631 1318 2008 1385 Pontificum
2053 1319 2429 1385 sententiam
2466 1321 2862 1388 confirmavit
2893 1324 3155 1390 Alexan-

684 1427 791 1494 der
822 1426 966 1491 VII.
1000 1425 1298 1490 damnata
1334 1442 1579 1507 propos.
1614 1424 1719 1486 40.
1763 1447 1798 1479 «
1831 1421 1944 1485 Est
1976 1419 2314 1504 probabilis
2350 1422 2578 1506 opinio,
2618 1443 2777 1506 quae
2816 1425 2986 1503 dicit,
3021 1445 3154 1491 esse

681 1530 933 1593 tantum
963 1528 1203 1593 veniale
1235 1527 1515 1592 osculum
1551 1525 1840 1590 habitum
1875 1524 1951 1587 ob
1987 1523 2463 1590 delectationem
2508 1528 2825 1594 carnalem
2872 1531 2937 1594 et
2966 1531 3154 1594 sensi·

682 1631 892 1708 bilem,
931 1650 1092 1712 quae
1128 1649 1201 1694 ex
1247 1630 1460 1695 osculo
1500 1629 1718 1704 oritur,
1753 1624 1994 1690 secluso
2042 1626 2314 1710 periculo
2361 1647 2696 1695 consensus
2742 1631 3057 1697 ulterioris
3088 1635 3152 1698 et

686 1733 1052 1818 pollutionis
1077 1757 1138 1797 ›.

775 1837 864 1901 Ex
910 1837 1137 1918 quibus
1182 1836 1405 1900 saltem
1453 1834 1763 1909 docemur,
1814 1850 1943 1896 esse
1991 1831 2256 1896 mortale
2302 1834 2624 1916 peccatum
2675 1835 3155 1903 delectationem

686 1939 998 2004 carnalem
1028 1938 1341 2020 quandam
1372 1955 1629 2020 parvam
1660 1935 1851 1999 libere
1884 1936 2256 2017 susceptam,
2296 1936 2416 2000 etsi
2448 1937 2615 2001 absit
2649 1938 2993 2020 periculum
3026 1941 3157 2023 pol-

686 2041 947 2106 lutionis
977 2043 1091 2104 aut
1121 2040 1376 2104 maioris
1407 2036 1844 2103 commotionis
1878 2055 1949 2099 ac
1994 2054 2326 2101 consensus
2358 2037 2421 2101 in
2453 2057 2610 2103 eam.
2653 2037 2823 2119 Quae
2870 2041 3156 2107 doctrina

685 2142 1163 2226 impeditissima
1210 2142 1371 2206 foret
1417 2143 1480 2205 et
1526 2140 1952 2205 confusionem
1999 2139 2261 2221 pareret,
2312 2139 2430 2204 nisi
2478 2141 2802 2208 statuatur
2847 2146 3156 2228 generalis

688 2245 907 2330 regula
938 2245 1222 2328 superius
1253 2243 1522 2309 tradita:
1558 2260 1680 2307 non
1712 2241 1850 2305 dari
1881 2241 1997 2305 hac
2029 2242 2092 2305 in
2123 2261 2189 2305 re
2221 2243 2597 2325 parvitatem
2628 2247 2948 2312 materiae.

776 2345 1078 2419 982111.
1094 2348 1372 2413 Luxuria
1397 2345 1698 2410 indirecte
1722 2344 2081 2408 voluntaria
2101 2344 2383 2409 admittit
2406 2347 2787 2429 parvitatem
2815 2351 3150 2427 materiae3

687 2453 836 2536 quia
861 2453 957 2517 est
985 2470 1317 2517 consensus
1348 2452 1599 2513 tantum
1630 2448 1692 2511 in
1726 2464 2002 2520 causam,
2028 2464 2186 2527 quae
2219 2447 2495 2530 graviter
2518 2449 2617 2513 vel
2647 2450 2869 2516 leviter
2898 2451 3153 2517 influere

685 2556 894 2640 potest
938 2554 1197 2637 ideoque
1234 2551 1512 2638 graviter
1557 2549 1656 2615 vel
1692 2547 1914 2614 leviter
1961 2566 2093 2612 esse
2140 2549 2587 2632 peccaminosa,
2627 2552 2804 2619 iuxta
2850 2552 3155 2620 influxum

688 2659 753 2723 in
790 2657 1125 2722 luxuriam.
1542 2710 1550 2719 .

780 2762 871 2824 De
917 2760 1161 2824 diversa
1222 2757 1587 2823 habitudine
1634 2774 1856 2822 causae
1918 2751 1996 2816 ad
2043 2753 2237 2820 talem
2284 2756 2569 2822 effectum
2635 2759 2700 2823 et
2759 2760 3156 2841 quandonam

688 2862 980 2926 illicitum
1014 2861 1098 2925 sit
1128 2880 1381 2926 causam
1413 2880 1637 2943 ponere
1662 2865 1724 2927 et
1757 2865 1961 2945 qualis
1993 2861 2238 2927 malitia
2270 2860 2354 2924 sit
2383 2859 2446 2923 in
2479 2861 2760 2942 ponenda
2792 2881 3001 2939 causa,
3029 2864 3156 2927 iam

689 2964 838 3028 data
887 2981 1069 3047 opera
1117 2962 1463 3046 disputavit
1510 2963 1582 3026 B.
1622 2963 1687 3028 in
1735 2966 1813 3028 tr.
1850 2966 1958 3029 IV.
1995 2964 2069 3027 de
2116 2962 2409 3026 Pecu-atis
2458 2980 2512 3026 a.
2553 2983 2613 3028 n.
2651 2964 2800 3028 577.
2851 2964 3153 3049 deinceps

690 3064 868 3132 Circa
900 3086 1058 3148 quae
1088 3067 1239 3131 haec
1272 3066 1672 3131 advertimus.

780 3166 939 3233 Cum
993 3168 1066 3233 de
1113 3168 1332 3234 effectu
1387 3187 1586 3233 sermo
1634 3171 1729 3232 est
1779 3170 1908 3251 qui,
1950 3187 2138 3233 causa
2186 3167 2411 3249 posita,
2445 3168 2727 3251 sequitur
2767 3173 3010 3251 praeter
3061 3171 3157 3235 in-

689 3270 1050 3348 tentionem,
1081 3271 1230 3335 licet
1264 3270 1604 3353 praevisus,
1645 3270 1716 3333 B.
1753 3290 1874 3336 non
1923 3270 2259 3355 distinguit
2303 3271 2466 3335 inter
2511 3291 2655 3336 eum
2701 3271 3007 3350 effectum,
3047 3273 3158 3356 qui

687 3373 785 3437 est
827 3373 961 3437 sola
994 3373 1322 3438 delectatio
1371 3391 1628 3437 venerea
1657 3373 1723 3437 111
1756 3392 1938 3438 sensu
1989 3376 2127 3439 orta
2162 3374 2225 3437 et
2271 3392 2415 3437 eum
2446 3373 2551 3455 qui
2603 3375 2698 3438 est
2730 3375 2997 3458 pollutio
3044 3394 3157 3439 seu

689 3475 1018 3540 delectatio
1050 3476 1203 3539 haec
1247 3493 1503 3539 venerea
1535 3474 1725 3540 simul
1772 3496 1915 3541 cum
1959 3476 2305 3560 pollutione
2342 3473 2446 3557 (cf.
2482 3475 2524 3539 l.
2557 3495 2612 3540 c.
2647 3496 2708 3540 n.
2749 3477 2900 3541 577.
2941 3477 3003 3541 in
3033 3475 3156 3542 fine

688 3580 753 3643 et
789 3599 847 3643 n.
884 3579 1033 3642 579.
1068 3578 1132 3642 111
1179 3577 1532 3663 parenthesi
1576 3579 1811 3644 inserta
1856 3579 2058 3644 verbis
2107 3577 2577 3659 Busembaum)‚
2628 3598 2751 3643 non
2799 3579 3154 3665 distinguit,

687 3680 964 3763 inquam,
998 3681 1115 3745 1100
1144 3683 1349 3764 pact0,
1388 3683 1463 3745 ut
1508 3681 1571 3745 in
1608 3682 1725 3746 hac
1757 3682 2118 3764 quaestione
2151 3681 2333 3746 aliter
2369 3681 2442 3745 de
2475 3681 2697 3764 priore,
2735 3682 2918 3747 aliter
2949 3684 3022 3748 de
3053 3702 3157 3767 po-

689 3784 945 3848 steriore
977 3784 1353 3868 loquendum
1400 3786 1664 3859 censeat,
1699 3785 1881 3867 quasi
1912 3804 2130 3867 nempe
2175 3784 2307 3849 fieri
2355 3785 2573 3867 possit,
2607 3785 2681 3849 ut
2712 3786 2978 3850 mortale
3026 3787 3159 3869 qui-

690 3883 830 3948 dem
875 3886 960 3949 sit
1004 3905 1228 3967 ponere
1265 3905 1517 3951 causam
1565 3886 1950 3968 pollutiouiS,
1986 3906 2108 3952 non
2146 3905 2290 3951 vero
2339 3886 2594 3951 eandem
2641 3906 2896 3953 causam
2934 3907 3156 3971 ponere

689 3987 884 4052 solius
931 3988 1359 4054 delectationis
1407 4006 1697 4052 venereae
1742 3989 1808 4053 in
1857 4009 2040 4055 sensu
2089 3990 2412 4055 excitatae.
2461 3989 2884 4056 Busembaum
2948 3993 3155 4056 tamen

692 4109 865 4155 secus
896 4092 1157 4155 sensisse
1187 4090 1348 4154 forte
1380 4088 1574 4154 videri
1607 4092 1835 4174 potest.

779 4193 943 4259 Nam
990 4196 1055 4258 in
1100 4195 1180 4256 tr.
1228 4191 1303 4253 de
1352 4191 1641 4258 Peccat‘e's
1671 4194 1777 4277 (cf.
1813 4196 1935 4260 vol.
1996 4197 2046 4260 l.
2098 4217 2155 4279 p.
2209 4197 2357 4260 524.
2410 4196 2577 4280 XX.)
2624 4197 2864 4261 dixerat
2895 4218 3157 4279 peceare

691 4297 1041 4369 venialiter,
1074 4296 1185 4376 qui
1218 4295 1353 4358 sine
1384 4318 1575 4362 eausa
1614 4303 1674 4361 et
1717 4300 2079 4363 necessitate
2117 4301 2421 4364 actionem
2451 4304 2752 4376 exerceat,
2785 4321 2862 4363 ex
2906 4322 3030 4382 qua
3066 4302 3160 4365 in-

692 4398 920 4478 telliyit
955 4396 1420 4462 delectationem
1465 4402 1678 4465 earnis
1723 4401 2052 4476 orituram,
2096 4407 2301 4466 tamen
2345 4404 2482 4468 sine
2529 4402 2768 4468 directa
2813 4404 3157 4469 intentione

691 4505 751 4563 et
784 4500 919 4562 sine
942 4499 1221 4579 periculo
1252 4520 1603 4567 consensus.
1631 4504 1841 4586 Agens
1865 4522 2009 4568 vero
2045 4504 2117 4567 de
2150 4505 2211 4568 6.
2236 4506 2573 4590 Praecepto
2600 4505 2758 4588 (01.1.
2773 4525 2824 4571 0.
2843 4525 2987 4591 pag.
3004 4508 3155 4571 525.

692 4623 753 4668 n.
788 4603 969 4687 579.)
1000 4605 1074 4669 de
1111 4605 1475 4688 pollutione,
1512 4605 1621 4685 ait,
1656 4606 1842 4689 quod,
1875 4608 1936 4669 si
1959 4607 2231 4687 pollutio
2263 4608 2714 4689 praevideatur
2744 4613 3032 4673 secutura
3080 4630 3157 4674 ez:
