3497 5147
294 359 431 438 [616]
677 374 845 422 QUAE
878 374 1276 422 ammanus
1315 376 1454 417 voi-1
1491 376 1911 417 Dnmnmna‘rro
1948 377 2027 416 m·
2063 375 2352 417 1111311110
2649 360 2758 417 475

374 466 529 541 615.
566 469 627 536 S.
660 471 845 553 Alph.
882 473 1031 535 201.
1064 491 1123 554 q.
1162 473 1221 535 1.
1247 472 1469 537 merito
1495 473 1646 537 dicit
1675 493 1799 538 non
1831 473 2026 538 teneri
2057 476 2226 552 vot0,
2255 472 2363 555 qui
2393 473 2593 537 nescit
2615 475 2750 538 voti

292 573 737 658 obligationem
781 575 845 637 et
888 574 1159 639 nesciens
1192 575 1427 639 emittit
1457 595 1567 640 nec
1596 576 1898 659 implicite
1929 595 2039 641 nec
2075 576 2360 660 explicite
2391 594 2530 639 eam
2566 577 2757 640 susci-

289 696 428 761 pere
459 676 803 741 intendens.
836 676 1026 740 Ratio
1074 677 1249 760 patet
1279 696 1350 741 ex
1397 678 1487 742 rei
1516 679 1765 743 natura.

377 778 599 843 Addit:
639 802 677 837 ⁴<
709 776 894 843 Secus
925 779 1336 857 dicendum...,
1372 780 1423 844 si
1461 781 1600 862 quis
1638 781 1908 846 voluerit
1936 800 2159 847 vovere
2189 782 2375 847 modo
2416 782 2752 857 ordinario,

287 900 409 964 quo
448 881 559 945 alii
589 883 850 959 vovent3
877 881 1025 963 quia
1058 884 1205 946 tunc
1238 881 1532 961 implicite
1568 882 1773 948 voluit
1804 884 2253 968 obligationem
2288 885 2650 950 contrahere
2682 909 2748 947 ».

282 983 362 1050 Et
411 984 648 1069 allegat
692 982 961 1049 Sanchez
1009 1003 1081 1049 ac
1128 985 1597 1049 Tamburinum.
1632 986 1830 1068 Atqui
1874 985 2292 1051 Tamburinus
2339 987 2555 1052 eodem
2605 987 2746 1050 loco

284 1087 391 1152 lib.
433 1088 495 1151 3.
529 1087 601 1149 in
630 1084 852 1151 Decal.
890 1105 1024 1170 cap.
1055 1088 1157 1151 12.
1185 1087 1244 1171 ἓ.
1276 1088 1333 1151 1.
1359 1107 1420 1151 11.
1456 1088 1516 1151 7.
1551 1087 1810 1152 disserte
1841 1089 2089 1165 statuit,
2124 1088 2290 1170 quod
2333 1113 2369 1148 ‹
2416 1089 2470 1154 si
2502 1107 2626 1154 11011
2656 1107 2756 1154 00·

282 1208 547 1275 gnoscas
594 1208 671 1253 ex
708 1190 1121 1270 promissione
1167 1189 1328 1252 oriri
1364 1189 1825 1272 obliqanonem,
1876 1191 2230 1255 voluntaria
2278 1191 2395 1255 tibi
2444 1191 2750 1275 obligatio

287 1310 419 1357 esse
450 1309 575 1356 non
606 1292 848 1375 potest;
883 1310 1031 1376 ergo
1064 1310 1136 1356 03
1169 1292 1319 1356 oriri
1348 1312 1469 1357 non
1507 1294 1802 1375 potest».
1831 1292 2007 1358 Unde
2039 1312 2087 1357 S.
2114 1294 2473 1376 Alphonsus
2506 1293 2754 1358 videtur

284 1394 462 1476 loqui
522 1393 886 1478 pugnantia,
935 1413 1077 1459 cum
1130 1394 1339 1458 dicat:
1396 1394 1694 1474 implicite
1746 1396 1974 1473 voveri,
2023 1396 2174 1459 dum
2217 1396 2531 1477 quis-piam
2582 1400 2757 1460 vovet

286 1497 471 1560 iuxta
516 1495 764 1558 modum
808 1495 1219 1573 ordinarium,
1255 1515 1372 1577 quo
1408 1495 1545 1572 alii,
1585 1496 1729 1560 lieet
1772 1497 2013 1561 neseiat
2054 1502 2357 1560 naturam
2384 1500 2552 1562 voti:
2585 1500 2652 1561 at
2699 1499 2752 1561 si

281 1599 481 1664 nescit
528 1598 974 1683 obligationem
1019 1618 1291 1684 surgere,
1340 1599 1613 1683 profecto
1662 1618 1785 1664 non
1834 1600 1974 1664 vult
2021 1619 2198 1664 eam:
2247 1602 2398 1665 11300
2445 1601 2607 1666 0111111
2659 1602 2756 1664 est

284 1702 518 1766 natura
555 1701 706 1765 voti.
747 1699 1015 1765 Sanchez
1050 1702 1261 1765 autem
1292 1701 1366 1765 de
1402 1700 1698 1766 Mati-im.
1732 1701 1840 1765 lib.
1880 1702 1937 1766 1.
1972 1702 2127 1786 disp.
2164 1704 2224 1767 9.
2263 1724 2324 1767 11.
2361 1705 2420 1767 2.
2455 1704 2528 1768 de
2561 1702 2753 1786 Spon-

283 1809 525 1873 salibus
557 1827 744 1893 agens
790 1808 970 1873 dicit:
1016 1832 1052 1867 ‹
1085 1808 1566 1893 Intelligendum
1603 1809 1815 1872 tamen
1847 1812 1961 1887 est,
1997 1808 2116 1873 nisi
2162 1809 2459 1894 ignorans
2491 1809 2750 1893 promis·

286 1911 485 1976 sionis
515 1911 711 1993 (aliud
749 1912 845 1976 est
878 1911 1305 1995 promissionis
1352 1912 1597 1988 natura,
1633 1910 1805 1975 aliud
1852 1910 2183 1996 obligatio:
2223 1931 2370 1976 nam
2418 1911 2747 1994 promissio

285 2033 364 2079 ex
395 2014 749 2098 ignorantia
779 2016 990 2097 posset
1019 2013 1289 2097 intelligi
1326 2033 1435 2096 pro
1469 2033 1638 2079 mero
1671 2014 1988 2097 proposito
2022 2015 2290 2079 exterius
2324 2014 2747 2093 manifestato,

281 2116 422 2180 sine
453 2115 583 2179 ulla
612 2115 754 2180 fidei
787 2115 1195 2201 obligatione)
1219 2117 1529 2192 naturam,
1556 2117 1710 2181 velit
1740 2135 1814 2181 ea
1842 2117 2186 2182 intentione
2208 2118 2591 2201 promittere,
2618 2137 2748 2200 qua

277 2218 475 2284 ceteri
500 2219 912 2301 promittunt:
938 2219 1088 2283 tunc
1111 2219 1275 2283 enim
1298 2218 1596 2302 implicite
1621 2219 1684 2284 et
1707 2219 1942 2283 virtute
1967 2218 2233 2303 obligari
2257 2219 2481 2283 vult».
2511 2219 2746 2284 Verum

280 2321 403 2387 hoc
434 2339 559 2384 non
605 2320 851 2385 videtur
894 2321 1328 2385 universaliter
1371 2341 1608 2386 verum.
1640 2320 1807 2385 Nam
1837 2341 2054 2386 verum
2089 2321 2226 2400 erit,
2266 2321 2321 2385 si
2352 2321 2492 2403 quis
2525 2323 2754 2386 voveat

276 2424 375 2488 ita
413 2423 623 2488 animo
670 2423 1087 2507 comparatus,
1127 2425 1203 2488 ut
1237 2423 1538 2506 quidquid
1568 2423 1819 2488 tandem
1854 2407 1962 2488 alii
1994 2422 2248 2501 faciant,
2281 2424 2345 2488 et
2390 2423 2522 2507 ipse
2552 2423 2753 2488 facere

275 2526 575 2593 intendat
620 2545 692 2592 ae
739 2545 924 2593 onera
970 2526 1295 2612 suscipere,
1329 2545 1489 2610 quae
1535 2527 1644 2593 alii
1680 2526 2046 2611 suscipiunt.
2087 2524 2406 2593 Generalis
2453 2526 2618 2593 enim
2664 2528 2754 2593 sic

272 2631 555 2696 habetur
599 2629 864 2695 intentio
911 2629 1330 2713 suscipiendae
1378 2629 1799 2714 obligationis.
1847 2629 1934 2694 At
1979 2630 2033 2694 si
2079 2650 2155 2694 ne
2185 2629 2454 2695 somniet
2500 2630 2751 2713 quidem

272 2732 546 2816 aliquod
579 2751 755 2809 onus,
787 2732 952 2815 quod
985 2733 1064 2797 ab
1100 2732 1240 2796 aliis
1271 2732 1609 2816 suscipitur
1637 2733 1702 2798 et
1737 2733 1905 2815 quod
1951 2732 2304 2817 praevisum
2335 2732 2468 2816 ipse
2498 2752 2622 2798 non
2653 2752 2756 2798 su-

270 2837 571 2921 sciperet,
604 2854 720 2920 ego
764 2853 888 2900 non
920 2836 1073 2918 puto
1123 2833 1407 2919 obligari.
1444 2834 1634 2900 Porro
1672 2835 1943 2919 priorem
1991 2853 2241 2900 sensum
2274 2835 2571 2919 supponit
2602 2835 2755 2901 San-

270 2941 455 3014 chez,
491 2937 762 3002 alterum
798 2936 1184 3002 Tamburini.

366 3039 639 3121 Quando
679 3040 891 3104 autem
936 3040 1056 3104 scit
1100 3039 1545 3125 obligationem
1591 3042 1744 3118 voti,
1786 3040 1892 3105 sed
1937 3040 2091 3106 velit
2134 3041 2228 3105 ita
2275 3041 2638 3124 promittere
2668 3042 2752 3105 ut

267 3164 411 3210 non
445 3142 604 3207 velit
632 3142 820 3206 simul
866 3142 1014 3208 voto
1051 3160 1116 3206 se
1163 3142 1458 3227 obligare,
1492 3143 1881 3208 communior
1910 3146 1974 3207 et
2019 3143 2398 3226 probabilior
2443 3142 2756 3207 sententia

266 3249 396 3322 est,
445 3263 569 3309 non
617 3244 812 3309 teneri
858 3244 1239 3329 obligatione
1285 3244 1436 3309 voti.
1487 3244 1675 3309 Ratio
1724 3247 1838 3322 est,
1888 3245 2037 3327 quia
2085 3245 2386 3329 obligatio
2435 3244 2610 3309 nulla
2657 3246 2758 3308 est

265 3349 540 3433 praeter
570 3365 727 3423 eam,
760 3364 951 3428 quam
981 3346 1121 3428 quis
1153 3346 1271 3410 sibi
1307 3348 1525 3429 sponte
1555 3346 1839 3429 imponit.
1875 3347 1956 3412 Et
1985 3347 2189 3431 reipsa
2226 3347 2343 3412 iste
2389 3365 2511 3411 non
2543 3348 2751 3422 vovet,

263 3454 438 3536 quia
469 3450 596 3515 duo
626 3449 1107 3515 contradictoria
1137 3448 1225 3513 ibi
1257 3468 1321 3513 se
1353 3448 1612 3514 elidunt.
1631 3449 1771 3513 Erit
1801 3450 1880 3514 ad
1911 3470 2227 3515 summum
2259 3467 2381 3514 non
2419 3450 2748 3531 promissio

266 3555 388 3619 sed
429 3552 842 3637 propositum.
875 3552 1166 3616 Peccaret
1194 3553 1405 3616 tamen
1435 3551 1731 3634 graviter,
1766 3552 1820 3616 si
1851 3553 1967 3617 hoc
1999 3552 2206 3615 animo
2238 3550 2383 3615 ficto
2416 3550 2760 3632 susciperet

263 3673 501 3723 saeros
532 3654 791 3720 Ordines
830 3657 942 3720 aut
979 3654 1294 3720 emitteret
1328 3654 1686 3738 religiosam
1733 3654 2193 3737 professionem.
2233 3654 2336 3718 Ita
2373 3671 2445 3717 011
2482 3670 2531 3717 3.
2565 3652 2752 3735 Alph.

267 3781 336 3825 n.
379 3759 544 3824 201.
586 3777 645 3840 q.
686 3758 769 3822 Π.

372 3856 540 3932 616.
566 3859 663 3924 Ad
695 3859 1027 3925 secundam
1056 3859 1451 3945 hypothesim
1482 3858 1879 3924 resolutionis
1910 3860 2173 3943 spectat,
2199 3859 2253 3924 si
2289 3859 2429 3942 quis
2467 3859 2756 3925 absolute

266 3965 430 4029 vult
477 3964 723 4028 statum
753 3982 812 4027 v.
844 3982 939 4047 gr.
976 3962 1358 4047 religiosum,
1397 3962 1594 4029 sciens
1641 3962 2087 4047 obligationem
2133 3964 2198 4028 et
2242 3964 2451 4028 tamen
2499 3962 2561 4027 in
2600 3981 2761 4044 qua·

266 4067 460 4151 piam
492 4085 562 4129 re
593 4083 716 4129 non
746 4065 886 4129 vult
918 4064 1181 4142 obedire,
1207 4065 1305 4129 vel
1343 4066 1481 4130 vult
1510 4085 1560 4130 3.
1595 4064 1870 4142 OrdineS,
1897 4065 2044 4131 licet
2074 4064 2233 4130 nolit
2270 4086 2328 4129 v.
2355 4085 2448 4148 gr.
2475 4063 2752 4127 deserere

263 4168 735 4236 concubinam:
776 4169 873 4233 est
916 4170 1137 4233 votum
1182 4168 1478 4245 validum,
1528 4168 1633 4234 sed
1679 4170 1956 4254 graviter
2001 4169 2232 4252 peccat.
2272 4164 2365 4231 Cf.
2401 4166 2473 4229 de
2507 4164 2752 4227 Iuram.

266 4273 431 4338 sub.
475 4272 536 4354 g.
575 4268 877 4334 XXXIII.

375 4373 667 4438 Tertiam
697 4371 1093 4458 hypothesim
1139 4372 1312 4437 addit
1342 4392 1390 4438 s.
1423 4374 1611 4458 Alph.
1648 4395 1708 4439 n.
1752 4375 1901 4439 201.
1940 4373 2015 4438 (10
2047 4392 2138 4451 eo,
2179 4372 2287 4454 qui
2333 4369 2648 4455 promittit
2695 4371 2763 4433 et

262 4478 434 4542 vult
461 4476 738 4560 implere,
777 4473 893 4540 sed
917 4475 1055 4540 sine
1100 4477 1310 4539 animo
1329 4477 1600 4557 positivo
1631 4497 1696 4541 se
1727 4476 2085 4558 obliyandi:
2120 4477 2268 4541 tunc
2297 4474 2447 4557 (ait)
2485 4499 2521 4534 ‹
2553 4475 2609 4538 si
2638 4473 2759 4538 iste

263 4579 453 4646 satis
489 4578 609 4643 scit
639 4576 1088 4662 obligationem
1117 4577 1270 4654 voti,
1296 4576 1402 4641 sed
1432 4596 1570 4641 eam
1600 4596 1720 4642 non
1756 4578 2044 4655 advertit,
2078 4578 2229 4643 dum
2259 4581 2444 4642 vovet
2482 4578 2546 4641 et
2574 4594 2760 4660 nega·
