3497 5147
280 319 410 397 [581]
550 335 719 383 QUAE
757 335 834 374 m·
870 334 1117 382 QUANTA
1158 333 1250 374 311
1288 333 1620 374 0001011110
1658 334 2007 375 mmmmm
2047 332 2433 377 Pnomssomr
2616 318 2724 376 447

281 435 537 520 potuisse
584 432 921 510 defendere,
971 433 1171 496 Deum
1220 434 1469 514 accepta
1516 432 1740 497 habere
1789 432 1936 497 vota
1985 453 2091 516 per
2136 435 2373 499 metum
2420 435 2723 500 iniustum

283 540 525 612 extorta,
576 536 683 616 qui
729 536 938 599 tamen
987 534 1273 611 defendit,
1308 535 1746 617 promissiones
1779 536 2084 600 humanas
2130 539 2306 601 metu
2351 538 2583 602 iniusto
2631 559 2725 602 ex-

279 642 462 704 tortas
508 639 720 702 irritas
752 655 881 701 esse
911 638 1047 700 iure
1078 640 1358 714 naturae,
1394 639 1617 718 quippe
1649 658 1806 718 quae
1836 640 1906 700 in
1931 639 2174 701 iniuria
2217 638 2589 717 fiandantur.
2639 640 2727 703 At

279 761 461 808 nonne
490 742 553 805 in
588 741 815 805 iniuria
846 739 1145 804 fundatur
1176 742 1238 804 et
1268 740 1417 803 haec
1452 741 1778 823 promissio
1811 741 1940 805 Deo
1972 741 2186 805 facta?
2217 743 2406 818 Dicit,
2439 762 2561 808 non
2595 762 2725 807 0330

276 848 482 921 Deum,
521 845 631 927 qui
662 844 957 909 iniuriam
987 844 1192 908 infert.
1228 844 1397 908 Esto.
1432 845 1519 907 At
1565 844 1617 906 si
1656 844 1843 908 homo
1876 846 2050 908 metu
2079 845 2313 910 iniusto
2362 847 2728 927 extorqueat

278 948 736 1032 promissionem
781 967 904 1012 non
950 947 1070 1011 sibi
1130 946 1237 1011 sed
1284 946 1466 1009 alteri
1511 946 1761 1011 innoxio
1823 946 2167 1011 faciendam
2221 950 2285 1012 et
2343 948 2723 1022 solvendam,

272 1051 495 1116 dicetne
550 1049 825 1114 validam
871 1052 1045 1114 esse?
1090 1047 1307 1113 Nonne
1364 1067 1602 1131 semper
1657 1049 1893 1112 militat
1949 1050 2160 1114 eadem
2208 1052 2391 1128 ratio,
2450 1051 2616 1132 quod
2662 1052 2725 1114 in
2829 1093 2830 1096 =

269 1153 485 1218 iniuria
516 1152 831 1228 fundetur,
859 1151 920 1215 h.
954 1171 1005 1216 e.
1041 1151 1207 1234 quod
1239 1152 1605 1233 promittens
1653 1152 1883 1216 iniuste
1914 1154 2167 1217 coactus
2207 1153 2290 1217 sit
2321 1153 2726 1236 promittere?

270 1256 321 1320 A
363 1257 514 1339 pari,
567 1274 762 1338 neque
810 1256 979 1319 Deus
1023 1257 1164 1318 rata
1210 1254 1434 1318 habere
1464 1255 1670 1337 potest
1717 1254 2076 1320 huiusmodi
2121 1257 2290 1332 vota,
2340 1257 2415 1321 ut
2461 1256 2560 1321 ius
2607 1256 2726 1321 sibi

268 1360 543 1424 oblatum
569 1377 676 1441 per
699 1359 919 1423 votum
946 1357 1239 1439 acceptet,
1267 1358 1431 1437 quod
1448 1376 1554 1440 per
1574 1357 1878 1422 iniustam
1902 1359 2285 1424 coactionem
2311 1360 2428 1424 sibi
2446 1360 2720 1425 offertur.

268 1462 450 1527 Porro
482 1460 653 1544 quod
683 1460 746 1524 in
777 1462 927 1524 voto
961 1460 1149 1534 valet,
1189 1478 1298 1523 cur
1321 1478 1442 1523 non
1479 1459 1714 1524 valebit
1746 1461 1808 1523 in
1835 1461 2231 1525 iuramento?

347 1565 519 1629 Idem
552 1563 798 1627 dicatur
829 1563 903 1627 de
932 1562 1044 1626 illa
1091 1562 1354 1635 theoria,
1388 1582 1512 1644 qua
1548 1562 1885 1636 affirmant,
1923 1563 2277 1628 iuramenta
2322 1565 2472 1628 haec
2519 1565 2726 1629 valida

272 1686 397 1732 esse
427 1665 636 1749 quoad
677 1665 1121 1751 obligationem
1154 1684 1301 1748 erga
1334 1666 1555 1740 Deum,
1589 1664 1735 1728 licet
1772 1665 2047 1729 invalida
2085 1665 2170 1729 sit
2200 1666 2528 1749 promissio
2560 1666 2727 1730 facta

267 1770 534 1835 homini:
572 1768 734 1833 unde
779 1767 1176 1843 concludunt,
1225 1768 1469 1831 01111010
1506 1769 1604 1831 ius
1651 1768 1846 1832 creari
1892 1768 2036 1833 huic
2068 1769 2307 1833 homini
2337 1771 2728 1851 extorquenti

264 1873 734 1956 promissionem
763 1871 1057 1934 iuratam.
1093 1871 1194 1933 Ita
1226 1868 1452 1934 Suarez
1486 1869 1560 1932 de.
1592 1870 1835 1933 Iuram.
1869 1871 1910 1934 l.
1954 1873 2015 1933 2.
2048 1891 2099 1934 c.
2136 1874 2196 1935 9.
2229 1893 2289 1936 n.
2327 1873 2386 1936 5.
2413 1872 2499 1937 At
2536 1872 2591 1937 si
2636 1872 2728 1935 ita

262 1978 380 2051 est,
427 1994 535 2039 cur
581 1974 794 2038 dicunt
840 1991 1075 2036 cessare
1124 1972 1567 2056 obligationem
1617 1974 1972 2050 iuramenti,
2023 1974 2077 2037 si
2122 1974 2247 2052 1110,
2288 1975 2388 2039 cui
2418 1976 2586 2038 facta
2634 1975 2729 2038 est

262 2078 615 2163 promissio,
660 2076 901 2140 relaxat
939 2076 1427 2159 obligationem?
1460 2073 1619 2154 Quid
1656 2075 1758 2139 hic
1793 2076 2107 2140 remittere
2140 2078 2367 2158 potest,
2400 2077 2454 2142 si
2483 2077 2641 2141 nihil
2672 2076 2727 2141 ei

256 2182 560 2246 debetur?
594 2179 994 2262 Respondent
1020 2178 1168 2242 ibid.
1196 2198 1255 2241 0.
1286 2177 1344 2240 6.
1376 2176 1823 2262 obligationem
1847 2179 1924 2242 ad
1949 2179 2151 2243 Deum
2175 2180 2398 2244 habere
2422 2179 2727 2243 inclusam

252 2283 699 2357 conditionem,
731 2281 791 2345 si
824 2279 1092 2344 voluerit
1118 2279 1243 2357 ille,
1293 2280 1393 2345 cui
1438 2280 1514 2342 fit
1551 2281 1900 2362 promissio.
1937 2281 2170 2345 Verum
2209 2283 2342 2360 hoc,
2377 2285 2553 2365 pute,
2588 2302 2728 2365 sup-

257 2387 434 2470 ponit
466 2405 581 2469 per
612 2382 1085 2467 promissionem
1106 2382 1201 2447 illi
1233 2382 1484 2464 aliquod
1516 2383 1614 2446 ius
1649 2382 1919 2464 acquiri:
1954 2385 2028 2446 ut
2059 2383 2284 2448 idcirco
2317 2384 2726 2448 contradictio

255 2488 568 2566 videatur,
605 2486 1077 2570 promissionem
1107 2485 1382 2549 iuratam
1411 2485 1641 2549 iniuste
1674 2486 1984 2549 extortam
2014 2486 2260 2550 nullum
2290 2487 2387 2550 ius
2420 2505 2632 2569 parere
2663 2487 2726 2551 in

247 2591 664 2676 promissario
712 2591 775 2655 et
821 2591 1027 2654 tamen
1076 2589 1400 2654 voluntate
1448 2588 1633 2653 huius
1681 2608 1919 2653 cessare
1967 2589 2099 2654 01113
2156 2589 2601 2674 obligationem
2649 2590 2727 2654 ad

247 2696 476 2761 Deum.
514 2694 589 2760 Si
631 2692 933 2777 obligatio
971 2692 1158 2756 huius
1196 2691 1532 2755 iuramenti
1570 2711 1718 2776 erga
1751 2692 1952 2755 Deum
1991 2694 2210 2767 cessat,
2250 2691 2585 2757 dummodo
2625 2712 2730 2757 vo-

246 2799 439 2864 lucrit
472 2799 613 2874 ille,
647 2796 757 2878 qui
785 2796 1026 2859 metum
1049 2794 1337 2867 incussit;
1373 2812 1519 2877 ergo
1554 2794 1720 2858 Deus
1754 2793 1898 2857 huic
1922 2794 2271 2860 iuramento
2304 2794 2727 2860 fideiussorem

236 2922 302 2966 se
335 2900 640 2984 praestat
663 2899 775 2975 ita,
810 2900 883 2962 ut
917 2916 952 2961 a
990 2897 1314 2961 voluntate
1338 2894 1535 2977 iniqui
1575 2895 1952 2978 oppressoris
1985 2896 2246 2978 pendeat
2284 2899 2541 2962 alterius
2581 2899 2731 2963 obli-

236 3005 417 3089 gatio
452 3022 616 3068 cum
646 3002 805 3077 De0;
841 2998 1005 3082 quod
1036 3016 1157 3062 non
1190 2998 1494 3062 redundat
1527 2998 1801 3081 profecto
1839 2998 1903 3061 in
1937 2999 2051 3062 Dei
2082 2999 2398 3065 honorem.

323 3108 407 3173 In
443 3123 729 3178 summa,
772 3102 1067 3185 quoniam
1101 3100 1401 3185 obligatio
1435 3102 1660 3165 horum
1690 3100 2185 3165 iuramentorum
2217 3102 2445 3167 dicitur
2476 3120 2605 3166 0330
2630 3121 2730 3168 30-

232 3211 371 3274 lum
422 3228 590 3293 erga
640 3207 860 3280 Deum,
914 3204 1196 3285 quaestio
1245 3204 1366 3267 huc
1412 3203 1589 3279 redit,
1641 3222 1718 3266 an
1767 3202 2101 3267 credendus
2149 3204 2231 3266 sit
2263 3204 2432 3268 Deus
2479 3205 2576 3269 his
2626 3224 2731 3288 per

230 3312 551 3377 iniuriam
606 3307 866 3373 extortis
918 3305 1307 3383 iuramentiS,
1357 3308 1430 3369 ut
1466 3305 1790 3369 fideiussor
1836 3304 2136 3382 accedere,
2187 3306 2315 3369 sive
2361 3308 2621 3390 probare
2669 3309 2732 3371 et

228 3417 581 3499 acceptare
634 3410 1079 3494 obligationem
1110 3412 1363 3473 eorum?
1398 3409 1588 3471 Porro
1623 3426 1782 3489 quae
1821 3407 2118 3471 hactenus
2151 3406 2437 3484 diximuS,
2473 3428 2622 3483 rem,
2657 3411 2732 3473 ut

230 3518 597 3582 minimum
629 3513 929 3589 dicamus,
969 3510 1303 3575 admodum
1336 3509 1590 3573 dubiam
1626 3510 1884 3573 faciunt.

324 3616 819 3685 Concludamus
850 3632 996 3698 ergo
1032 3615 1189 3677 hanc
1224 3612 1688 3696 obligationem,
1722 3629 1913 3691 quam
1946 3611 2254 3674 sententia
2286 3611 2603 3676 affirmans
2636 3613 2733 3677 de-

229 3724 468 3800 fendit,
504 3739 645 3785 non
677 3719 769 3783 ita
789 3717 1218 3793 demonstrari,
1253 3718 1327 3780 ut
1356 3734 1502 3778 vera
1539 3713 1950 3797 probabilitas
1973 3732 2096 3777 non
2121 3716 2365 3778 constet
2388 3715 2570 3833 alteri
2603 3734 2735 3781 sen-

225 3826 479 3892 tentiae
523 3820 816 3905 neganti.
850 3817 941 3883 Cf.
978 3840 1036 3882 n.
1077 3838 1202 3901 seq.

336 3975 640 4033 XXXVH.
668 3973 700 4025 5
725 3969 969 4036 obligaris
1005 3970 1136 4033 item,
1163 3969 1255 4023 etsi
1293 3969 1621 4023 iuramentum
1649 3968 1713 4023 sit
1739 3983 1906 4022 errore
1945 3976 2030 4022 aut
2070 3970 2184 4022 dolo
2226 3976 2490 4034 extortum,
2518 3971 2560 4025 si
2590 3975 2732 4026 dolus

221 4061 305 4118 vel
347 4076 514 4117 error
562 4063 799 4111 versetur
838 4062 1021 4109 tantum
1047 4055 1178 4108 circa
1203 4054 1589 4108 circumstantias
1628 4054 1952 4107 accidentales
1990 4069 2083 4108 non
2126 4055 2284 4120 magni
2324 4056 2555 4110 momenti
2575 4072 2592 4123 3
2621 4072 2729 4110 nam

219 4146 264 4201 si
304 4153 567 4201 versetur
602 4141 736 4195 circa
762 4140 1098 4201 substantiam,
1125 4148 1177 4193 ut
1202 4155 1249 4192 v.
1276 4154 1349 4204 gr.
1378 4140 1418 4192 si
1456 4143 1652 4193 anulum
1694 4147 1740 4193 te
1779 4141 2007 4193 daturum
2044 4139 2186 4194 alteri
2227 4143 2381 4202 10103,
2407 4148 2582 4207 putans
2621 4154 2731 4193 csse

218 4236 474 4297 terreum,
508 4241 641 4283 cum
679 4225 743 4279 sit
779 4240 974 4289 aureus,
1006 4228 1083 4278 vel
1122 4224 1251 4278 circa
1290 4224 1676 4277 circumstantias
1702 4223 1862 4288 magni
1902 4223 2148 4289 momenti,
2175 4224 2353 4289 quibus
2389 4223 2596 4288 cognitis
2637 4239 2731 4277 non

215 4315 479 4378 111133εο3,
509 4326 628 4367 non
653 4310 903 4375 obligaris.
927 4311 991 4362 V.
1017 4311 1197 4362 530011.
1221 4309 1253 4361 l.
1282 4311 1329 4361 3.
1353 4323 1396 4361 c.
1428 4311 1510 4362 Η.
1540 4324 1585 4361 n.
1617 4310 1698 4362 Η.
1726 4312 1866 4362 Suar.
1894 4314 1987 4362 etc.

312 4431 492 4506 581.
536 4431 581 4468 '¹‘
618 4425 981 4506 Quaestioni
1014 4445 1091 4491 an
1124 4426 1548 4489 iuramentum
1593 4427 1769 4489 metu
1814 4426 2128 4489 extortum
2173 4426 2400 4503 valeat,
2450 4426 2736 4491 subditur

220 4537 375 4614 alia,
419 4555 513 4599 an
555 4530 991 4594 iuramentum
1025 4528 1168 4593 dolo
1203 4529 1514 4592 extortum
1547 4527 1774 4591 valeat.
