3497 5147
306 349 417 425 [94]
1340 362 1424 401 1111
1462 361 1730 402 namnam
2702 348 2773 401 65

310 462 597 546 opinione
633 461 707 525 de
738 460 979 525 defectu
1010 458 1500 535 infallibilitatis,
1536 458 1754 539 utique
1792 457 1911 523 iste
1942 458 2061 523 erit
2098 459 2470 536 haereticus;
2521 459 2625 523 sed
2656 459 2775 523 hoc

308 565 630 649 proveniet
654 583 724 627 311
742 565 1106 646 contemptu
1121 561 1590 627 infallibilitatis
1608 560 1936 637 Ecclesiae,
1964 580 2153 642 (1113111
2173 565 2395 646 negat:
2421 562 2538 627 hoc
2563 562 2774 627 autem

308 668 520 731 abesse
552 667 762 749 potest
794 665 871 728 ab
904 664 1260 749 ignorantia
1292 664 1482 730 etiam
1514 664 1825 727 affectata.

491 768 560 831 2⁰
592 765 656 831 Si
694 766 1053 851 ignorantia
1086 767 1407 831 affectetur
1454 765 1532 829 ad
1565 765 1748 829 finem
1786 765 2041 830 liberius
2080 766 2345 843 errandi,
2396 766 2776 851 distinguen-

308 871 460 935 dum
484 872 599 934 est.
631 868 797 933 Nam
829 868 883 932 si
914 888 985 933 eo
1012 869 1219 933 animo
1252 870 1366 945 est,
1395 872 1468 934 ut
1498 868 1747 933 etiamsi
1771 870 2087 934 constaret
2108 869 2181 932 de
2215 873 2420 934 mente
2443 869 2771 945 Ecclesiae,

309 974 507 1038 nollet
537 992 574 1036 a
606 991 721 1036 sua
753 971 1038 1054 opinione
1076 971 1376 1036 dimoveri
1400 973 1462 1035 et
1496 971 1634 1035 vult
1665 971 1953 1055 ignorare
1999 989 2250 1035 sensum
2295 971 2603 1037 Ecclesiae
2635 970 2772 1035 ideo

308 1076 535 1151 solum,
578 1075 651 1138 ut
697 1074 855 1138 vitet
900 1092 1244 1138 remorsum
1291 1074 1700 1137 conscientiae
1748 1093 1821 1136 ac
1863 1074 2168 1138 minorem
2214 1074 2564 1157 experiatur
2611 1074 2775 1138 diffi-

308 1179 639 1253 cultatem3
674 1179 824 1241 tunc
853 1195 977 1240 non
1009 1177 1249 1241 vitatur
1286 1175 1575 1252 haeresis,
1610 1176 1760 1258 quia
1797 1176 1861 1240 in
1895 1196 1967 1241 ea
1992 1176 2393 1259 dispositione
2427 1176 2618 1242 animi
2649 1196 2773 1241 non

309 1280 521 1364 potest
549 1278 764 1343 haberi
787 1278 1079 1342 voluntas
1111 1278 1320 1342 debita
1358 1298 1420 1341 se
1452 1278 1812 1343 subiiciendi
1851 1279 2159 1345 Ecclesiae
2192 1280 2578 1363 proponenti.

492 1384 562 1445 3ο
598 1381 771 1445 Idem
804 1381 1127 1446 dicendum
1175 1381 1439 1459 videtur,
1479 1382 1533 1446 si
1568 1382 1926 1466 ignorantia
1958 1382 2300 1459 affectetur,
2335 1386 2407 1448 ut
2452 1385 2775 1466 peccatum

313 1486 399 1549 sit
442 1484 642 1548 levius
688 1484 752 1547 et
789 1483 1173 1548 dissonantia
1222 1483 1300 1547 ab
1344 1483 1653 1548 Ecclesiae
1700 1503 1883 1549 sensu
1916 1484 2191 1566 aliquam
2229 1486 2458 1550 habeat
2490 1504 2561 1549 ex
2605 1485 2778 1568 igno-

312 1587 518 1651 rantia
564 1586 1043 1651 excusationem.
1094 1584 1257 1649 Nam
1304 1586 1454 1650 haec
1491 1604 1738 1667 quoque
1786 1586 2109 1670 dispositio
2158 1587 2455 1670 supponit
2499 1586 2779 1652 animum

309 1690 607 1772 paratum
645 1687 724 1751 ad
755 1706 879 1751 non
914 1687 1427 1768 acquiescendum
1464 1687 1774 1752 Ecclesiae
1806 1687 2056 1752 iudicio.

496 1792 566 1852 4⁰
598 1788 663 1854 Si
692 1807 838 1854 vero
873 1789 1118 1853 affectes
1152 1789 1593 1874 ignorantiam,
1628 1792 1702 1853 ut
1736 1790 1993 1854 liberius
2026 1810 2135 1854 seu
2167 1791 2296 1855 sine
2326 1809 2606 1855 remorsu
2642 1809 2781 1855 con-

320 1892 613 1957 scientiae
652 1910 875 1974 pecceS,
911 1911 969 1955 v,
1002 1912 1065 1977 g.
1101 1893 1175 1955 ut
1205 1891 1451 1975 ignores
1499 1891 1691 1957 etiam
1737 1894 2064 1976 praecepta
2110 1892 2502 1971 ieiuniorum,
2551 1892 2782 1958 confes·

315 1993 514 2058 sionis
545 1994 682 2069 etc„
716 1993 811 2057 vel
848 1994 1038 2058 etiam
1074 1993 1221 2075 quia
1252 1994 1307 2058 si
1338 1994 1411 2057 de
1442 2013 1629 2058 sensu
1659 1995 1967 2059 Ecclesiae
2001 1997 2333 2075 constaret,
2368 2014 2490 2059 non
2525 1996 2781 2061 auderes

310 2098 377 2161 te
422 2095 521 2159 illi
553 2114 855 2179 opponere
889 2098 950 2160 et
980 2096 1119 2161 ideo
1146 2097 1240 2161 vis
1270 2098 1580 2182 ignorare,
1617 2100 1690 2160 ut
1720 2098 1851 2163 sine
1885 2099 2206 2164 obstaculo
2241 2098 2469 2163 audeas
2495 2098 2780 2181 propriae

311 2199 593 2284 opinioni
618 2199 980 2275 adhaerere;
1015 2203 1166 2265 tunc
1196 2199 1489 2276 (1103111118,
1515 2202 1960 2285 gravissimum
1983 2202 2231 2284 quidem
2263 2221 2395 2266 esse
2425 2202 2776 2284 peccatum:

309 2302 472 2367 hanc
497 2303 708 2365 tamen
724 2301 1147 2385 ignorantiam
1167 2322 1203 2366 a
1226 2303 1565 2386 pertinacia
1584 2306 1648 2367 et
1664 2304 1903 2369 haeresi
1927 2323 2244 2381 excusare3
2262 2304 2413 2386 quia
2428 2304 2490 2367 te
2509 2303 2782 2368 ostendis

309 2404 609 2488 paratum
642 2402 720 2467 ad
752 2402 1138 2482 credendum,
1174 2404 1282 2468 ubi
1314 2405 1595 2469 doctrina
1626 2405 1935 2471 Ecclesiae
1967 2405 2344 2470 sufficienter
2375 2407 2778 2488 proponatur.

310 2505 393 2572 Et
423 2505 679 2589 quidem
725 2505 997 2590 primum
1045 2507 1393 2591 exemplum
1425 2507 1603 2573 affert
1633 2508 1827 2572 etiam
1859 2506 2151 2586 Sanchez,
2191 2508 2301 2591 qui
2329 2508 2531 2593 reipsa
2577 2507 2783 2590 quoad

312 2609 740 2674 substantiam
774 2629 810 2673 a
842 2608 1143 2687 doctrina,
1183 2630 1371 2694 (1113111
1409 2611 1866 2696 proposuimus),
1902 2631 2022 2677 non
2055 2612 2334 2678 discedit.

407 2709 567 2775 Cum
590 2730 737 2776 vero
764 2710 1027 2775 dicimus
1047 2712 1466 2796 ignorantiam
1499 2714 1855 2778 affectatam
1870 2733 2179 2790 excusare,
2208 2713 2268 2778 id
2306 2714 2781 2800 intelligendum

313 2816 415 2879 est
448 2833 568 2878 non
615 2814 689 2879 de
727 2834 899 2879 mera
944 2814 1302 2900 ignorantia
1333 2834 1690 2898 poenarum,
1725 2816 1832 2881 sed
1862 2816 1935 2880 de
1965 2818 2323 2902 ignorantia
2354 2816 2670 2883 doctrinae
2704 2817 2784 2882 ab

309 2916 629 2980 Ecclesiae
660 2915 969 2994 definitae,
1005 2917 1105 2980 cui
1138 2917 1215 2981 ob
1247 2917 1669 3001 ignorantiam
1701 2919 1842 3000 quis
1873 2919 2277 2984 contradicat.

340 2999 365 3026 ‘
401 3013 533 3089 94.
570 3014 1029 3100 Consequenter
1077 3019 1154 3082 ad
1201 3020 1549 3084 doctrinam
1602 3021 1912 3085 statutam
1960 3021 2243 3105 superius
2296 3042 2356 3085 n.
2410 3023 2557 3087 140.
2604 3021 2785 3106 Lugo

303 3122 469 3207 disp.
499 3121 605 3184 20.
625 3139 685 3183 n.
714 3120 861 3184 197.
890 3139 1056 3202 seqq.
1084 3125 1309 3200 censet,
1334 3123 1761 3207 ignorantiam
1784 3141 2057 3188 crassam
2080 3125 2407 3188 autetiam
2431 3124 2787 3190 affectatam

302 3226 477 3290 circa
529 3224 973 3288 auctoritatem
1018 3224 1346 3304 Ecclesiae,
1396 3246 1684 3292 excusare
1741 3247 1778 3291 a
1824 3228 2186 3311 pervicacia,
2237 3247 2394 3310 quae
2441 3229 2518 3293 ad
2563 3229 2789 3294 consti-

302 3326 615 3393 tuendam
639 3325 944 3392 haeresim
969 3329 1313 3393 necessaria
1346 3329 1468 3407 est3
1504 3329 1656 3394 adeo
1681 3331 1757 3394 ut
1786 3329 2064 3412 quandiu
2102 3348 2222 3395 non
2255 3333 2636 3414 proponatur
2665 3330 2789 3414 ipsi

302 3429 698 3495 sufficienter
731 3430 1075 3495 auctoritas
1106 3430 1414 3496 Ecclesiae
1445 3433 1699 3515 eiusque
1729 3432 2148 3497 infallibilitas
2170 3432 2233 3496 111
2259 3432 2652 3510 decernendo,
2678 3433 2788 3499 du-

297 3536 490 3599 rante
524 3551 597 3596 33
628 3531 1007 3616 ignorantia,
1034 3534 1309 3599 nondum
1340 3535 1675 3600 censendus
1706 3535 1792 3599 sit
1823 3535 2190 3613 haereticuS,
2223 3535 2331 3618 qui
2356 3536 2453 3599 vel
2476 3535 2786 3601 Ecclesiae

296 3632 832 3700 infallibilitatem
866 3635 963 3700 vel
993 3635 1220 3701 idcirco
1255 3636 1425 3700 aliud
1459 3637 1538 3700 ab
1569 3637 1703 3718 ipsa
1739 3636 2016 3701 Ecclesia
2054 3637 2446 3719 propositum
2489 3637 2696 3721 neget.

394 3738 595 3803 Ratio
642 3740 756 3816 est,
808 3740 975 3823 quia,
1026 3743 1100 3807 ut
1148 3741 1239 3806 ait
1270 3740 1449 3826 Lugo
1482 3741 1629 3805 ibid.
1663 3761 1723 3804 n.
1764 3741 1934 3817 198„
1986 3741 2093 3822 qui
2138 3741 2328 3805 habet
2362 3741 2788 3825 ignorantiam

300 3839 477 3905 circa
526 3841 951 3907 definitionem
997 3846 1060 3908 et
1105 3843 1595 3931 propositionem
1633 3843 1962 3920 Ecclesiae,
2012 3842 2149 3908 ideo
2197 3844 2472 3909 nondum
2519 3846 2617 3909 est
2661 3865 2791 3928 per-

298 3945 487 4009 tinax
534 3965 645 4010 nec
681 3946 1062 4022 haereticus;
1112 3946 1260 4028 quia
1299 3948 1508 4029 potest
1554 3946 1757 4011 adhuc
1802 3946 2026 4011 habere
2073 3946 2465 4012 voluntatem
2510 3947 2793 4013 credendi

301 4047 622 4131 quidquid
668 4046 942 4112 Ecclesia
997 4047 1415 4131 proposuerit:
1476 4069 1513 4112 a
1558 4048 1695 4133 pari
1743 4050 1956 4114 autem
2015 4048 2125 4131 qui
2178 4048 2431 4132 ignorat
2484 4050 2794 4115 Ecclesiae

303 4149 786 4226 auctoritatem,
821 4151 1029 4233 potest
1064 4149 1263 4215 adhuc
1309 4150 1533 4216 habere
1580 4150 1973 4216 voluntatem
2018 4151 2373 4235 captivandi
2404 4152 2793 4218 intellectum

301 4251 367 4314 in
421 4249 800 4332 obsequium
845 4250 986 4315 fidei
1034 4251 1279 4316 divinae
1317 4254 1381 4317 et
1428 4253 1690 4319 firmiter
1734 4253 2020 4318 credendi
2064 4253 2366 4335 quidquid
2410 4254 2788 4319 sufficienter

304 4352 711 4437 propositum
760 4350 946 4416 fuerit
994 4354 1089 4418 uti
1137 4355 1485 4421 revelatum
1531 4378 1567 4420 a
1616 4357 1766 4420 Deo.
1819 4355 1984 4440 Ergo
2031 4374 2142 4419 nec
2179 4355 2297 4421 iste
2327 4356 2447 4421 erit
2491 4355 2786 4433 infidelis;

304 4474 516 4537 neque
565 4453 729 4518 enim
777 4453 925 4518 fides
974 4456 1270 4539 perditur,
1306 4458 1425 4522 nisi
1464 4479 1570 4543 per
1614 4477 1924 4523 recessum
1963 4459 2041 4523 ab
2073 4458 2310 4523 obiecto
2344 4458 2591 4523 formali
2622 4457 2783 4532 fidei,

306 4556 487 4642 quod
522 4558 619 4622 est
651 4556 957 4623 veracitas
996 4560 1060 4624 31
1096 4560 1453 4625 testificatio
1486 4561 1621 4625 Dei.

488 4676 773 4730 Emeum,
803 4653 973 4723 Πυθία.
1004 4678 1153 4720 Tomo
1181 4677 1248 4720 ΙΙ.
2609 4680 2639 4720 5
