3497 5147
320 372 427 449 [41]
554 384 884 429 conr-neem
920 385 1226 426 mxi-amon
1263 385 1436 426 mum
1473 386 1860 441 Quamnam,
1901 385 2154 435 QUANDO
2189 385 2551 429 PRABOEPTA
2720 371 2794 424 25

426 484 565 537 XVI.
606 484 754 548 Resp.
794 483 844 534 2.
882 484 1202 548 Praeceptum
1239 481 1454 535 exterius
1493 483 1634 537 fldem
1673 483 1937 541 confitendi
1980 483 2085 537 iure
2125 482 2335 536 naturali
2371 481 2557 547 obligat
2602 481 2792 551 duplici

315 583 451 626 casn.
474 566 664 621 scilicet
687 581 797 620 cum
827 568 906 619 vel
932 570 1091 619 honor
1122 568 1225 620 Deo
1265 566 1462 621 debitus
1502 570 1578 621 vel
1622 567 1806 621 utilitas
1834 567 2059 635 proximo
2086 567 2408 634 impendenda
2437 566 2679 633 privative
2707 568 2787 622 vel

318 652 563 708 contrarie
602 654 995 706 subtraheretur.
1034 650 1149 704 Dixi
1183 651 1496 721 privative:
1538 660 1591 704 ut
1629 653 1672 706 si
1706 654 1820 706 ideo
1860 660 2074 706 cessaret
2107 668 2309 717 magnus
2349 656 2504 704 honor
2542 652 2590 704 in
2633 646 2789 705 Deum

321 743 396 791 vel
449 736 633 791 utilitas
673 738 722 790 in
764 736 1042 803 proximum
1085 738 1377 789 redundans.
1424 736 1540 790 Dixi
1584 738 1898 792 contrarie:
1942 744 1993 790 ut
2033 737 2075 790 si
2114 736 2297 803 alioqui
2347 738 2482 790 Deus
2520 740 2791 790 afficeretur

321 822 495 875 iniuria
524 826 600 875 vc!
630 822 887 887 proximus
910 820 1049 885 gravi
1078 823 1224 883 malo,
1250 835 1296 873 v.
1319 835 1391 884 gr.
1413 820 1455 874 si
1484 820 1598 874 inde
1626 823 1862 887 penderet
1887 821 2098 875 aliorum
2125 820 2386 874 conversio
2407 828 2493 874 ant
2517 821 2788 887 perversio,

322 914 628 974 contemptus
667 905 951 971 Religionis,
982 908 1265 960 scandalum
1303 912 1397 960 etc.
1426 906 1570 960 Ratio
1609 905 1948 973 responsionis
1984 914 2077 968 est,
2105 906 2217 972 quia
2260 912 2398 960 actus
2437 906 2637 960 virtutis
2673 912 2789 961 tnnc

326 992 518 1045 videtur
553 999 862 1059 praeceptus,
888 994 1083 1057 qnando
1108 998 1183 1045 est
1210 982 1517 1052 noeessarius
1539 993 1600 1044 ad
1636 993 1779 1043 finem
1809 990 2070 1058 praecepti,
2089 993 2228 1057 ,quod
2261 989 2338 1043 bic
2375 989 2636 1054 contingit;
2673 990 2785 1056 quia

322 1076 431 1130 finis
455 1076 701 1142 praecepti
733 1083 808 1130 est
832 1074 1040 1129 Caritas
1068 1079 1117 1129 S.
1145 1078 1238 1129 Tu.
1266 1078 1313 1128 2.
1344 1077 1390 1128 2,
1417 1091 1463 1140 q.
1491 1077 1538 1128 3.
1568 1090 1610 1127 a.
1642 1078 1688 1127 2.
1717 1078 1858 1129 Suar.
1894 1077 2010 1138 neg.
2040 1076 2145 1129 Fill.
2178 1083 2236 1127 tr.
2267 1078 2351 1127 22.
2379 1090 2420 1128 c.
2451 1077 2500 1127 3.
2529 1090 2574 1139 q.
2607 1076 2651 1127 1.

410 1199 537 1275 40.
572 1202 1033 1269 Confessionem
1086 1203 1227 1266 fidei
1276 1203 1486 1267 actum
1533 1222 1664 1267 esse
1719 1203 2038 1285 proprium
2086 1202 2339 1267 virtutis
2391 1200 2552 1278 fidei,
2603 1200 2783 1264 facile

323 1325 532 1372 omnes
563 1306 937 1371 concedunt:
963 1325 1088 1389 qua
1118 1305 1193 1368 de
1222 1323 1287 1369 re
1310 1305 1516 1369 confer
1540 1304 1855 1369 subtiliter
1877 1304 2300 1387 disputantem
2315 1304 2494 1387 Lugo
2521 1303 2595 1366 de
2619 1301 2782 1366 Fide

319 1410 472 1493 disp.
513 1412 613 1473 14.
650 1410 797 1475 sect.
837 1410 893 1473 1.
933 1407 1113 1474 Certe
1159 1410 1254 1473 est
1302 1411 1479 1474 actus
1525 1408 1794 1473 hominis
1841 1408 2057 1487 fidelis,
2111 1428 2234 1491 qua
2282 1409 2428 1472 talis
2477 1410 2591 1485 est,
2641 1427 2781 1473 con·

318 1512 500 1581 fessio
530 1511 675 1576 fidei
704 1512 980 1592 inquam,
1006 1530 1128 1575 non
1153 1510 1411 1593 simplex
1444 1511 1653 1592 aliqua
1685 1512 2011 1595 expressiO,
2039 1531 2197 1593 quae
2224 1530 2327 1576 ore
2358 1510 2489 1585 fiat,
2526 1511 2776 1575 articuli

317 1614 606 1678 revelati:
641 1631 790 1697 ergo
823 1632 894 1677 ea
927 1615 1023 1678 est
1060 1613 1236 1678 actus
1267 1612 1428 1676 fidei.

406 1717 493 1780 De
538 1716 902 1780 necessitate
949 1714 1275 1797 profitendi
1329 1715 1511 1780 fidem
1566 1717 1758 1779 etiam
1795 1715 2064 1779 exterius
2116 1733 2295 1779 nemo
2343 1714 2620 1787 dubitat;
2669 1715 2777 1778 sed

314 1817 651 1883 difficultas
697 1819 792 1882 est
835 1817 899 1882 in
948 1818 1321 1901 assignando
1368 1819 1665 1901 tempore,
1714 1836 1838 1898 quo
1885 1817 1999 1881 hoc
2070 1817 2468 1899 praeceptum
2514 1816 2772 1901 obligat.

316 1919 546 1984 Suarez
577 1919 653 1982 de
688 1918 845 1983 Fide
874 1920 1031 2003 disp.
1078 1921 1179 1982 14.
1215 1920 1362 1983 sect.
1398 1922 1457 1983 2.
1501 1940 1559 1983 n.
1601 1922 1656 1983 1.
1695 1921 1754 1983 2.

403 2022 497 2086 Ob
528 2022 875 2087 claritatem
909 2023 1133 2105 duplex
1167 2022 1472 2106 distingui
1507 2024 1714 2105 potest
1751 2021 1892 2085 fidei
1930 2020 2231 2086 confessio
2264 2040 2373 2085 seu
2410 2022 2660 2086 externa
2697 2022 2776 2085 si-

308 2125 647 2209 gnificatio,
681 2144 840 2206 quae
871 2125 1121 2207 quidem
1151 2144 1273 2189 non
1307 2125 1510 2189 solum
1557 2125 1779 2201 verbiS,
1815 2123 1921 2188 sed
1966 2125 2033 2188 et
2079 2124 2321 2188 actibus
2359 2124 2451 2200 fit,
2477 2124 2662 2188 sicuti
2710 2126 2775 2188 et

307 2227 922 2393 fidilildeffltlgriahls
974 2330 1086 2405 est,
1122 2347 1281 2410 quae
1327 2328 1401 2392 fit
1441 2330 1728 2393 exercitio
1779 2330 2037 2393 alterius
2084 2330 2357 2404 virtutis,
2407 2329 2514 2394 sed
2561 2330 2768 2393 tamen

305 2432 505 2515 reipsa
543 2432 823 2496 continet
851 2432 1167 2496 externam
1214 2431 1355 2495 fidei
1402 2432 1678 2496 internae
1725 2431 2262 2515 significationem,
2304 2452 2362 2494 v,
2397 2452 2489 2515 gr.
2542 2432 2769 2497 sacrifi-

304 2554 440 2601 care
478 2537 630 2613 Deo,
679 2535 844 2619 quod
891 2536 987 2600 est
1016 2534 1319 2617 quaedam
1367 2535 1663 2618 professio
1697 2536 1886 2616 atque
1924 2533 2074 2598 adeo
2108 2532 2408 2598 confessio
2440 2532 2583 2598 fidei
2612 2534 2769 2598 chri·

305 2642 712 2805 8¹:121&ss
742 2760 887 2806 vero
925 2741 1223 2806 confessio
1256 2743 1370 2817 est,
1411 2741 1657 2823 quando
1691 2761 1797 2824 per
1835 2760 1898 2805 se
1930 2742 1994 2804 et
2025 2759 2096 2803 ex
2142 2739 2374 2804 directa
2419 2739 2764 2804 intentione

299 2845 619 2908 externum
672 2844 931 2907 verbum
992 2843 1088 2906 vel
1141 2844 1409 2926 signum·
1437 2843 1698 2924 quodvis
1754 2843 1886 2918 fiat,
1944 2842 2022 2905 ad
2084 2840 2524 2906 ostendendam
2577 2840 2762 2904 fidem

300 2948 703 3130 mtgtngtlzad
740 3048 1129 3112 materialem
1158 3046 1300 3111 fidei
1333 3047 1775 3129 professionem
1822 3047 1996 3110 nulla
2044 3046 2141 3110 est
2186 3045 2545 3109 difficultas.
2594 3044 2759 3109 Nam

294 3151 540 3231 quoties
578 3149 945 3215 exercendus
976 3151 1095 3215 erit
1132 3151 1309 3214 actus
1344 3149 1664 3234 religionis
1695 3168 1768 3213 ex
1802 3149 2200 3232 obligatione,
2239 3147 2427 3212 toties
2465 3147 2641 3212 adest
2663 3165 2762 3212 ne-

293 3252 551 3316 cessitas
584 3272 695 3317 seu
742 3253 1045 3337 obligatio
1080 3253 1406 3336 profitendi
1445 3253 1714 3317 exterius
1748 3252 1966 3326 fidem3
2001 3251 2164 3315 sicut
2195 3253 2258 3314 et
2304 3250 2606 3334 magister
2651 3251 2760 3332 qui

295 3357 584 3419 teneatur
627 3356 725 3420 vel
772 3376 804 3420 e
851 3356 1096 3439 pulpito
1147 3357 1242 3421 vel
1281 3376 1313 3419 e
1347 3355 1641 3421 cathedra
1688 3356 1904 3420 docere
1951 3354 2357 3419 christianam
2388 3354 2754 3418 doctrinam.

293 3455 410 3522 Sed
442 3458 596 3523 haec
632 3459 928 3541 professio
959 3459 1227 3542 pertinet
1260 3458 1337 3523 ad
1361 3459 1485 3522 alia
1510 3460 1838 3541 praecepta
1869 3461 1932 3521 et
1962 3459 2242 3540 superest
2267 3456 2467 3521 adhuc
2490 3456 2758 3521 difficul-

294 3563 412 3633 tas,
445 3560 696 3643 quando
756 3562 942 3625 homo
986 3561 1299 3645 obligetur
1343 3581 1413 3624 ex
1466 3561 1793 3644 praecepto
1853 3560 1995 3624 fidei
2042 3579 2149 3643 per
2194 3578 2258 3622 se
2305 3557 2384 3622 ad
2428 3558 2754 3623 formalem

292 3662 568 3727 eiusdem
607 3662 1066 3747 professionem.
1108 3661 1334 3727 Suarez
1368 3663 1514 3726 ibid.
1544 3684 1602 3726 n.
1645 3664 1705 3725 3.

385 3759 488 3832 41.
526 3763 956 3829 Communiter
1001 3783 1147 3849 ergo
1196 3764 1477 3829 doctores
1524 3764 1647 3828 duo
1696 3766 1942 3829 tantum
1981 3765 2260 3845 tempora
2284 3762 2468 3826 huius
2519 3763 2755 3849 obliga·

291 3865 483 3929 tionis
516 3868 857 3952 assignant,
892 3887 1049 3948 quae
1075 3869 1137 3931 et
1170 3868 1247 3931 ab
1272 3867 1542 3931 Auctore
1572 3866 1958 3931 indicantur:
1999 3868 2065 3929 1⁰
2097 3865 2342 3948 quando
2375 3865 2571 3931 honor
2618 3868 2749 3933 Deo

286 3966 532 4034 debitus
579 3970 775 4055 exigit
820 3970 899 4034 ab
946 3971 1192 4035 homine
1239 3969 1381 4034 fidei
1427 3969 1899 4034 confessionem:
1938 3972 2006 4034 2⁰
2037 3967 2375 4051 quandoid
2414 3969 2608 4053 exigit
2632 3970 2754 4035 uti-

288 4070 433 4135 litas
465 4069 749 4155 proximi.

372 4174 698 4240 Advertite
731 4177 960 4255 autem,
997 4177 1176 4260 plura
1207 4177 1343 4241 heic
1374 4176 1514 4253 dici,
1541 4194 1702 4258 quae
1725 4176 2079 4240 communia
2109 4175 2260 4238 sunt
2291 4174 2368 4238 ad
2393 4175 2752 4239 solvendam

285 4276 474 4341 etiam
506 4278 955 4360 quaestionem,
1005 4298 1163 4361 quae
1201 4279 1572 4362 proponitur
1606 4280 1813 4362 capite
1868 4278 2169 4360 sequenti,
2211 4278 2342 4341 scil.
2392 4278 2466 4342 de
2513 4278 2756 4363 obliga-

285 4378 451 4443 tione
487 4380 798 4463 praecepti
830 4383 1138 4463 quatenus
1176 4381 1539 4466 negativum
1572 4383 1685 4445 est.

373 4479 551 4559 Quod
580 4481 829 4560 dicitur,
863 4502 978 4549 nos
1012 4483 1276 4568 obligari
1324 4483 1401 4547 ad
1444 4483 1587 4547 fidei
1644 4482 2102 4566 professionem,
2153 4481 2399 4563 quando
2446 4481 2509 4544 id
2556 4480 2751 4562 exigit

286 4580 528 4647 debitus
567 4585 697 4649 Deo
736 4584 932 4649 honor
964 4585 1078 4649 aut
1108 4585 1369 4668 proximi
1402 4586 1666 4662 utilitas,
1700 4584 1991 4667 explicari
2022 4584 2431 4648 communiter
2464 4583 2550 4646 sic
2588 4579 2747 4643 solet
