3497 5147
320 387 451 463 1271]
877 399 961 440 Dm
997 399 1333 442 scaurum.
1373 401 1456 442 AN
1495 401 1703 442 norum
1743 401 2149 444 omn-‘nmmum
2656 393 2762 447 197

318 499 643 587 egrediendi
677 500 881 574 dom0,
923 498 1129 563 standi
1168 499 1245 562 ad
1278 498 1510 563 ostium
1556 497 1725 562 domi
1756 498 1855 562 vel
1890 498 2209 577 fenestrae,
2245 499 2619 564 discurrendi
2655 521 2762 584 per

315 603 615 668 civitatem
643 605 758 666 etc.
774 600 982 677 Ratio,
1009 600 1158 682 quia
1181 600 1326 665 licet
1350 601 1530 664 detur
1556 600 1793 665 amasio
1821 601 2058 666 occasio
2086 601 2162 664 ad
2187 601 2757 684 concupiscendum,

318 706 452 770 haec
479 703 765 788 provenit
796 721 867 767 ex
897 702 1083 767 huius
1113 702 1391 779 malitia;
1427 705 1522 766 est
1553 722 1699 787 ergo
1733 704 1974 768 occasio
2007 705 2258 786 accepta
2291 706 2354 768 et
2386 724 2506 770 non
2540 705 2689 770 data
2723 725 2759 768 a

318 807 573 883 muliere,
610 824 769 888 quae
800 805 1004 870 utitur
1035 805 1168 869 iure
1200 824 1333 869 suo.
1362 805 1585 888 Excipe
1612 805 1729 869 nisi
1766 806 1914 869 data
1949 824 2133 890 opera
2163 807 2389 871 mulier
2420 827 2483 871 se
2517 809 2763 872 offerret

318 908 578 992 aspectui
609 907 850 984 amasii,
878 906 1050 970 illius
1083 907 1309 970 amoris
1344 908 1606 984 conscia,
1634 907 1782 971 licet
1811 907 1992 972 illum
2024 927 2145 973 non
2177 909 2543 974 intenderet.
2572 910 2758 975 Secus

318 1011 365 1075 si
385 1012 491 1076 hoc
521 1011 676 1075 facit
705 1010 930 1087 solum,
958 1011 1031 1073 ut
1062 1028 1175 1073 sua
1199 1009 1485 1074 libertate
1508 1009 1758 1074 fruatur
1789 1010 2046 1075 exeundi
2069 1011 2274 1076 domo,
2301 1011 2532 1077 Exinde
2557 1013 2758 1077 Diana

310 1114 401 1177 uti
430 1133 705 1177 severam
738 1114 914 1176 taxat
950 1112 1297 1177 doctrinam
1344 1111 1721 1190 confessarii,
1757 1112 1866 1195 qui
1888 1113 2141 1176 nolebat
2187 1113 2504 1178 absolvere
2537 1115 2654 1179 hac
2684 1115 2758 1180 de

316 1234 485 1280 causa
510 1216 782 1280 nobilem
806 1213 1101 1278 feminam
1122 1232 1294 1278 more
1318 1214 1584 1278 aliarum
1610 1218 1896 1279 ornatam
1921 1214 2364 1282 discurrentem
2390 1237 2494 1301 per
2519 1220 2753 1283 urbem.

396 1318 816 1383 Veruntamen
864 1318 1064 1381 Diana
1110 1318 1152 1380 1.
1180 1336 1229 1381 c.
1258 1335 1373 1381 res.
1404 1318 1504 1382 10.
1532 1338 1592 1380 n.
1621 1319 1681 1381 2.
1709 1318 1920 1402 potius
1969 1318 2204 1383 accedit
2253 1318 2330 1384 ad
2376 1320 2757 1402 praedictam

314 1420 634 1485 secundam
656 1419 1026 1485 sententiam
1049 1419 1237 1499 (unde
1265 1438 1385 1484 non
1409 1419 1566 1484 falso
1592 1440 1736 1484 eum
1759 1419 1996 1484 Auctor
2019 1421 2222 1503 citat),
2240 1421 2389 1485 licet
2411 1440 2533 1485 non
2565 1421 2752 1499 dicat,

311 1524 573 1602 yraviter
618 1541 886 1606 peccare.
920 1522 1002 1585 Et
1038 1521 1241 1585 causis
1289 1522 1724 1585 excusantibus
1773 1541 1881 1585 seu
1913 1522 2261 1586 rationibus
2310 1522 2585 1587 scandali
2617 1543 2754 1588 con-

305 1625 603 1689 temnendi
654 1625 932 1689 accenset
976 1624 1167 1688 etiam
1213 1622 1669 1701 rusticationes,
1710 1623 2242 1688 deambulationes
2289 1625 2351 1687 et
2389 1625 2545 1689 alias
2595 1626 2755 1689 oble·

307 1726 619 1805 ctationes,
655 1727 787 1790 sine
823 1726 1047 1808 quibus
1079 1727 1210 1789 vita
1255 1725 1520 1790 molesta
1551 1727 1644 1789 est
1681 1724 1975 1807 additque
2023 1744 2153 1789 esse
2191 1727 2540 1791 occasiones
2573 1728 2751 1792 valde

301 1832 563 1894 remotas
584 1832 649 1895 et
680 1828 1014 1914 generales,
1040 1829 1103 1892 in
1136 1828 1362 1910 quibus
1395 1827 1595 1891 oritur
1616 1829 1938 1909 peccatum
1970 1846 2041 1890 ex
2066 1826 2309 1891 malitia
2340 1828 2550 1910 potius
2576 1847 2751 1893 scan-

302 1929 568 2008 dalizati,
604 1951 789 2013 quam
820 1930 1102 1995 feminae.

387 2032 615 2097 Tamen
650 2032 820 2097 addit
850 2033 1266 2115 exceptionem
1297 2031 1463 2114 quod
1487 2031 1676 2095 semel
1707 2033 1821 2095 aut
1853 2031 2081 2096 iterum
2120 2051 2226 2095 seu
2260 2032 2472 2115 paucis
2511 2033 2748 2098 vicibus

300 2133 581 2199 teneatur
614 2135 946 2210 abstinere;
981 2134 1132 2214 quia
1162 2134 1298 2197 sine
1344 2132 1627 2197 molestia
1671 2133 1874 2213 pravi,
1909 2133 1970 2197 id
2003 2135 2227 2217 potest.
2269 2134 2380 2198 Sed
2417 2134 2490 2199 de
2536 2136 2653 2200 hac
2682 2156 2747 2201 re

292 2235 424 2300 vide
468 2256 605 2320 sup.
657 2237 824 2301 dicta
869 2257 929 2300 n.
979 2238 1129 2300 266.
1179 2235 1368 2312 Adde,
1418 2236 1581 2318 quod
1628 2236 1738 2300 ubi
1782 2236 2128 2318 frequentia
2175 2237 2389 2321 populi
2436 2239 2547 2315 est,
2597 2240 2749 2305 haec

294 2339 555 2421 pericula
606 2359 951 2421 numquam
997 2339 1254 2404 desunt:
1304 2358 1425 2403 non
1474 2340 1569 2403 est
1614 2358 1762 2423 ergo
1810 2338 1991 2415 rati0‚
2042 2358 2152 2402 cur
2198 2339 2442 2403 conscia
2490 2342 2746 2423 periculi

286 2442 464 2506 unius
495 2442 831 2526 specialem
876 2441 1062 2506 huius
1092 2461 1306 2506 curam
1336 2441 1582 2505 habeat.

375 2542 824 2612 Cohaerentius
856 2544 1080 2611 Suarez
1114 2545 1398 2610 absolute
1435 2543 1586 2609 dicit
1617 2543 1690 2608 de
1737 2541 1885 2610 C'ar.
1919 2543 2074 2629 disp.
2121 2546 2223 2611 10.
2259 2547 2405 2610 sect.
2435 2547 2495 2611 3.
2524 2566 2581 2611 n.
2615 2548 2740 2613 10.:

288 2673 327 2708 «ι
358 2648 420 2714 Si
452 2653 717 2715 ornatus
749 2650 833 2714 sit
862 2648 1220 2713 moderatus
1251 2652 1314 2713 et
1345 2648 1580 2725 decens,
1608 2668 1715 2730 per
1745 2666 1810 2713 se
1841 2667 1962 2714 non
1996 2650 2242 2714 tenetur
2265 2649 2633 2733 (dimittere)
2667 2651 2741 2715 ad

286 2751 605 2817 vitandum
652 2751 1044 2827 scandalum3
1079 2751 1225 2831 quia
1258 2749 1331 2814 de
1363 2768 1427 2814 se
1459 2752 1636 2814 actus
1667 2769 1791 2814 non
1830 2752 1924 2814 est
1955 2753 2159 2815 malus
2192 2771 2386 2834 neque
2417 2751 2605 2816 habet
2637 2772 2743 2836 per

278 2873 341 2918 se
368 2856 685 2920 rationem
723 2853 997 2918 scandali
1029 2853 1219 2918 activi
1247 2853 1471 2937 magis,
1505 2870 1696 2933 quam
1726 2854 2033 2916 naturalis
2064 2852 2460 2935 pulchritudo
2494 2856 2557 2918 et
2593 2855 2740 2937 quia

280 2976 461 3041 grave
494 2959 668 3023 esset
701 2956 976 3040 obligare
1008 2955 1086 3019 ad
1122 2956 1237 3020 hoc
1271 2980 1330 3018 ».
1370 2953 1568 3018 Nemo
1618 2955 1830 3018 autem
1875 2957 2124 3019 tenetur
2156 2954 2374 3019 faciem
2414 2957 2741 3040 deturpare

280 3058 353 3123 ad
383 3060 644 3125 vitanda
680 3059 947 3123 aliorum
980 3057 1270 3142 pericula,
1307 3058 1370 3121 et
1400 3056 1563 3139 quod
1596 3056 1830 3140 legitur
1859 3057 1933 3121 de
1980 3056 2242 3130 Sanctis,
2277 3059 2491 3122 vultus
2539 3058 2742 3123 detur-

278 3182 447 3244 passe
502 3166 622 3228 ant
678 3162 1012 3226 caesariem
1070 3159 1456 3243 praecidisse,
1506 3178 1601 3222 res
1648 3162 1743 3222 est
1789 3159 2198 3241 perfectionis,
2249 3180 2370 3224 non
2430 3162 2739 3243 praecepti

273 3284 463 3347 neque
499 3265 565 3329 id
605 3264 844 3340 liceret,
878 3282 936 3325 v.
969 3282 1063 3346 gr.
1099 3262 1488 3346 conjugatae.

373 3424 605 3476 Lxxvl.
637 3424 689 3474 9.
712 3420 764 3474 Si
794 3434 909 3472 vero
936 3418 1063 3472 idem
1092 3417 1344 3471 timeretur
1369 3417 1415 3470 iu
1445 3416 1726 3484 particulari
1753 3432 1815 3469 ex
1841 3424 2017 3470 ornatu
2051 3420 2316 3484 superfluo,
2352 3433 2477 3471 vano
2503 3427 2552 3472 et
2577 3419 2740 3473 incon·

272 3507 481 3562 venienti
506 3513 683 3575 (quem
725 3519 975 3558 assumere
1003 3502 1229 3557 vanitatis
1266 3509 1315 3556 et
1353 3503 1572 3568 placendi
1609 3516 1775 3563 causa,
1803 3511 1855 3556 ut
1882 3502 2140 3555 videantur
2188 3503 2421 3568 pulchrae
2451 3512 2498 3555 et
2537 3519 2737 3569 procum

269 3592 454 3646 {acilius
471 3590 755 3651 inveniant,
772 3587 976 3641 seclusis
995 3587 1121 3649 aliis,
1137 3602 1229 3640 non
1254 3586 1347 3639 nisi
1368 3585 1556 3639 veniale
1577 3591 1672 3649 est)
1694 3593 1943 3639 teneretur
1965 3600 2074 3638 cum
2094 3586 2291 3638 omnino
2314 3585 2575 3653 dimittere,
2594 3589 2738 3644 etiam

268 3680 357 3730 snb
393 3675 621 3740 mortali;
651 3671 767 3740 quia
794 3675 978 3726 nullum
1017 3674 1162 3724 babet
1186 3670 1264 3724 ius
1288 3672 1349 3724 ad
1374 3670 1514 3722 illum
1539 3678 1761 3723 ornatum
1800 3677 1848 3723 et
1885 3684 1947 3724 ex
1980 3670 2135 3723 altera
2176 3678 2312 3737 parte
2352 3676 2544 3724 tenetur
2583 3673 2740 3729 vitare

265 3771 515 3829 peccatum
557 3760 790 3824 alterius,
814 3760 1006 3825 quando
1044 3760 1296 3811 commode
1336 3763 1514 3824 potest.
1541 3759 1606 3809 V.
1632 3759 1770 3821 sylv.
1803 3771 1848 3809 v.
1879 3756 2147 3813 Ornatus.
2174 3756 2268 3810 Alii
2296 3766 2474 3820 tamen,
2504 3766 2557 3812 ut
2582 3760 2740 3816 Caiet.

267 3849 383 3902 Nav.
399 3864 442 3902 c.
460 3850 550 3902 23.
573 3845 813 3899 videntur
832 3846 1145 3908 docere,eam
1166 3848 1352 3896 tantum
1372 3840 1526 3895 teneri
1547 3845 1640 3895 sub
1662 3841 1839 3895 veniali
1860 3842 1968 3907 (sed
1990 3842 2150 3897 minus
2171 3842 2512 3909 probabiliter)
2544 3849 2739 3911 quando

263 3933 310 3985 in
335 3930 631 3998 particulari
663 3933 830 3993 lapsus
856 3926 1165 3993 praevidetur
1191 3934 1239 3979 et
1266 3925 1651 3995 brevi-tempore
1677 3925 2015 3979 abstinendum
2042 3934 2145 3993 est;
2170 3926 2250 3992 qui
2278 3926 2423 3980 etiam
2451 3944 2560 3982 cum
2589 3931 2737 3998 Azor,

263 4018 391 4070 Less-
417 4025 470 4071 et
491 4018 689 4069 Bonae.
709 4017 944 4065 excusant
969 4026 994 4062 a
1029 4010 1221 4065 mortali
1249 4025 1349 4074 οδε,
1379 4024 1503 4075 quae
1530 4025 1590 4063 ex
1616 4010 1968 4063 consuetudine
1991 4010 2088 4064 loci
2117 4011 2274 4065 media
2303 4015 2450 4066 ubera
2476 4016 2726 4079 detegunt,

259 4104 382 4166 tucn,
408 4098 710 4170 pigmentiS,
735 4096 905 4149 alienis
941 4095 1157 4150 crinibus
1196 4102 1424 4161 utuntur3
1457 4097 1720 4148 dummodo
1752 4109 1847 4148 uon
1877 4095 2082 4149 aliorum
2124 4096 2391 4158 lasciviam,
2421 4101 2505 4151 sed
2550 4107 2735 4153 tantum

262 4186 491 4240 maiorem
520 4180 910 4253 pulchritudinis
935 4188 1159 4234 ornatum
1196 4178 1463 4242 intendant,
1492 4183 1678 4246 absque
1716 4179 1814 4233 alio
1845 4183 1939 4235 fine
1969 4181 2175 4242 mortali,
2203 4189 2287 4235 aut
2314 4184 2420 4247 lege
2447 4183 2736 4249 particulari

260 4269 305 4324 id
341 4275 432 4326 sub
460 4268 674 4325 mortali
705 4265 1005 4332 prohibente.
1034 4267 1230 4319 Addunt
1256 4272 1415 4319 tamen
1455 4268 1557 4318 rore
1581 4279 1731 4329 grave
1770 4271 1819 4317 et
1852 4263 2059 4318 mortale
2093 4274 2367 4331 peccatum,
2394 4267 2734 4323 huiuscemodi

260 4371 441 4410 morem
464 4349 743 4418 detegendi
771 4358 940 4417 pectus
957 4353 1037 4403 vel
1059 4348 1268 4404 tenuiter
1288 4356 1472 4402 tantum
1493 4348 1702 4413 tegendi,
1719 4348 1802 4402 ubi
1821 4364 1915 4402 non
1938 4356 2028 4412 est,
2047 4348 2373 4404 introducere.
2388 4353 2565 4406 Navar.
2582 4369 2628 4406 n.
2650 4356 2732 4407 49.

257 4443 388 4496 Lcss.
418 4444 544 4495 lta.
576 4442 760 4503 Laym.
786 4437 818 4490 1.
846 4454 888 4490 c.
917 4444 1008 4489 etc.
1034 4435 1133 4488 vid.
1163 4438 1340 4489 Bonae.
1370 4433 1435 4488 de
1462 4435 1592 4489 Mat.
1620 4450 1667 4500 q.
1700 4435 1746 4487 4.
1776 4451 1823 4500 p.
1851 4437 1899 4487 9.
1926 4450 1973 4488 n.
2006 4436 2086 4488 17.

338 4560 502 4633 271.
532 4558 875 4626 Resolutio
900 4558 1191 4622 Auctoris
1222 4555 1297 4619 de
1319 4556 1504 4638 yram:
1531 4555 1715 4636 culpa
1746 4559 1841 4621 est
1874 4557 2058 4621 nimis
2091 4558 2292 4641 rigida
2323 4561 2386 4624 et
2410 4561 2732 4626 discrimen

254 4669 413 4733 inter
444 4664 813 4751 periculum
849 4662 1132 4745 generale
1168 4663 1233 4726 et
1270 4660 1535 4725 alicuius
1564 4660 1629 4724 in
1660 4660 1913 4741 speciali
1944 4661 2008 4723 in
2046 4662 2219 4743 praxi
2258 4663 2359 4727 vix
2395 4663 2734 4745 quidquam
