3497 5147
422 315 603 393 [1011]
1107 329 1352 372 spncms
1389 330 1552 373 Luxu
1561 331 1710 372 ium
1746 329 2201 373 consumma
2772 319 2879 375 747

417 427 595 506 illud,
629 425 795 509 quod
820 427 1139 509 praeterea
1164 427 1258 490 est
1293 426 1620 503 iniustum,
1642 427 1808 509 quod
1840 447 2057 510 nempe
2084 447 2191 512 per
2222 429 2588 494 violentiam
2617 430 2883 495 infertur

421 531 519 596 vel
549 527 767 593 fraude
784 529 898 592 aut
919 530 1113 592 metu.
1133 527 1381 594 Scilicet
1410 530 1528 594 hoc
1544 530 1817 594 alterum
1848 529 2073 612 duplex
2096 529 2526 615 distinguitur,
2549 532 2887 595 violentum

423 635 486 698 et
530 631 988 696 voluntarium:
1024 630 1371 696 violentum
1418 651 1561 696 cum
1610 633 1675 697 vi
1722 633 1976 717 physica
2022 633 2341 718 subigitur
2404 635 2468 698 et
2513 634 2885 718 opprimitur

425 738 647 821 virgo:
694 735 1144 812 voluntarium,
1193 734 1440 817 quando
1486 735 1630 800 dolo
1680 739 1793 800 aut
1855 737 1979 801 alia
2037 738 2274 802 iniusta
2325 738 2567 803 ratione
2621 738 2878 802 inducta

430 839 609 924 virgo
653 836 963 902 consentit
996 836 1061 900 in
1094 836 1579 915 deflorationem,
1628 839 1703 902 ut
1747 838 1823 902 fit
1857 840 1924 901 1⁰
1968 858 2076 922 per
2121 840 2360 904 metum
2392 840 2879 915 reverentialem‚

434 942 504 1006 2⁰
541 961 648 1025 per
678 941 917 1005 metum
962 939 1284 1004 cadentem
1328 939 1392 1003 in
1430 941 1819 1005 constantem
1867 940 2158 1024 puellam,
2195 941 2264 1004 3⁰
2296 959 2402 1024 per
2423 941 2887 1006 fiaudulentam

433 1042 818 1109 matrimonii
865 1043 977 1106 aut
1021 1060 1286 1127 magnae
1333 1041 1498 1107 dotis
1546 1042 1624 1106 ad
1669 1042 2141 1107 matrimonium
2188 1061 2331 1106 cum
2365 1042 2488 1107 alio
2536 1043 2897 1127 promissio-

434 1169 596 1227 nem,
632 1151 704 1211 40
750 1167 858 1232 per
901 1149 1195 1232 repetitas
1240 1148 1633 1232 importunas
1681 1169 1908 1233 preces,
1959 1149 2185 1214 saltem
2232 1148 2286 1213 si
2333 1149 2431 1214 his
2478 1150 2898 1234 adiungantur

436 1251 660 1316 minae.
711 1249 786 1314 V.
820 1248 1098 1335 Strnggl.
1136 1249 1254 1314 Th.
1296 1250 1469 1315 Mor.
1504 1252 1584 1315 tr.
1622 1252 1679 1315 7.
1715 1273 1773 1334 q.
1816 1254 1877 1315 4.
1926 1272 1986 1315 n.
2024 1253 2129 1316 27.
2161 1252 2334 1318 Haec
2367 1252 2562 1316 altera
2599 1252 2739 1316 tum
2769 1253 2898 1316 vio-

437 1354 593 1418 lenti
623 1355 762 1418 tum
792 1353 1133 1418 voluntarii
1170 1354 1265 1418 est
1296 1354 1568 1436 acceptio
1601 1355 1804 1438 stupri
1835 1353 2173 1419 secundum
2196 1355 2547 1438 Theologos
2578 1357 2815 1419 veteres
2841 1357 2905 1419 et

442 1453 789 1521 Caonistas.

528 1557 815 1622 Plurium
838 1559 933 1622 est
963 1557 1101 1621 DD.
1140 1557 1448 1623 sententia
1472 1556 1576 1639 (cf.
1602 1555 1905 1622 Salmant.
1933 1557 2007 1621 de
2033 1558 2093 1621 6.
2129 1557 2355 1623 Praec.
2390 1578 2443 1623 c.
2476 1559 2539 1621 4.
2572 1578 2632 1623 n.
2657 1558 2749 1641 8.)
2774 1561 2903 1622 stu·

441 1680 624 1745 prum
669 1659 920 1725 illatum
966 1660 1196 1744 virgini
1224 1660 1459 1726 volenti
1491 1660 1555 1725 et
1584 1660 2013 1733 consentienti,
2046 1679 2169 1725 non
2200 1660 2440 1726 differre
2472 1661 2672 1743 specie
2711 1680 2747 1724 a
2772 1660 2898 1725 for-

442 1762 771 1826 nicatione.
802 1761 968 1826 Nam
1011 1762 1258 1825 malitia
1301 1761 1583 1826 luxuriae
1615 1762 1828 1826 eadem
1858 1781 2072 1845 reapse
2111 1763 2233 1827 est:
2283 1764 2648 1829 concubitus
2680 1782 2897 1846 nempe

448 1864 555 1946 qui
600 1863 675 1927 fit
721 1865 894 1927 extra
940 1863 1429 1928 matrimonium.
1485 1862 1663 1943 Quod
1701 1864 1864 1928 enim
1911 1864 2118 1946 (aiunt
2156 1862 2458 1930 Salmant.
2507 1865 2550 1929 l.
2600 1884 2650 1928 0.
2701 1885 2761 1929 11.
2816 1865 2904 1949 7.)

448 1966 751 2052 virginale
795 1966 1208 2050 signaculum,
1256 1965 1309 2030 si
1354 1964 1519 2047 quod
1565 1968 1660 2030 est
1706 1965 1810 2048 (cf.
1861 1987 1919 2029 n.
1973 1966 2063 2050 6.)
2109 1968 2439 2050 rumpatur
2483 1966 2687 2033 medio
2739 1967 2910 2032 virili

449 2068 745 2145 membro,
779 2067 1018 2152 virgine
1062 2067 1499 2145 consentiente,
1539 2086 1661 2133 non
1693 2070 1789 2132 est
1825 2070 2041 2133 contra
2072 2069 2398 2152 specialem
2434 2071 2697 2134 naturae
2719 2069 2906 2133 finem

448 2171 553 2237 sed
598 2171 809 2254 potius
856 2169 1193 2235 secundum
1237 2170 1456 2248 illum3
1492 2189 1632 2236 cum
1658 2171 1775 2235 hoc
1805 2171 2152 2235 membrum
2187 2169 2263 2234 ad
2295 2171 2682 2254 praedictum
2713 2191 2900 2237 usum

452 2276 538 2340 sit
583 2274 660 2338 ab
704 2292 776 2337 ea
812 2273 1219 2338 destinatum:
1247 2292 1393 2358 ergo
1426 2274 1631 2338 solum
1662 2275 1889 2338 natura
1923 2273 2252 2339 offenditur
2282 2274 2447 2356 quod
2480 2274 2646 2339 dicta
2694 2276 2904 2358 ruptio

450 2377 525 2441 fit
555 2376 727 2440 extra
772 2375 1261 2440 matrimonium.
1295 2374 1424 2442 Nec
1455 2378 1550 2441 est
1594 2376 1839 2440 malitia
1872 2377 2115 2459 proprie
2146 2376 2348 2441 dictae
2379 2376 2747 2451 iniustitiae,
2779 2396 2903 2442 non

451 2499 599 2566 erga
645 2478 969 2564 virginem,
1020 2497 1179 2560 quae
1223 2479 1419 2543 libens
1472 2479 1799 2557 consentit,
1863 2497 1987 2543 11011
2042 2498 2189 2563 erga
2236 2481 2548 2562 parentes3
2617 2499 2762 2544 nam
2808 2481 2908 2544 1113

449 2582 666 2650 utendi
712 2583 811 2647 3111
856 2582 1130 2663 corporis
1161 2600 1343 2663 penes
1375 2582 1577 2665 ipsam
1615 2584 1728 2660 est,
1763 2601 1886 2648 non
1918 2600 2102 2666 penes
2134 2584 2439 2665 parentes.

547 2681 714 2756 1011.
756 2708 792 2743 «
839 2684 1061 2749 Peccat
1105 2684 1343 2766 utique,
1383 2685 1476 2749 ait
1519 2684 1841 2768 Laymann
1887 2685 1929 2748 l.
1970 2704 2045 2762 c.,
2089 2684 2297 2767 puella
2345 2685 2560 2749 contra
2608 2683 2905 2768 pietatem

454 2787 814 2873 parentibus
845 2787 1137 2865 debitam,
1173 2787 1338 2870 quod
1384 2788 1661 2870 spectare
1706 2786 1955 2850 videtur
2001 2805 2049 2849 3.
2085 2786 2358 2852 Thomas
2395 2787 2437 2851 l.
2471 2806 2546 2863 c.,
2582 2788 2635 2850 31
2666 2788 2730 2851 111
2777 2790 2914 2852 stu-

453 2910 636 2975 prum
666 2890 1015 2955 consentiat
1043 2909 1186 2954 cum
1233 2909 1449 2955 eorum
1479 2888 1770 2953 dedecore
1818 2888 2238 2967 coniunctum,
2274 2888 2801 2972 quemadmodum
2848 2893 2913 2956 et

458 2993 779 3075 stuprator
806 2993 1119 3057 interdum
1165 2995 1381 3057 contra
1427 2992 1710 3056 caritatis
1759 2991 1979 3075 legem.
2015 2990 2250 3056 Verum
2281 2994 2431 3057 haec
2476 3014 2584 3077 per
2632 2995 2909 3060 accidens

458 3095 607 3160 sunt
637 3096 700 3158 et
745 3114 866 3160 non
912 3096 1119 3161 solum
1163 3096 1227 3159 in
1276 3096 1492 3179 stupro
1527 3095 1805 3179 virginis,
1833 3094 1939 3159 sed
1963 3094 2153 3158 etiam
2187 3095 2409 3160 viduae
2433 3097 2549 3161 sub
2581 3100 2910 3179 parentum

463 3216 611 3264 cura
657 3197 1055 3274 constitutae,
1090 3198 1295 3263 locum
1338 3198 1563 3262 habere
1596 3197 1861 3281 possunt
1897 3221 1959 3259 ».

561 3325 598 3360 α
626 3301 982 3365 Fornicatio
1029 3319 1171 3364 cum
1216 3301 1456 3385 virgine
1502 3300 1921 3365 consentiente
1954 3301 2160 3382 potest
2193 3300 2442 3364 aliunde
2491 3319 2621 3365 0330
2656 3304 2919 3385 speciale

460 3405 801 3487 peccatum,
835 3402 1071 3465 scilicet
1101 3402 1342 3467 ratione
1373 3401 1666 3467 infamiae
1696 3403 1797 3466 vel
1819 3403 2116 3466 moeroris
2149 3402 2477 3484 parentum
2507 3403 2606 3467 vel
2645 3405 2920 3470 rixarum

471 3505 597 3569 odii
618 3507 811 3583 etc»,
837 3504 930 3567 ait
952 3522 1001 3567 s.
1019 3503 1204 3586 Alph.
1230 3504 1272 3567 l.
1299 3522 1351 3567 0.
1386 3504 1485 3568 101
1506 3503 1717 3567 damni
1741 3503 2122 3567 advenientis
2145 3502 2420 3567 familiae
2446 3503 2635 3566 etiam
2659 3505 2723 3568 in
2748 3506 2925 3573 bonis

467 3604 784 3670 fortunae·
818 3605 894 3670 cf.
927 3605 1283 3671 Lessiuml.
1326 3607 1387 3669 2.
1422 3625 1473 3670 c.
1517 3606 1619 3668 10.
1655 3605 1711 3668 d.
1744 3606 1802 3668 1.
1838 3625 1897 3668 n.
1941 3605 2000 3668 5.
2039 3604 2274 3669 Idcirco
2300 3605 2364 3667 et
2393 3604 2510 3668 sub
2539 3605 2657 3668 hac
2681 3608 2920 3673 ratione

470 3709 794 3789 peccatum
840 3727 1030 3792 grave
1068 3707 1324 3773 evadere
1355 3707 1583 3790 potest.

564 3807 630 3873 Si
674 3829 819 3875 vero
864 3811 1181 3889 violentia,
1215 3810 1395 3876 dolus
1435 3812 1547 3874 aut
1576 3813 1782 3873 metus
1814 3809 2082 3887 accedat,
2118 3828 2259 3872 cum
2291 3827 2453 3874 nova
2485 3809 2649 3915 adsit
2679 3811 2928 3876 malitia

473 3911 838 3991 iniustitiae,
872 3915 1046 3996 patet
1075 3933 1301 3979 novam
1333 3913 1569 3996 peccati
1593 3912 1858 3995 speciem
1888 3911 2208 3976 constitui.

565 4013 801 4079 Verum
848 4016 902 4081 31
943 4017 1037 4081 ita
1084 4018 1197 4093 est,
1230 4018 1524 4098 quoniam
1569 4016 2010 4095 cuiuscumque
2056 4014 2298 4098 puellae
2342 4015 2577 4080 iniusta
2616 4018 2927 4098 oppressio

472 4119 632 4182 hanc
676 4118 988 4182 malitiam
1036 4120 1330 4196 continet,
1380 4138 1452 4183 ea
1499 4117 2006 4201 aequiparabitur
2065 4118 2301 4199 stupro.
2369 4116 2576 4198 Atque
2622 4118 2765 4181 hinc
2812 4122 2924 4195 est,

471 4220 638 4304 quod
668 4221 1039 4286 recentiores
1071 4222 1357 4304 stuprum
1382 4221 1725 4306 generatim
1750 4219 2075 4285 definiant:
2116 4220 2433 4299 oppressio
2451 4218 2759 4295 mulieris,
2792 4222 2934 4300 ipsa
2975 4232 2978 4233 ’

469 4324 690 4388 invita.
742 4321 833 4408 Cf.
871 4323 1049 4409 Gury
1080 4326 1233 4388 tom.
1267 4324 1310 4387 l.
1341 4324 1398 4407 ἓ.
1434 4325 1585 4388 425.
1626 4324 1734 4406 qui
1769 4322 1971 4388 addit:
2009 4323 2102 4385 ita
2147 4324 2575 4387 communiter.

568 4426 817 4492 Scilicet
861 4426 1025 4511 apud
1072 4427 1309 4490 veteres
1352 4426 1506 4490 illud
1545 4427 1611 4490 in
1643 4428 1861 4509 stupro
1893 4426 2292 4509 spectabatur
2322 4425 2487 4507 quod
2526 4425 2787 4508 speciale
2820 4430 2934 4505 est,

476 4529 538 4593 h.
565 4550 616 4594 e.
652 4530 990 4614 viminalis
1039 4528 1423 4611 inteyritatis
1467 4527 1828 4608 defloratio.-
1873 4528 1978 4593 sed
2024 4527 2173 4610 quia
2233 4528 2514 4611 deinceps
2563 4528 2697 4592 DD.
2733 4529 2940 4611 plures
