3497 5147
384 327 531 402 [824]
867 342 956 383 AD
995 342 1147 391 Qum
1183 341 1554 386 miramon
1590 344 1908 387 namus
1945 345 2112 387 11111οΑ
2150 346 2348 389 numos
2727 337 2832 395 6OE

1458 565 1620 629 Dus.
1655 566 1741 631 Π.

872 718 987 782 Ad
1029 717 1186 800 quid
1230 722 1559 784 teneantur
1587 727 1894 804 parentes
1938 746 2091 808 crya
2133 725 2321 806 filios

475 909 577 962 Vll.
610 909 857 969 Parentes,
885 920 986 970 quo
1011 905 1209 959 nomine
1233 906 1378 960 etiam
1405 906 1741 972 intelliguntur
1781 912 2111 976 ascendentes,
2141 925 2190 963 v.
2216 927 2290 976 gr.
2318 927 2458 978 avuS‚
2489 927 2704 980 proavus
2731 922 2825 968 etc.

365 1000 591 1048 tenentur
608 991 750 1056 gravi
772 990 1070 1054 obligatione
1088 990 1213 1045 iuris
1234 992 1470 1046 naturalis
1487 993 1909 1048 conservationem
1924 1002 1972 1048 et
1993 996 2329 1051 educationem
2346 997 2610 1052 liberorum
2630 1014 2820 1054 curare.

457 1123 637 1198 823.
675 1126 985 1211 Intellige,
1019 1125 1216 1190 teneri
1255 1126 1647 1192 ascendentes
1679 1129 1743 1192 in
1782 1130 2024 1195 defectu
2055 1133 2403 1214 parentum,
2439 1132 2568 1198 sive
2599 1136 2834 1199 mortui

367 1231 512 1309 sint,
547 1231 677 1296 sive
712 1229 860 1294 vivi.

455 1331 672 1413 Quoad
707 1331 912 1397 officia
945 1331 1177 1410 tamen,
1220 1351 1376 1416 quae
1407 1335 1799 1400 recensentur
1834 1336 1898 1400 in
1931 1335 2136 1402 Resol.
2174 1339 2257 1416 5.,
2293 1337 2384 1402 ita
2423 1339 2693 1405 curanda
2741 1340 2835 1406 fo-

365 1436 521 1509 rent,
557 1434 630 1498 ut
666 1434 907 1518 patriae
946 1433 1298 1518 potestatis,
1333 1435 1389 1501 si
1422 1437 1601 1500 vivus
1637 1438 1732 1501 est
1763 1439 1958 1521 pater,
1993 1439 2134 1503 iura
2165 1459 2286 1505 non
2323 1427 2733 1507 laederentur.

456 1537 615 1617 Quid
661 1537 780 1602 sibi
826 1537 1023 1602 velint
1073 1538 1459 1604 conservatio
1506 1541 1570 1603 et
1607 1538 1914 1616 educatio,
1953 1541 2017 1604 in
2066 1541 2579 1608 Resolutionibus
2624 1544 2834 1627 expla-

367 1641 573 1706 natur.

375 1817 562 1883 Circa
582 1818 747 1899 quod
774 1836 854 1882 ex
878 1816 1048 1882 Bon.
1076 1816 1233 1898 disp.
1263 1817 1323 1881 6.
1349 1838 1406 1898 q.
1438 1819 1495 1881 1.
1523 1817 1784 1899 Azorp.
1815 1821 1874 1883 2.
1905 1819 1946 1884 Ι.
1976 1822 2036 1885 2.
2065 1843 2122 1902 q.
2156 1821 2433 1886 17.F2·ll.
2465 1828 2541 1886 tr.
2564 1824 2739 1887 28.c.
2771 1825 2830 1887 2.

1233 1918 1634 1983 resolvuntur
1663 1919 1734 1984 hi
1762 1942 1961 1987 casua.

478 2094 602 2145 vul.
634 2092 681 2146 1.
707 2090 940 2146 Graviter
978 2096 1182 2157 peccant
1209 2096 1454 2157 parentes,
1480 2090 1565 2157 qui
1603 2089 1708 2145 sine
1744 2092 1876 2146 iusta
1914 2107 2061 2146 causa
2100 2096 2282 2160 prolem
2323 2093 2574 2160 hospitali,
2604 2096 2684 2148 vel
2714 2095 2836 2149 locis

367 2176 577 2245 publicis
613 2182 881 2245 exponunt.
909 2174 1026 2229 vid.
1052 2178 1175 2229 Bon.
1202 2173 1281 2229 hic
1310 2182 1361 2229 et
1386 2174 1493 2229 Fill.
1522 2178 1605 2229 28.
1639 2191 1687 2244 p.
1719 2180 1770 2231 2.
1796 2192 1839 2231 0.
1874 2180 1922 2232 2.
1949 2186 1999 2232 et
2021 2176 2147 2231 intra
2174 2179 2234 2232 de
2260 2179 2318 2231 '2⁰
2345 2193 2507 2246 praec.
2533 2194 2577 2233 c.
2609 2183 2656 2233 l.

454 2301 637 2376 824.
665 2306 854 2371 Ratio
880 2304 1277 2370 resolutionis
1309 2305 1433 2380 est;
1467 2305 1615 2387 quia
1639 2305 1729 2369 sic
1754 2306 2039 2388 parentes
2063 2305 2352 2370 videntur
2375 2305 2537 2370 filios
2562 2306 2836 2372 deserere

369 2428 441 2474 ac
486 2408 907 2491 derelinquere
955 2410 1175 2472 contra
1219 2407 1573 2471 naturalem
1619 2407 1938 2491 pietatem,
1988 2409 2128 2471 tum
2173 2407 2372 2471 etiam.
2413 2409 2491 2473 ob
2538 2407 2837 2473 damnum

365 2511 584 2596 prolis3
634 2529 782 2577 nam
829 2510 1201 2595 probrosum
1245 2511 1343 2575 est
1388 2512 1451 2573 et
1499 2509 2022 2576 contumeliosum
2064 2510 2130 2575 in
2176 2510 2475 2594 hospitali
2514 2511 2598 2576 ali
2645 2513 2709 2577 et
2738 2530 2839 2577 su-

366 2614 648 2691 stentari,
674 2615 739 2678 et
762 2614 1011 2696 quidem
1042 2614 1096 2677 si
1128 2613 1333 2695 proles
1355 2612 1518 2677 foret
1545 2612 1852 2697 legitima,
1881 2612 2192 2677 accederet
2215 2612 2511 2678 damnum
2541 2613 2837 2679 infamiae

367 2736 440 2781 ex
479 2716 825 2799 suspicione
858 2714 1164 2799 probabili
1198 2715 1445 2798 spuriae
1479 2714 1754 2799 originis,
1790 2714 1933 2778 Vid.
1966 2715 2196 2779 Bonae.
2230 2716 2302 2779 in
2337 2714 2558 2780 Decal.
2586 2717 2742 2801 disp.
2773 2718 2832 2782 6.

367 2841 427 2904 q.
462 2820 624 2886 unic.
660 2820 869 2904 punct.
907 2818 968 2883 6.
1005 2818 1062 2901 ἓ.
1103 2819 1160 2882 1.
1194 2837 1255 2882 11.
1292 2818 1353 2881 6.

456 2923 701 2988 Iustam
747 2923 958 2986 tamen
1007 2921 1235 2985 habere
1296 2939 1550 2985 causam
1606 2921 1945 3003 exponendi
1991 2921 2118 3004 (vel
2164 2923 2228 2986 in
2283 2923 2582 3007 hospitali
2629 2926 2728 2991 vel
2771 2926 2835 2989 in

367 3025 552 3091 domo
582 3024 891 3109 Episcopi,
927 3024 1026 3088 vel
1074 3022 1215 3089 aliis
1261 3023 1414 3088 locis
1463 3023 1744 3106 publicis,
1781 3044 1839 3088 v,
1874 3045 1968 3108 gr.
2001 3024 2214 3089 limine
2251 3027 2569 3109 paroeciae
2607 3030 2720 3092 aut
2751 3029 2839 3091 al-

364 3127 560 3194 terius
600 3125 940 3210 ecclesiae),
978 3126 1285 3202 censetur,
1319 3126 1427 3206 qui
1473 3144 1647 3190 secus
1695 3126 1939 3191 laboret
1984 3127 2164 3212 gravi
2210 3128 2482 3211 periculo
2516 3129 2614 3193 vel
2645 3130 2834 3207 vitae,

364 3232 464 3296 vel
508 3229 801 3295 infamiae
831 3227 936 3310 (ut
967 3229 1020 3293 si
1053 3228 1303 3311 spurius
1350 3228 1434 3292 sit
1481 3228 1675 3312 filius)
1706 3230 1808 3294 vel
1838 3230 2028 3295 etiam
2059 3231 2168 3313 qui
2215 3233 2501 3296 versatur
2545 3232 2610 3295 in
2657 3232 2838 3316 gravi

367 3332 750 3409 necessitate,
785 3351 844 3395 v.
877 3349 973 3415 gr.
1016 3330 1068 3393 si
1099 3330 1198 3393 lac
1244 3329 1406 3394 desit
1449 3331 1640 3395 matri
1686 3333 1802 3395 aut
1846 3332 1997 3397 haec
2034 3332 2343 3398 moriatur
2381 3334 2446 3396 et
2491 3335 2668 3414 pater
2715 3353 2838 3398 non

367 3435 595 3502 habeat
641 3452 763 3516 quo
812 3432 1120 3497 conducat
1167 3431 1495 3497 nutricem.
1543 3432 1773 3496 Bonae.
1806 3433 1952 3497 ibid.
1990 3431 2082 3496 Cf.
2124 3433 2225 3497 tit.
2259 3433 2370 3496 XI.
2405 3433 2513 3496 lib.
2552 3435 2611 3496 5.
2645 3434 2708 3497 in
2741 3434 2841 3499 de-

368 3535 704 3601 cretalibus
734 3536 991 3617 eiusque
1024 3534 1411 3617 interpretes.

459 3637 757 3718 Quaestio
806 3656 1039 3722 magna
1085 3638 1202 3714 est,
1243 3654 1321 3701 an
1366 3636 1543 3719 pater
1586 3635 1759 3699 dives
1804 3653 2107 3718 exponens
2153 3636 2390 3717 prolem
2421 3635 2719 3718 hospitali
2750 3637 2840 3700 te·

367 3743 592 3807 neatur
637 3741 933 3806 resarcire
981 3758 1277 3824 expensas
1324 3757 1436 3821 pro
1484 3737 1813 3804 nutrienda
1861 3737 2051 3820 prole.
2091 3736 2152 3802 S.
2185 3738 2369 3821 Alph.
2409 3759 2469 3803 n.
2507 3738 2679 3812 656„
2730 3739 2837 3804 ubi

368 3844 445 3908 de
475 3843 917 3923 Restitutione,
953 3843 1212 3921 fatetur,
1261 3842 1633 3909 sententiam
1680 3841 2096 3907 affirmantem
2140 3859 2272 3906 esse
2320 3842 2834 3921 communiorem,

370 3948 581 4011 tamen
630 3946 1004 4030 oppositam,
1040 3946 1172 4010 scil.
1205 3949 1556 4031 negantem,
1591 3945 1970 4030 probabilem
2002 3944 2233 4010 censeri
2271 3964 2310 4009 a
2340 3945 2638 4030 gravibus
2675 3947 2836 4020 DD..

370 4048 737 4131 praesertim
786 4048 840 4113 si
890 4048 1204 4131 hospitale
1249 4046 1335 4113 sit
1382 4049 1763 4131 opulentum.
1812 4048 1974 4113 Tum
2020 4046 2264 4114 subdit:
2323 4073 2357 4107 «
2390 4046 2508 4112 Sed
2554 4048 2837 4112 universe

371 4150 716 4233 praefatam
765 4150 1141 4216 sententiam
1186 4168 1304 4233 ego
1336 4152 1489 4233 puto
1527 4150 2023 4233 probabiliorem.
2057 4151 2267 4229 Ratio,
2301 4151 2448 4233 quia
2481 4149 2839 4215 huiusmodi

368 4252 711 4335 hospitalia
758 4271 884 4319 non
932 4252 1137 4317 solum
1168 4253 1319 4316 sunt
1348 4252 1641 4317 instituta
1674 4252 1751 4317 ad
1784 4253 2268 4318 subveniendum
2305 4252 2700 4337 pauperibuS,
2732 4252 2840 4318 sed

369 4354 561 4422 etiam
594 4353 903 4420 divitibus
932 4354 998 4417 in
1030 4353 1323 4418 infamiae
1370 4354 1660 4437 periculo,
1694 4355 1758 4419 in
1796 4374 1919 4436 quo
1966 4355 2088 4438 ipsi
2134 4357 2335 4421 solent
2365 4355 2465 4420 vel
2510 4374 2839 4438 procurare

368 4457 684 4536 abortum,
730 4458 831 4523 vel
876 4457 1118 4541 prolem
1162 4475 1398 4534 necare,
1448 4475 1522 4520 ne
1566 4456 1948 4522 infamentur
1994 4459 2058 4522 et
2102 4458 2247 4522 huic
2291 4458 2458 4523 malo
2506 4458 2842 4523 intendunt

371 4558 715 4644 hospitalia
749 4577 1104 4625 occurrere:
1136 4557 1265 4623 imo
1303 4557 1460 4635 dice,
1497 4558 1621 4623 ista
1653 4558 2056 4642 potiusquam
2080 4578 2190 4643 pro
2215 4560 2609 4644 pauperibus,
2635 4561 2842 4626 erecta
