3497 5147
659 353 770 408 812
876 366 1089 408 Tener.
1118 367 1195 407 vr.
1222 365 1385 406 sacr.
1413 367 1452 405 1.
1479 366 1563 406 Dr:
1589 365 1781 406 Pnuro
1805 364 2021 406 Pnasc.
2052 364 2382 406 memmei.
2411 363 2545 404 cAP.
2572 365 2639 404 11.
2665 365 2808 405 nun.
2835 365 2901 406 11.
2974 349 3125 426 [421]

845 465 915 526 50
945 463 1319 527 Praesertim
1344 481 1487 526 vero
1513 463 1575 525 in
1599 462 1733 525 iure
1763 463 2157 525 recensentur
2182 459 2396 525 Iudaei
2421 465 2532 524 aut
2557 461 2805 545 pagani,
2832 462 2940 543 qui
2965 464 3121 528 serio

661 565 940 628 converti
972 564 1049 628 ad
1086 564 1270 628 fidem
1292 565 1506 629 velint.
1547 564 1867 648 Laymann
1900 564 1942 626 l.
1971 583 2022 626 c.
2057 565 2120 626 et
2152 561 2377 626 Suarez
2415 563 2458 625 1.
2494 582 2545 626 c.
2580 581 2630 626 e.
2676 563 2778 625 10.
2819 562 3123 629 Schmalz.

660 668 702 731 1.
736 688 788 732 c.
824 689 883 732 n.
923 669 1069 732 154.
1104 688 1271 751 seqq.

745 770 1085 854 Gregorius
1120 772 1289 835 XIV.
1325 772 1562 854 excepit
1593 771 1685 853 (in
1717 769 1928 835 Const.
1973 769 2132 834 Cum
2159 767 2339 851 aliis)
2370 787 2403 833 e
2432 769 2631 847 laiciS‚
2666 770 2720 833 si
2750 771 2859 852 qui
2891 771 3122 836 fuerint

660 869 729 935 1⁰
761 873 993 956 publici
1016 874 1309 938 latrones,

839 982 909 1044 2⁰
928 981 1191 1045 Viarum
1223 981 1630 1066 grassatoreS,
1663 981 1772 1063 qui
1800 981 2023 1046 itinera
2041 978 2434 1062 frequentata
2457 980 2557 1043 vel
2580 980 2862 1062 publicas
2887 982 3118 1046 stratas

659 1082 942 1148 obsident
975 1085 1037 1147 et
1078 1084 1345 1147 viatores
1380 1083 1831 1167 aggrediuntur
1868 1100 1940 1145 ex
1963 1081 2221 1145 insidiis.

840 1185 910 1246 3⁰
947 1185 1440 1268 Depopulatores
1489 1205 1803 1269 agrorum.

838 1288 909 1348 40
942 1285 1063 1366 Qui
1110 1286 1441 1351 homicidia
1488 1287 1584 1350 vel
1616 1287 2045 1352 mutilationes
2092 1286 2509 1351 membrorum
2542 1288 2604 1351 in
2653 1287 2804 1371 ipsis
2853 1290 3122 1355 ecclesiis

662 1408 998 1470 earumque
1029 1389 1410 1453 coemeteriis
1450 1389 1838 1453 committere
1871 1408 1990 1453 non
2029 1390 2337 1452 verentur.

838 1493 908 1555 5⁰
940 1491 1057 1571 Qui
1086 1492 1432 1574 proditione
1466 1492 1816 1575 proximum
1841 1510 2025 1555 suum
2052 1491 2423 1567 occiderunt,
2452 1491 2582 1554 scil.
2608 1491 2713 1573 qui
2741 1512 2848 1574 per
2864 1493 3122 1559 insidias

655 1594 720 1657 et
766 1594 881 1658 sub
928 1595 1126 1677 specie
1175 1594 1484 1657 amicitiae
1534 1592 1757 1657 occidit
1803 1593 2124 1656 incautum
2173 1593 2679 1674 etrimpotentem
2718 1595 2836 1658 sibi
2885 1615 3118 1660 cavere.

655 1693 921 1775 Quidam
966 1717 1254 1762 revocare
1300 1698 1420 1760 huc
1468 1696 1802 1760 voluerunt
1847 1695 2130 1770 matrem,
2181 1713 2339 1776 quae
2388 1695 2613 1759 occidit
2657 1695 2964 1761 infantem
3012 1700 3124 1762 aut

654 1797 891 1863 foetum
926 1800 1308 1863 animatum:
1360 1802 1426 1862 at
1472 1816 1650 1862 casus
1689 1816 1811 1861 non
1859 1798 1954 1860 est
2000 1795 2220 1859 similis
2268 1799 2332 1860 et
2378 1797 2592 1862 deinde
2639 1797 2700 1861 in
2752 1799 2967 1882 poenis
2998 1820 3118 1865 non

654 1899 729 1963 fit
767 1903 1038 1966 extensio
1077 1901 1434 1966 huiusmodi
1468 1901 1545 1965 ob
1581 1899 2073 1963 similitudinem.

836 2003 904 2062 60
928 2001 1260 2078 Assassini,
1311 2004 1417 2084 qui
1465 2021 1680 2083 nempe
1713 2003 1896 2084 pacto
1929 2001 2024 2063 vel
2057 2001 2255 2082 pretio
2287 2001 2733 2066 interveniente
2765 2003 3120 2068 conducunt

656 2103 929 2185 aliquem
977 2105 1055 2167 ad
1104 2104 1520 2178 occidendum,
1571 2103 1666 2166 vel
1714 2103 1821 2183 qui
1868 2102 2065 2185 pretio
2104 2103 2444 2168 conductus
2493 2103 2718 2168 occidit
2763 2107 3115 2188 proximum

654 2205 978 2270 incautum
1002 2207 1192 2271 etiam
1231 2206 1558 2270 infidelem.

839 2310 904 2372 70
943 2309 1064 2389 Qui
1095 2311 1241 2374 sunt
1272 2308 1361 2373 rei
1393 2308 1734 2372 haereseos

833 2412 903 2474 80
926 2411 1058 2475 Aut
1093 2411 1182 2475 rei
1217 2412 1365 2475 sunt
1394 2411 1598 2475 laesae
1629 2409 1978 2473 maiestatis
2015 2409 2079 2471 in
2118 2427 2378 2491 persona
2410 2408 2730 2491 Principis,

741 2509 901 2584 421.
954 2514 1325 2579 Benedictus
1372 2512 1549 2577 XIII.
1603 2511 2065 2577 Constitutione
2113 2510 2222 2575 Ea:
2265 2531 2386 2593 quo
2433 2511 2677 2576 Divina
2708 2512 2876 2579 edita
2910 2515 2971 2580 6.
3023 2517 3117 2585 Id.

651 2617 818 2681 Iunii
851 2637 948 2681 an.
990 2618 1204 2696 1725„
1238 2617 1299 2679 in
1334 2614 1566 2679 Concil.
1601 2615 1883 2678 Romano
1916 2614 2185 2678 excludit
2218 2615 2296 2678 ab
2329 2615 2486 2698 asyli
2518 2615 2811 2680 beneficio
2850 2617 3068 2684 hosce:

832 2720 897 2783 1⁰
931 2719 1048 2799 Qui
1082 2718 1581 2803 confugientibus
1614 2717 1691 2779 ad
1723 2717 1930 2780 locum
1963 2716 2303 2780 immunem
2335 2718 2465 2781 vim
2495 2717 2769 2782 inferunt
2800 2724 2914 2784 aut
2946 2723 3115 2805 ipsos

651 2822 953 2887 violenter
985 2823 1319 2886 extrahunt
1356 2822 1419 2885 et
1444 2820 1777 2885 abducunt.

827 2923 897 2988 2⁰
928 2924 1048 3004 Qui
1088 2924 1489 2989 assassinium
1524 2922 1824 2985 mandant
1861 2923 1973 2985 aut
2004 2920 2344 2984 mercedem
2384 2921 2660 3003 aliquam
2692 2924 2956 2989 tradunt
3003 2930 3114 2992 aut

649 3029 1049 3111 promittunt,
1085 3028 1273 3090 etiam
1308 3025 1581 3090 nondum
1615 3026 1830 3088 secuta
1861 3024 2213 3099 traditione,
2247 3023 2432 3088 modo
2474 3025 2880 3089 assassinium
2907 3028 3110 3113 reipsa

644 3132 965 3214 patratum
1006 3129 1213 3193 fuerit.

828 3236 897 3295 5⁰
935 3231 1053 3311 Qui
1093 3230 1440 3314 proximum
1479 3227 1928 3312 praemeditato
1977 3228 2040 3291 et
2086 3226 2424 3292 deliberato
2464 3228 2670 3293 animo
2702 3230 3104 3297 interficiunt.

825 3335 895 3396 40
928 3333 1049 3413 Qui
1080 3333 1312 3397 falsant
1336 3333 1579 3396 litteras
1612 3329 2026 3412 ApostolicaS.

828 3441 897 3502 5⁰
928 3437 1203 3501 Ministri
1235 3437 1465 3500 montis
1504 3433 1757 3517 pietatis
1805 3435 1917 3495 aut
1949 3430 2205 3496 alterius
2253 3431 2482 3514 publici
2521 3431 2737 3497 telonii
2769 3451 2881 3498 seu
2930 3435 3104 3501 banci

649 3561 759 3627 pro
785 3540 1080 3623 depositis
1105 3539 1462 3620 Principum
1488 3538 1600 3599 aut
1624 3534 2007 3618 privatorum
2042 3533 2354 3611 destinati,
2382 3535 2436 3598 si
2465 3534 2706 3598 furtum
2733 3537 2845 3599 aut
2868 3536 3107 3603 falsita-

643 3646 773 3709 tem
809 3645 873 3707 in
906 3643 982 3706 iis
1020 3640 1438 3718 committant,
1474 3639 1649 3703 cuius
1679 3636 1921 3701 ratione
1960 3656 2100 3701 arca
2148 3636 2498 3718 pecuniaria
2533 3637 2622 3700 ita
2653 3637 3000 3716 minuatur,
3036 3642 3108 3705 ut

645 3763 876 3829 poenae
916 3744 1258 3809 ordinariae
1289 3744 1464 3807 locus
1496 3742 1597 3805 sit.

822 3847 891 3908 6⁰
922 3844 1041 3925 Qui
1074 3845 1363 3922 conflant,
1392 3845 1767 3920 adulterant,
1806 3843 2063 3908 tondent
2086 3844 2367 3907 monetas
2392 3861 2611 3907 aureas
2635 3844 2727 3906 vel
2772 3849 3099 3929 argenteas

640 3950 834 4016 etiam
858 3948 1204 4031 principum
1228 3948 1596 4023 exterorum,
1648 3947 1701 4009 si
1732 3947 1796 4009 in
1834 3947 1969 4010 loco
2009 3945 2281 4009 criminis
2320 3945 2476 4009 istae
2514 3946 2799 4010 monetae
2831 3947 3096 4014 liberum

637 4072 890 4119 cursum
930 4050 1218 4113 habeant.

820 4155 887 4217 70
920 4152 1037 4232 Qui
1073 4153 1228 4216 tales
1262 4152 1550 4235 pecunias
1599 4150 1860 4213 scienter
1906 4149 1996 4213 ita
2028 4150 2360 4234 expendere
2391 4154 2820 4233 praesumunt,
2854 4155 2931 4217 ut
2965 4175 3113 4239 par·-

640 4257 858 4339 ticipes
890 4255 1125 4319 fraudis
1165 4253 1393 4317 censeri
1426 4253 1683 4334 possint.

819 4359 887 4421 8⁰
942 4358 1057 4436 Qui
1116 4356 1232 4420 sub
1279 4354 1525 4418 nomine
1572 4353 1779 4417 curiae
1835 4373 1964 4417 sese
2012 4355 2072 4418 in
2123 4356 2354 4419 alienas
2402 4356 2618 4421 domos
2663 4357 3100 4443 introducunt,

636 4460 886 4542 rapinas
934 4460 1133 4541 reipsa
1182 4456 1642 4522 committentes
1690 4475 1829 4519 cum
1879 4457 2210 4522 homicidio
2244 4458 2342 4521 vel
2389 4458 2784 4525 mutilatione
2816 4462 2949 4527 sive
2997 4463 3108 4529 do·

635 4560 1037 4626 mesticorum
1070 4560 1197 4623 sive
1232 4559 1497 4622 aliorum
1530 4558 1616 4622 ibi
1654 4560 2195 4624 commorantium.
