3497 5147
732 381 842 435 342
934 394 1145 436 mor.
1174 395 1255 436 vr.
1280 394 1444 435 snc‘r.
1469 395 1510 434 1.
1535 392 1620 435 nn
1646 392 1838 434 paruo
1861 393 2077 434 Panno.
2105 392 2434 434 DmALoffl.
2463 391 2595 432 GAP.
2623 391 2687 433 11.
2715 392 2863 433 nnn.
2890 393 2982 432 111.
3057 379 3206 456 [455]

736 491 799 554 in
846 490 1031 553 meris
1078 490 1492 572 pensionibus,
1527 490 1580 553 si
1626 491 1742 554 hae
1788 508 1931 554 cum
1978 490 2159 572 pacto
2209 489 2420 571 aliquo
2465 489 2688 554 iJJicito
2721 508 2795 553 ex
2825 491 3199 574 supradictis

733 593 974 670 dentur,
1011 594 1403 678 resignantur
1427 594 1542 658 etc.
1578 593 1767 657 Ratio
1807 593 1919 669 est,
1960 593 2108 674 quia
2155 593 2475 676 pensiones
2513 593 2790 677 generali
2809 595 3073 659 nomine
3103 597 3202 661 be·

734 695 1112 771 neficiorum,
1139 697 1501 778 praesertim
1537 696 1601 760 in
1646 695 1913 759 materia
1938 694 2169 772 odiosa,
2197 714 2319 759 non
2350 694 2961 776 comprehenduntur
3008 717 3202 780 neque

735 816 843 881 per
864 797 1224 862 canonicam
1254 798 1715 863 institutionem
1747 798 1861 861 aut
1882 797 2278 861 collationem
2302 795 2724 875 conferuntur,
2751 817 2860 862 nec
2891 800 3205 885 rosignan-

737 901 927 964 turin
951 900 1225 965 favorem
1260 901 1537 965 alterius.
1576 900 1785 965 Multo
1809 918 1954 965 vero
1984 899 2191 964 minus
2215 900 2367 963 haec
2396 899 2662 964 simonia
2694 900 2904 965 locum
2927 902 3117 967 habet
3138 904 3200 966 in

737 1003 877 1067 aliis
922 1003 1105 1067 rebus
1152 1003 1249 1068 vel
1281 1002 1523 1068 actibus
1553 1001 2005 1087 spiritualibuS‚
2040 1002 2288 1067 etiamsi
2320 1020 2463 1065 cum
2510 1001 2735 1067 iJJicita
2768 1004 2833 1067 et
2863 1004 3203 1070 simoniaca

735 1104 1106 1171 confidentia
1152 1105 1326 1169 fiant.
1366 1106 1554 1170 Ratio
1602 1105 1817 1168 eadem
1865 1105 1978 1182 est,
2019 1104 2167 1186 quia
2213 1104 2438 1168 Bullae
2485 1104 2691 1169 solum
2738 1105 3084 1188 loquuntur
3128 1108 3204 1172 de

737 1206 1064 1272 beneficiis,
1104 1207 1364 1290 Pirhing
1393 1207 1500 1271 lib.
1532 1209 1590 1270 5.
1621 1206 1720 1270 tit.
1751 1207 1811 1269 3.
1841 1226 1899 1269 n.
1932 1207 2078 1269 113.

827 1309 1127 1387 Pretium,
1164 1309 1263 1373 vel
1308 1309 1389 1385 id,
1423 1328 1545 1391 quo
1592 1309 1728 1373 loco
1776 1308 1962 1390 pretii
2006 1308 2069 1372 in
2103 1309 2368 1373 simonia
2405 1308 2826 1373 confidentiali
2863 1313 3075 1394 potest
3109 1312 3208 1375 in-

740 1411 1060 1487 tervenire,
1101 1410 1197 1475 est
1231 1412 1367 1487 hoc,
1409 1413 1481 1475 ut
1526 1429 1743 1494 nempe
1792 1411 1995 1493 ipsum
2043 1410 2426 1489 beneficium,
2462 1411 2627 1493 quod
2676 1412 2861 1475 alteri
2891 1414 3209 1478 confertur

742 1519 839 1584 vel
874 1519 1248 1603 resignatur,
1288 1518 1484 1582 eidem
1516 1518 1900 1582 renuntianti
1934 1520 2045 1582 aut
2082 1517 2419 1582 conferenti
2459 1519 2573 1582 aut
2609 1519 2791 1583 alteri
2828 1519 3207 1585 reddendum

738 1621 843 1694 sit,
879 1622 991 1685 aut
1023 1623 1186 1686 certe
1223 1623 1296 1686 ut
1342 1620 1582 1684 fructus
1628 1620 1902 1684 eiusdem
1947 1619 2224 1683 beneficii
2256 1625 2371 1683 aut
2416 1639 2559 1702 pars
2594 1639 2810 1685 eorum
2843 1623 2958 1686 aut
2998 1623 3210 1705 pensio

740 1725 1129 1790 renuncianti
1175 1744 1284 1789 seu
1328 1723 1668 1789 conferenti
1712 1724 1811 1787 vel
1857 1723 2039 1787 alteri
2085 1723 2460 1806 praestanda
2507 1723 2655 1787 sint.

832 1826 1063 1891 Exinde
1084 1826 1503 1908 consequitur,
1529 1825 1695 1907 quod
1726 1826 1780 1889 si
1811 1845 1952 1889 cum
1984 1825 2330 1889 conferente
2356 1826 2471 1889 aut
2500 1826 2856 1910 resignante
2880 1829 3208 1894 conventio

655 1967 659 1971 -
743 1929 857 1992 fiat
901 1948 1043 1992 cum
1081 1931 1248 1992 certa
1286 1928 1656 1992 confidentia
1689 1929 1802 1992 aut
1836 1928 2018 2010 pacto
2067 1927 2140 1990 de
2188 1926 2327 1990 aliis
2374 1926 2576 2004 rebuS,
2619 1927 2815 1991 etiam
2845 1948 3013 1993 mere
3059 1933 3210 1994 tem·

745 2030 1062 2115 poralibus
1110 2031 1205 2094 vel
1251 2031 1681 2114 spiritualibus
1742 2031 2023 2096 cedendis
2069 2030 2169 2095 vel
2212 2029 2553 2109 reddendis,
2605 2049 2730 2095 non
2779 2034 3211 2098 committetur

745 2133 1009 2197 simonia
1039 2131 1508 2208 confidentiaIiS,
1535 2132 1640 2196 sed
1669 2132 2019 2196 incurretur
2050 2131 2314 2196 simonia
2346 2132 2724 2210 communis3
2759 2134 2908 2215 quia
2939 2135 3001 2199 in
3037 2154 3215 2218 prae-

747 2234 929 2299 dictis
976 2234 1179 2298 Bullis
1224 2233 1518 2317 speciales
1564 2236 1680 2298 hae
1728 2253 1958 2317 poenae
2013 2253 2136 2299 non
2191 2233 2584 2319 infliguntur,
2633 2236 2755 2300 nisi
2816 2238 3070 2320 speciali
3116 2238 3212 2303 illi

747 2337 1048 2402 simoniae
1094 2336 1523 2418 confidentiae.

836 2437 1038 2518 Quare
1084 2439 1137 2503 si
1176 2441 1428 2523 pactum
1460 2438 1852 2515 interveniat,
1886 2439 1961 2501 ut
1996 2457 2119 2502 non
2151 2438 2399 2520 quidem
2430 2438 2594 2504 idem
2625 2440 3013 2520 beneficium,
3049 2443 3215 2525 quod

747 2539 936 2607 Caius
965 2542 1235 2607 contulit
1267 2543 1379 2605 aut
1409 2539 1751 2624 resignavit
1781 2539 1969 2617 Titio,
2004 2539 2109 2604 sed
2147 2540 2318 2605 aliud
2354 2541 2692 2627 quodpiam
2724 2543 3094 2610 beneficium
3119 2545 3215 2610 vel

748 2642 899 2709 Caio
945 2645 1065 2726 ipsi
1109 2644 1209 2707 vel
1246 2643 1455 2725 potius
1488 2640 1623 2706 Caii
1668 2643 2128 2726 consanguineo
2169 2646 2281 2709 aut
2313 2645 2511 2709 amico
2558 2647 2936 2731 resignetur3
2978 2648 3105 2711 erit
3143 2649 3217 2713 si-

749 2747 959 2811 monia
1005 2746 1370 2822 communis,
1420 2763 1539 2809 non
1588 2746 1800 2809 autem
1846 2745 2315 2811 confidentialis.

840 2849 1132 2931 Idemque
1162 2848 1565 2913 statuendum
1603 2849 1716 2924 est,
1753 2849 1806 2913 si
1844 2848 1982 2930 quis
2016 2868 2052 2913 a
2082 2850 2378 2914 collatore
2410 2850 2509 2914 vel
2532 2854 3044 2933 praesentatore
3028 2873 3218 2939 impe·

749 2954 946 3018 travit
977 2952 1337 3017 beneficium
1386 2952 1585 3030 alteri,
1621 2971 1764 3016 cum
1810 2971 1880 3017 eo
1919 2952 2123 3035 pact0,
2157 2952 2232 3017 ut
2277 2953 2355 3016 ab
2386 2953 2502 3017 hoc
2549 2953 2720 3017 aliud
2757 2956 2856 3018 vel
2907 2955 3074 3021 idem
3123 2958 3219 3021 be-

749 3056 1036 3121 neficium
1081 3056 1431 3139 resignetur
1474 3055 1593 3137 ipsi
1638 3055 2019 3138 impetranti.
2062 3053 2360 3134 Quocirca
2406 3054 2478 3132 is,
2528 3057 2637 3137 qui
2681 3076 2789 3139 per
2834 3077 3220 3122 communem

751 3160 909 3223 hanc
938 3159 1267 3223 simoniam
1304 3157 1665 3222 beneficium
1699 3156 2050 3239 acquisivit,
2090 3157 2391 3221 iubendus
2429 3156 2566 3234 erit,
2601 3159 2676 3222 ut
2706 3159 3058 3242 pactionem
3093 3179 3218 3226 non

751 3261 1027 3343 impleat.
1055 3260 1155 3323 Ita
1185 3279 1331 3324 sane
1355 3278 1581 3343 poenas
1608 3259 1904 3335 evitabit;
1932 3259 2433 3341 quandoquidem
2459 3260 2736 3325 manebit
2759 3262 3024 3327 simonia
3049 3283 3219 3328 mere

752 3361 1277 3427 conventionalia:
1316 3363 1369 3427 si
1414 3364 1627 3426 autem
1673 3363 1929 3445 pactum
1972 3362 2276 3445 impleret,
2312 3361 2598 3426 evaderet
2643 3361 2838 3427 realis
2886 3365 2949 3428 et
2987 3383 3220 3447 poenas

749 3466 1088 3529 incurreret
1108 3484 1230 3529 non
1246 3465 1497 3547 quidem
1512 3463 1964 3545 confidentiast,
1983 3465 2088 3529 sed
2113 3463 2276 3528 reali
2296 3465 2595 3529 simoniae
2617 3464 2912 3531 inflictas.
2932 3467 3220 3551 Pirhing,

751 3589 810 3632 n.
842 3568 990 3631 113.
1024 3566 1240 3651 Laym.
1276 3587 1336 3630 n.
1366 3567 1467 3631 75.
1504 3565 1730 3632 Suarez
1764 3586 1897 3650 cap.
1934 3567 2038 3630 43.
2074 3587 2135 3631 n.
2176 3568 2278 3630 15.

839 3664 1017 3738 455.
1050 3668 1473 3733 Veruntamen
1504 3669 1822 3733 Thesauro
1857 3667 1930 3731 de
1961 3667 2221 3743 Poenae,
2254 3670 2414 3752 part.
2452 3671 2513 3733 2.
2548 3670 2624 3733 V.
2662 3668 2950 3735 Simonia
2981 3691 3123 3758 cap.
3157 3675 3219 3737 3.

753 3792 813 3835 n.
849 3774 909 3834 2.
954 3769 1411 3851 Confidentiam
1456 3773 1688 3837 censet:
1735 3797 1772 3830 «
1805 3771 1858 3836 31
1906 3772 2209 3836 mediator
2255 3772 2565 3837 exstiterit
2612 3773 2710 3838 vel
2747 3773 3128 3841 intercessor
3161 3778 3220 3840 in

756 3872 1004 3957 negotio
1036 3874 1443 3939 concessionis
1473 3874 1750 3939 beneficii
1798 3875 1987 3938 alicui
2017 3873 2216 3938 factae
2247 3875 2310 3938 et
2340 3894 2451 3957 pro
2485 3895 2557 3939 ea
2589 3895 2654 3940 re
2683 3875 2926 3942 fructus
2975 3880 3225 3963 aliquos

756 3974 907 4038 dicti
934 3973 1209 4039 beneficii
1246 3976 1560 4059 receperit,
1595 3977 1694 4041 vel
1726 3979 1981 4060 pactum
2012 3976 2412 4040 intervenerit
2442 3976 2516 4041 de
2548 3977 2936 4061 percipiendo
2973 3982 3075 4044 vel
3107 3980 3227 4045 sol·

757 4077 952 4142 vendo
1000 4076 1198 4141 eidem
1229 4103 1289 4140 ».
1331 4077 1412 4141 Et
1457 4079 1659 4161 reipsa
1706 4081 1770 4142 in
1818 4078 2277 4144 Constitutione
2325 4078 2422 4143 Pii
2454 4078 2531 4143 V.
2567 4100 2627 4144 n.
2665 4083 2725 4144 5.
2767 4082 2931 4164 apud
2977 4082 3226 4147 Giraldi

756 4198 899 4264 pag.
928 4179 1077 4244 571.
1110 4179 1260 4244 haec
1284 4180 1603 4264 leguntur:
1637 4206 1672 4239 «
1698 4182 1976 4264 Denique
2009 4181 2063 4246 si
2094 4182 2233 4263 quis
2260 4201 2369 4263 pro
2402 4185 2789 4249 concessione
2815 4184 3006 4249 alicui
3030 4185 3226 4262 faeta,

758 4300 1145 4365 quacumque
1177 4283 1571 4361 auctoritate,
1612 4284 1687 4348 de
1718 4284 2008 4348 beneficio
2043 4284 2476 4363 ecclesiastico,
2509 4306 2618 4370 per
2648 4305 2711 4350 se
2748 4287 2847 4351 vel
2884 4306 2995 4370 per
3027 4289 3227 4353 alium

759 4401 868 4446 seu
900 4382 1055 4447 alios
1086 4384 1517 4462 intercesserit,
1546 4386 1642 4449 vel
1676 4386 1833 4450 alias
1857 4386 1922 4450 in
1946 4387 2197 4471 negotio
2222 4389 2630 4453 concessionis
2653 4408 2782 4453 sese
2805 4388 3229 4455 immiscuerit

760 4502 1008 4567 quoquo
1042 4487 1243 4563 mod0,
1278 4486 1491 4550 deinde
1516 4488 1754 4569 aliquid
1786 4489 1857 4553 de
1891 4489 2196 4555 fructibus
2229 4492 2377 4556 talis
2409 4491 2684 4556 beneficii
2714 4491 2786 4556 de
2811 4490 3002 4567 facto,
3026 4493 3230 4558 etiam

760 4605 866 4671 per
902 4606 1123 4652 manus
1169 4590 1538 4671 possessoris
1569 4610 1642 4655 ac
1678 4591 1868 4655 etiam
1907 4593 2204 4675 simplicis
2243 4594 2594 4659 donationis
2632 4593 2822 4658 titulo
2855 4595 3228 4677 perceperit,
