3497 5147
370 349 516 425 [970]
892 364 976 405 An
1013 364 1093 405 m·
1126 365 1376 413 quamn
1414 365 1688 408 vacca-ra
1726 366 1862 407 sm‘r
1899 366 2132 409 030333
2172 366 2302 408 mc·
2723 353 2832 409 717

370 461 655 527 30131331
691 461 1023 546 ,peccatum
1067 463 1352 528 mortale.
1401 463 1674 530 Possunt
1717 463 1880 530 enim
1927 463 2077 532 haec
2123 465 2353 547 absque
2397 464 2651 530 libidine
2697 465 2831 530 fieri

370 564 470 629 vel
505 566 756 648 propter
791 555 1301 629 consuetudinem
1346 565 1585 648 patriae
1630 566 1731 631 vel
1775 568 2027 651 propter
2073 567 2348 650 aliquam
2395 568 2828 633 necessitatem

369 670 482 732 aut
526 666 963 732 rationabilem
1009 686 1284 734 causam.
1332 668 1474 733 Alio
1522 668 1705 734 modo
1755 669 1982 735 dicitur
2043 670 2281 753 aliquid
2326 690 2457 736 esse
2503 672 2828 754 peccatum

368 771 633 835 mortale
665 772 737 834 e'x
767 788 882 836 sua
918 789 1126 836 03333.
1161 771 1416 836 Dictum
1448 771 1544 836 est
1575 773 1788 837 autem
1819 791 2008 856 supra
2046 775 2100 837 1.
2140 775 2199 838 2.
2234 793 2293 857 q.
2334 774 2436 838 74.
2473 793 2510 838 a
2546 775 2625 846 7..
2661 772 2825 856 quod

368 891 699 938 consensus
742 872 809 937 in
855 872 1329 939 delectationem
1360 874 1597 957 peccati
1631 873 1920 939 mortalis
1965 877 2061 940 est
2105 877 2429 959 peccatum
2460 875 2727 940 mortale
2763 876 2830 939 et

368 993 490 1039 non
537 976 741 1041 solum
778 993 1110 1040 consensus
1155 975 1219 1039 in
1267 977 1497 1040 actum.
1530 976 1613 1040 Et
1648 975 1786 1040 ideo
1834 995 1976 1042 cum
2020 977 2348 1042 fornicatio
2387 978 2473 1042 sit
2502 979 2827 1061 peccatum

367 1077 633 1142 mortale
681 1078 745 1142 et
787 1078 990 1142 multo
1037 1078 1241 1163 magis
1279 1078 1438 1143 aliae
1474 1078 1757 1144 luxuriae
1802 1079 2059 1162 species3
2095 1098 2472 1162 consequens
2511 1083 2626 1154 est,
2661 1077 2826 1161 quod

366 1199 698 1245 consensus
743 1180 807 1244 in
854 1180 1326 1246 delectationem
1356 1180 1505 1245 talis
1549 1181 1790 1264 peccati
1819 1181 1904 1247 sit
1933 1183 2256 1265 peccatum
2302 1183 2569 1247 mortale
2610 1185 2674 1246 et
2705 1200 2828 1246 non

366 1284 572 1348 solum
618 1302 950 1349 consensus
995 1283 1059 1348 in
1108 1286 1337 1349 actum.
1384 1284 1468 1348 Et
1513 1282 1650 1348 ideo
1696 1304 1840 1350 cum
1879 1284 2090 1349 oscula
2137 1284 2200 1350 et
2247 1286 2569 1369 amplexus
2619 1284 2830 1350 huius-

365 1384 533 1450 modi
579 1387 829 1469 propter
876 1385 1349 1451 delectationem
1392 1386 1752 1453 huiusmodi
1797 1385 2042 1470 (nempe
2087 1387 2439 1471 veneream)
2480 1386 2656 1460 fiant,
2690 1405 2829 1451 con-

366 1505 623 1569 sequens
655 1489 769 1565 est,
802 1487 968 1569 quod
999 1487 1128 1552 sint
1155 1488 1408 1572 peccata
1442 1488 1738 1553 mortalia
1762 1512 1825 1552 ι».
1858 1485 1951 1553 Cf.
1984 1487 2579 1553 demonstrationem
2611 1488 2826 1552 datam

364 1609 425 1653 3.
458 1589 609 1653 965.

455 1690 674 1771 Quoad
718 1693 1156 1775 argomentum
1188 1710 1238 1756 3.
1286 1691 1561 1758 Thomae
1606 1691 1907 1757 declarari
1938 1694 2147 1777 potest
2178 1694 2381 1758 verbis
2429 1692 2697 1758 Sanchez
2744 1693 2820 1757 de

364 1793 569 1858 Matr.
594 1794 638 1858 1.
666 1813 717 1858 0.
742 1813 803 1858 3.
834 1794 891 1858 7.
926 1817 961 1852 «
986 1792 1295 1873 Quoniam
1325 1795 1643 1877 amplexus
1675 1795 1738 1859 01
1765 1795 1977 1860 030313
2002 1795 2081 1860 ob
2103 1794 2578 1861 delectationem
2603 1796 2822 1860 habita.

364 1897 584 1980 suapte
627 1897 856 1960 natura
886 1897 951 1961 et
994 1896 1321 1960 intrinsece
1359 1895 1723 1961 ordinantur
1763 1897 1841 1960 ad
1872 1897 2181 1981 copulam,
2229 1898 2535 1980 tanquam
2565 1899 2823 1962 circum-

363 1999 633 2064 stantiae
660 1998 833 2065 illius
863 1997 1391 2082 (praeparatoriae
1421 2018 1638 2083 nempe
1676 2001 1790 2065 aut
1835 2000 2385 2084 concomitantes):
2421 1999 2588 2082 quod
2621 2001 2718 2064 vel
2749 2019 2822 2065 ex

362 2121 434 2168 eo
466 2103 732 2178 constat,
767 2101 934 2183 quod
969 2100 1301 2185 praedictis
1333 2101 1605 2166 tactibus
1652 2102 1916 2168 utantur
1948 2103 2154 2181 bruta,
2187 2102 2339 2167 dum
2375 2121 2441 2167 se
2475 2103 2553 2167 ad
2585 2103 2822 2168 coitum

362 2205 735 2287 praeparant
780 2204 843 2268 et
878 2205 1105 2268 natura
1150 2203 1214 2268 in
1262 2204 1349 2267 eis
1396 2203 1787 2288 voluptatem
1833 2204 1996 2269 sicut
2041 2204 2106 2269 in
2153 2204 2323 2269 coitu
2361 2205 2717 2288 apposuerit
2751 2224 2823 2268 ac

361 2305 562 2371 instar
603 2305 775 2370 illius
818 2306 1155 2371 immutent
1199 2324 1421 2390 corpus
1464 2306 1793 2389 ipsumque
1839 2306 2163 2372 delectent.
2195 2307 2284 2371 At
2317 2306 2822 2372 circumstantiae

359 2406 727 2472 intrinsecae
759 2407 935 2473 actus
967 2407 1345 2491 participant
1374 2407 1630 2473 eandem
1650 2407 1849 2491 ipsius
1885 2408 2198 2474 malitiam
2229 2433 2290 2471 ».
2327 2405 2420 2472 Of.
2448 2405 2821 2473 Caietanum

358 2508 424 2572 in
462 2511 580 2575 art.
614 2509 720 2573 cit.
753 2527 804 2573 s.
839 2509 1133 2575 Thomae.

448 2611 707 2692 Quando
755 2611 968 2677 autem
1002 2612 1259 2677 luxuria·
1297 2614 1392 2678 est
1436 2613 1730 2678 indirecte
1764 2632 1871 2697 per
1904 2613 2181 2696 aliquam
2219 2632 2291 2678 ex
2324 2613 2420 2677 his
2470 2613 2819 2678 actionibus

362 2715 577 2793 volita,
608 2717 748 2779 tum
794 2715 868 2780 ut
912 2714 1030 2779 rite
1066 2714 1392 2791 iudicetur,
1429 2734 1507 2778 an
1554 2718 1617 2779 et
1662 2717 1969 2798 quatenus
2017 2735 2123 2781 eae
2170 2717 2297 2781 sint
2342 2719 2616 2799 peccata,
2652 2715 2820 2780 adhi-

360 2818 592 2885 bendae
623 2821 770 2885 sunt
800 2818 1053 2903 regulae
1085 2818 1158 2882 de
1191 2818 1544 2883 voluntario
1575 2819 1641 2883 in
1672 2837 1880 2895 causa,
1907 2838 2064 2901 quas
2084 2820 2214 2884 iam
2236 2820 2553 2886 innuimus
2578 2840 2637 2884 n.
2666 2820 2815 2884 968.

361 2923 606 2988 00113113
652 2942 899 3006 quoque
944 2922 1096 2988 locis
1143 2921 1354 2988 citatis
1401 2941 1473 2985 ex
1518 2923 1598 2986 tr.
1648 2921 1722 2986 cle
1767 2920 2080 2997 Peccatis,
2129 2943 2395 3005 quarum
2459 2924 2818 3009 regularum

361 3024 695 3108 applicatio
742 3025 807 3089 in
852 3023 1339 3090 resolutionibus
1388 3027 1685 3089 occurret.

452 3124 628 3198 970.
661 3125 1010 3193 Secundum
1034 3127 1379 3191 doctrinam
1403 3146 1452 3192 3.
1482 3127 1778 3205 Thomae,
1805 3129 1981 3192 actus
2011 3128 2356 3212 imperfecti
2382 3129 2664 3194 luxuriae
2697 3149 2818 3194 non

361 3231 591 3296 habent
636 3250 859 3296 nomen
904 3230 1159 3312 peccati,
1192 3229 1311 3294 nisi
1355 3228 1692 3294 secundum
1738 3230 1906 3313 quod
1954 3231 2317 3295 ordinantur
2357 3230 2435 3294 ad
2474 3233 2651 3295 actus
2690 3252 2821 3315 per-

361 3332 586 3407 fectos;
636 3332 943 3415 quatenus
989 3349 1206 3412 nempe
1237 3332 1384 3395 sunt
1420 3332 1642 3395 horum
1676 3351 1747 3395 ex
1779 3335 2006 3396 natura
2043 3351 2156 3396 sua
2189 3334 2582 3416 praeparatio
2633 3336 2695 3397 et
2730 3335 2821 3398 in-

361 3433 608 3499 choatio
642 3434 705 3497 et
735 3429 1075 3515 procedunt
1107 3449 1179 3494 ex
1214 3430 1426 3494 eadem
1456 3432 1728 3510 libidine,
1757 3453 1828 3498 ex
1859 3453 1983 3516 qua
2016 3435 2193 3499 actus
2217 3434 2472 3517 perfecti
2505 3453 2563 3516 q.
2591 3454 2642 3498 c.
2672 3456 2727 3499 a.
2753 3438 2815 3500 4.

361 3536 439 3601 ad
476 3538 559 3599 1¹¹¹
592 3538 654 3600 et
679 3538 787 3599 2³¹.
821 3532 921 3599 Sic
955 3534 1161 3598 tactus
1190 3533 1539 3616 impudicus
1571 3535 1764 3600 soluti
1796 3556 1938 3600 cum
1963 3537 2191 3612 301313,
2219 3536 2420 3602 tendit
2459 3536 2534 3600 ad
2560 3535 2819 3602 fornica-

360 3641 613 3717 tionem,
654 3639 818 3704 idem
849 3657 989 3703 cum
1019 3656 1207 3703 uxore
1238 3636 1514 3716 alterius,
1556 3639 1634 3702 ad
1681 3639 2077 3717 adulterium,
2111 3641 2302 3705 maris
2340 3660 2482 3705 cum
2515 3660 2704 3717 mare,
2741 3642 2815 3705 ad

360 3742 705 3809 sodomiam
742 3742 859 3806 etc.
908 3741 1149 3817 Tendit,
1187 3740 1465 3822 inquam,
1512 3740 1915 3818 naturaliter,
1964 3744 2037 3806 ut
2084 3742 2174 3806 ait
2220 3761 2269 3807 3.
2311 3742 2615 3817 Τ1101333;
2666 3743 2813 3824 quin

362 3863 517 3930 opus
549 3844 651 3922 sit,
685 3845 760 3909 ut
791 3863 860 3907 ex
893 3843 1027 3926 ipsa
1056 3842 1400 3909 intentione
1436 3843 1678 3929 agentis
1712 3844 1791 3908 ad
1820 3842 1978 3908 illud
2012 3843 2349 3909 ordinetur.

449 3946 651 4027 Quam
696 3945 1041 4010 doctrinam
1088 3964 1135 4010 s.
1184 3946 1459 4011 Thomae
1505 3945 1814 4030 explicans
1860 3946 2006 4010 ibid.
2057 3943 2392 4012 Caietanus
2442 3946 2568 4011 ait:
2626 3948 2814 4011 «ista

359 4051 620 4133 (oscula,
648 4051 855 4115 tactus
880 4051 1045 4133 etc.),
1071 4051 1146 4114 31
1167 4052 1314 4115 3331
1336 4052 1587 4133 peccata
1611 4049 1927 4129 mortalia,
1957 4068 2078 4114 non
2110 4051 2258 4115 3331
2281 4049 2543 4115 alterius
2570 4050 2811 4132 speciei,

360 4174 549 4238 quam
584 4154 696 4218 illa
742 4152 865 4217 alia
898 4154 1278 4229 enumerata,
1309 4153 1543 4218 scilicet
1573 4152 1926 4231 fornicatiO,
1957 4152 2356 4218 immunditia
2393 4153 2456 4217 et
2488 4152 2719 4217 similia
2750 4177 2813 4216 ».

447 4256 748 4323 Doctrina
794 4246 843 4320 s.
877 4255 1152 4319 Thomae
1198 4272 1320 4319 non
1352 4256 1448 4319 est
1475 4254 1766 4321 difficilis.
1797 4254 1858 4319 N
1862 4275 1940 4323 on
1977 4256 2167 4340 negat
2204 4256 2301 4319 his
2342 4255 2585 4320 actibus
2618 4256 2815 4320 inesse

361 4361 713 4425 absolutam
744 4360 807 4423 et
843 4357 1241 4423 intrinsecam
1264 4357 1593 4447 malitiam,
1626 4378 1753 4441 qua
1789 4360 1941 4424 mali
1963 4359 2108 4437 sint,
2136 4359 2256 4424 etsi
2294 4360 2470 4422 actus
2510 4358 2816 4440 perfectus

359 4480 483 4526 non
511 4461 873 4526 intendatur
903 4459 1017 4523 331
1046 4458 1221 4539 sequi
1242 4477 1365 4523 non
1402 4460 1625 4541 possit;
1658 4480 1808 4526 nam
1836 4461 2176 4544 procedunt
2209 4479 2280 4525 ex
2302 4460 2556 4524 libidine
2582 4460 2815 4538 eadem,

361 4582 485 4644 qua
531 4565 706 4628 actus
742 4561 1015 4646 perfecti,
1050 4560 1110 4623 h.
1144 4580 1197 4625 e.
1231 4579 1303 4625 ex
1333 4561 1673 4626 intentione
1710 4582 2001 4628 venereae
2032 4561 2483 4639 delectationis,
2520 4581 2708 4644 quam
2753 4561 2818 4624 in
