3497 5147
701 324 812 378 856
1305 334 1519 375 ‘raama
1545 335 1651 375 vn.
1682 332 1846 375 snc‘r.
1874 334 1913 372 1.
1941 333 2026 372 nn
2051 330 2309 373 rmumo.
2335 330 2479 371 nun.
2510 329 2574 369 11.
2988 311 3177 387 [1142]

703 436 897 499 teneri
933 434 1128 498 etiam
1160 434 1305 515 post
1335 431 1791 515 sexagesimum
1828 449 2078 504 annum,
2114 429 2168 491 si
2205 445 2433 491 vovens
2467 426 2564 491 vel
2595 424 2699 506 (ut
2731 425 2823 487 ait
2847 423 3169 507 Ligorius)

699 538 1138 620 praesumatur
1189 535 1265 598 ad
1313 535 1375 598 id
1422 553 1668 615 quoque
1714 552 1780 597 se
1827 532 2103 614 obligare
2150 530 2441 605 voluisse,
2475 527 2574 592 vel
2619 527 2724 608 (ut
2753 526 2905 590 dicit
2937 527 3169 608 Diana)

699 639 753 701 si
801 658 1085 719 expresse
1124 656 1189 702 se
1238 637 1507 701 voluerit
1554 636 1830 719 obligare
1877 634 2068 698 etiam
2098 634 2164 697 in
2210 632 2545 696 senectute.
2584 630 2781 695 Affert
2812 630 3026 693 autem
3057 647 3165 710 pro

697 740 816 803 hac
839 740 1148 804 sententia
1172 739 1514 823 Laymann,
1550 738 1792 821 Sporer,
1819 737 2056 813 Anacl.,
2083 736 2278 811 Elbel,
2314 733 2679 817 Roncaglia,
2705 732 2951 796 Holzm.
2980 730 3164 795 Secus

695 845 930 919 autem,
965 842 1170 924 inquit
1220 862 1269 906 s.
1313 842 1521 923 Alph.,
1556 839 1881 904 dicendum
1928 859 2071 903 cum
2103 838 2402 902 Anacleto
2450 839 2515 901 et
2546 835 2743 908 Elbel,
2775 834 2829 899 si
2877 834 3018 915 quis
3056 853 3165 898 vo-

693 947 841 1008 veat
869 946 1007 1008 sine
1042 944 1158 1007 tali
1204 945 1601 1023 expressione
1633 945 1695 1007 et
1726 961 1850 1006 non
1897 941 2184 1005 advertat
2221 940 2298 1004 ad
2348 942 2619 1005 aetatem
2668 937 3159 1021 sexagenariam;

690 1048 844 1111 tunc
890 1048 1055 1112 enim
1101 1066 1223 1112 non
1272 1047 1586 1131 obligasse
1631 1064 1696 1110 se
1742 1046 2026 1110 censetur
2071 1043 2192 1107 nisi
2239 1043 2316 1107 ad
2363 1043 2561 1107 instar
2619 1040 2929 1124 praecepti
2981 1040 3164 1105 eccle-
3262 1124 3267 1128 ι

691 1150 949 1226 siastici,
992 1151 1166 1213 iuxta
1208 1150 1473 1231 primam
1521 1148 1912 1223 sententiam,
1963 1145 2060 1210 vel
2106 1145 2255 1227 quia
2304 1144 2659 1226 supervenit
2705 1142 2998 1207 notabilis
3029 1162 3163 1207 mu·

690 1252 874 1327 tatio,
910 1251 986 1314 ad
1020 1270 1210 1332 quam
1248 1252 1302 1314 si
1342 1250 1728 1325 advertisset,
1764 1267 1886 1313 non
1917 1248 2283 1312 intendisset
2329 1267 2392 1312 se
2442 1246 2738 1330 obligare,
2772 1245 2947 1309 iuxta
2995 1245 3160 1309 dicta

689 1352 808 1417 hoc
854 1353 1012 1417 libro
1061 1354 1121 1417 3.
1161 1373 1220 1416 n.
1258 1354 1407 1418 226.
1443 1376 1506 1414 ».
1553 1352 1864 1415 Iudicium
1910 1350 2145 1415 scilicet
2189 1350 2263 1414 de
2309 1350 2407 1414 his
2455 1349 2772 1414 ferendum
2819 1349 2934 1425 est,
2984 1349 3158 1413 iuxta

687 1456 1040 1539 generalem
1088 1455 1438 1520 doctrinam
1484 1454 1558 1518 de
1605 1456 1899 1519 votorum
1946 1455 2028 1519 vi.

781 1553 972 1626 1142.
1014 1557 1230 1637 Quoad
1280 1556 1542 1620 feminas
1589 1557 2154 1641 quinquagenarias
2202 1556 2419 1637 utique
2468 1554 2636 1619 haud
2677 1553 3017 1635 spernenda
3063 1558 3155 1618 est

686 1659 870 1736 ratio,
906 1679 1096 1741 quam
1143 1680 1191 1724 3.
1227 1659 1412 1741 Alph.
1449 1679 1507 1722 3.
1548 1659 1738 1723 1037.
1788 1659 2040 1741 profert,
2091 1661 2373 1724 constare
2421 1656 2813 1740 experientia,
2863 1656 3030 1738 quod
3076 1657 3158 1722 fe-

682 1763 888 1826 minae
936 1763 1064 1826 sine
1114 1762 1486 1826 detrimento
1520 1762 1893 1825 valetudinis
1931 1762 2175 1826 facilius
2207 1761 2512 1836 ieiunant,
2543 1779 2687 1824 cum
2720 1760 2891 1842 ipsae
2927 1760 3155 1824 minori

681 1864 1004 1948 indigeant
1051 1865 1209 1929 cibo.

772 1966 972 2031 Simul
1019 1969 1227 2032 tamen
1278 1987 1496 2032 verum
1542 1970 1656 2041 est,
1704 1967 1870 2049 quod
1918 1967 2026 2030 alii
2076 1968 2426 2039 observant,
2471 1965 2534 2029 in
2583 1965 2827 2029 feminis
2877 1967 3156 2030 senectu-

678 2070 810 2132 tem
857 2070 1183 2152 anticipari
1231 2090 1340 2134 nec
1386 2072 1594 2134 minus
1639 2070 1703 2133 in
1753 2069 1999 2133 feminis
2047 2088 2234 2151 quam
2281 2069 2348 2131 13
2395 2067 2544 2132 viris
2593 2068 2972 2132 senectutem
3019 2087 3150 2133 aese

677 2173 987 2238 morbum.

766 2276 800 2313 ’¹‘
836 2274 1103 2342 Sanchez
1136 2279 1209 2342 de
1250 2279 1455 2343 Matr.
1490 2279 1533 2341 l.
1572 2280 1629 2341 7.
1667 2277 1723 2341 d.
1761 2279 1866 2340 32.
1903 2297 1961 2341 3.
2003 2278 2102 2340 17.
2141 2277 2414 2339 testatur
2450 2294 2514 2339 se
2562 2274 2867 2339 neminem
2919 2276 3146 2340 vidisse

675 2377 785 2458 qui
830 2379 989 2443 hanc
1035 2382 1466 2461 quaestionem
1514 2380 1908 2461 peculiariter
1955 2380 2185 2462 ageret.
2229 2380 2366 2460 Ipse
2399 2378 2611 2441 allatis
2649 2396 2759 2458 pro
2793 2378 3144 2442 affirmante

674 2483 738 2543 et
782 2484 1049 2564 negante
1095 2483 1406 2547 sententia
1455 2481 1862 2566 argumentiS,
1911 2482 2127 2544 narrat
2183 2480 2552 2562 argumenta
2608 2497 2719 2561 pro
2770 2479 3132 2555 affirmante,

672 2582 934 2648 feminas
974 2586 1543 2670 quinquagenarias
1589 2604 1711 2650 non
1744 2585 1939 2648 teneri
1986 2585 2121 2667 lege
2158 2583 2394 2656 ieiunii,
2425 2582 2732 2664 placuisse
2768 2582 3136 2664 quibusdam

671 2685 822 2748 viris
860 2685 1078 2752 doctis.
1115 2688 1203 2751 Ea
1242 2688 1408 2764 sunt,
1444 2689 1591 2770 quia
1627 2687 1856 2751 femina
1889 2686 2422 2770 quinquagenaria
2454 2704 2646 2766 aeque
2685 2685 3142 2767 appropinquat

668 2789 862 2852 morti
908 2808 982 2854 ac
1026 2791 1122 2854 vir
1176 2791 1645 2876 sexagenarius:
1695 2789 1844 2872 quia
1889 2789 2178 2853 similiter
2227 2787 2463 2851 viribus
2500 2786 2867 2851 destituitur
2902 2789 2967 2852 et
2997 2791 3141 2872 eget

667 2888 1073 2970 frequentiori
1106 2895 1457 2977 sumptione
1488 2894 1630 2968 cibi,
1665 2911 1849 2974 quem
1881 2893 2088 2958 totum
2122 2889 2309 2954 simul
2341 2908 2553 2972 capere
2585 2890 2821 2971 nequit,
2857 2893 2932 2954 ut
2969 2892 3139 2955 calor

667 2990 879 3054 senilis
911 2994 1217 3075 paulatim
1251 2997 1432 3060 illum
1457 3014 1716 3076 coquere
1740 2994 1958 3074 possit,
1992 3011 2151 3073 quae
2183 2993 2279 3055 est
2307 2992 2492 3068 ratio,
2528 2992 2637 3066 ait,
2674 2990 3002 3073 potissima
3026 3012 3136 3074 pro

665 3097 1101 3178 sexagenariis.
1151 3099 1202 3161 E
1250 3098 1561 3162 contrario
1624 3095 1932 3160 sententia
1978 3112 2211 3178 negans
2257 3093 2354 3156 illi
2401 3095 2772 3178 argumento
2819 3094 3132 3172 innititur,

664 3198 832 3279 quod
879 3200 1105 3266 femina
1152 3202 1379 3266 minori
1425 3201 1601 3281 copia
1647 3200 1770 3264 cibi
1814 3200 1998 3283 egeat
2028 3200 2093 3262 et
2122 3198 2367 3262 facilius
2414 3198 2648 3262 ieiunet
2685 3201 2748 3262 et
2783 3200 3134 3264 communis

664 3301 893 3383 opinio,
944 3323 1239 3369 excusans
1302 3302 1757 3388 sexagenarioS,
1807 3301 2347 3366 indiscriminatim
2407 3301 2706 3382 loquatur
2751 3300 2825 3365 de
2873 3302 3024 3365 viris
3071 3306 3134 3366 et

662 3403 927 3471 feminis.

748 3509 889 3591 Ipse
938 3511 1150 3574 autem
1195 3509 1535 3575 concludit:
1592 3533 1627 3566 ‹
1661 3509 1753 3572 Re
1797 3525 2042 3571 mecum
2077 3505 2464 3570 considerata
2511 3507 2577 3572 et
2619 3505 2967 3570 rationibus
2999 3527 3136 3590 per-

664 3614 888 3697 pensis,
923 3613 1210 3678 existimo
1235 3612 1392 3676 nihil
1428 3611 1671 3676 ratione
1701 3611 1950 3675 devium
1983 3627 2094 3672 nec
2123 3608 2514 3673 mediocriter
2546 3607 2819 3672 alienum
2844 3627 2880 3672 a
2912 3609 3134 3690 proba·

660 3717 906 3781 bilitate
953 3716 1290 3789 dicturum,
1329 3715 1437 3797 qui
1474 3715 1734 3777 feminas
1766 3710 2333 3795 quinquagenarias
2372 3729 2408 3773 a
2445 3709 2674 3773 ieiunio
2719 3712 3127 3790 excusaverit,

656 3819 823 3882 sicut
851 3819 971 3881 viri
1002 3818 1385 3901 sexagenarii
1415 3818 1809 3882 excusantur.
1842 3816 1930 3879 At
1976 3813 2125 3877 dum
2161 3812 2331 3876 aliud
2361 3831 2485 3876 non
2517 3813 2876 3895 apparuerit
2896 3814 3129 3878 clarius

657 3919 1043 3994 convincem,
1079 3921 1381 4000 tanquam
1411 3918 1890 4002 probabiliorem
1922 3917 2086 4000 eligo
2122 3915 2490 3999 opinionem,
2525 3934 2684 3997 quae
2717 3916 3004 3993 sustinet,
3037 3917 3130 3980 in-

657 4022 1132 4087 discriminatim
1179 4023 1253 4087 de
1301 4025 1507 4087 aetate
1554 4021 1671 4085 viri
1718 4023 1784 4085 et
1829 4015 2112 4096 feminae,
2163 4019 2241 4083 ad
2295 4018 2711 4083 excusandum
2764 4039 2801 4083 a
2855 4019 3125 4096 ieiuniis,

652 4124 1033 4208 loquendum
1065 4144 1215 4190 esse.
1253 4125 1334 4190 Et
1380 4124 1728 4189 deservient
1759 4121 2093 4204 praedicta,
2128 4141 2204 4184 ne
2236 4119 2600 4185 damnemus
2648 4121 3128 4204 amplectentem

652 4229 1025 4310 opinionem,
1065 4246 1224 4308 quae
1272 4226 1532 4290 feminas
1578 4225 2144 4308 quinquagenarias
2191 4224 2478 4289 excusat:
2517 4224 2944 4301 veruntamen,
2975 4225 3126 4289 licet

656 4331 972 4413 praedicta
1021 4328 1354 4394 ostendant
1398 4348 1538 4393 eam
1585 4328 1935 4409 opinionem
1982 4345 2113 4392 esse
2157 4326 2561 4409 probabilem,
2609 4327 2990 4409 speculative
3036 4328 3129 4393 lo-

655 4434 919 4514 quendo,
954 4434 1022 4497 at
1052 4431 1117 4495 in
1151 4432 1325 4515 praxi
1362 4450 1577 4496 censeo
1610 4449 1732 4494 non
1770 4448 1901 4494 esse
1939 4431 2147 4494 tutam
2180 4454 2241 4492 ».

740 4535 828 4598 At
856 4534 920 4599 in
954 4534 1293 4617 posteriore
1335 4552 1515 4617 opere
1555 4531 1792 4597 Gonsz'l.
1825 4534 1868 4596 1.
1898 4534 1958 4596 5.
1983 4553 2035 4597 6.
2068 4534 2125 4597 1.
2151 4531 2296 4596 dub.
2324 4533 2387 4595 4.
2413 4552 2475 4597 n.
2510 4533 2570 4596 6.
2607 4532 2978 4597 sententiam
3027 4532 3124 4597 af-

652 4637 1006 4701 firmantem
1043 4636 1305 4700 feminas
1344 4636 1907 4720 quinquagenarias
1941 4655 1977 4700 a
2009 4635 2239 4700 ieiunio
2272 4637 2569 4713 excusari,
2604 4636 2886 4701 absolute
2918 4636 3122 4703 docet.
