<?xml version="1.0" encoding="UTF-8"?>
<!DOCTYPE html PUBLIC "-//W3C//DTD XHTML 1.0 Transitional//EN"
    "http://www.w3.org/TR/xhtml1/DTD/xhtml1-transitional.dtd">
<html xmlns="http://www.w3.org/1999/xhtml" xml:lang="en" lang="en">
 <head>
  <title>
</title>
<meta http-equiv="Content-Type" content="text/html;charset=utf-8" />
  <meta name='ocr-system' content='tesseract 3.04.00' />
  <meta name='ocr-capabilities' content='ocr_page ocr_carea ocr_par ocr_line ocrx_word'/>
</head>
<body>
  <div class='ocr_page' id='page_1' title='image "./opustheologicum00ballgoog/opustheologicum00ballgoog_0679.png"; bbox 0 0 3497 5147; ppageno 0'>
   <div class='ocr_carea' id='block_1_1' title="bbox 624 332 3100 413">
    <p class='ocr_par' dir='ltr' id='par_1_1' title="bbox 624 332 3100 413">
     <span class='ocr_line' id='line_1_1' title="bbox 624 332 3100 413; baseline 0.004 -27"><span class='ocrx_word' id='word_1_1' title='bbox 624 332 733 388; x_wconf 79' lang='lat'>672</span> <span class='ocrx_word' id='word_1_2' title='bbox 803 346 1015 388; x_wconf 68' lang='lat' dir='ltr'>macr.</span> <span class='ocrx_word' id='word_1_3' title='bbox 1043 345 1123 387; x_wconf 83' lang='lat' dir='ltr'>vr.</span> <span class='ocrx_word' id='word_1_4' title='bbox 1152 344 1315 386; x_wconf 73' lang='lat' dir='ltr'>snc‘r.</span> <span class='ocrx_word' id='word_1_5' title='bbox 1342 346 1397 386; x_wconf 83' lang='lat' dir='ltr'>v.</span> <span class='ocrx_word' id='word_1_6' title='bbox 1424 345 1510 385; x_wconf 72' lang='lat' dir='ltr'>ma</span> <span class='ocrx_word' id='word_1_7' title='bbox 1533 345 1762 394; x_wconf 77' lang='lat' dir='ltr'>Qumro</span> <span class='ocrx_word' id='word_1_8' title='bbox 1788 346 2004 389; x_wconf 62' lang='lat' dir='ltr'>emm.</span> <span class='ocrx_word' id='word_1_9' title='bbox 2031 348 2360 393; x_wconf 62' lang='lat' dir='ltr'>vincamur.</span> <span class='ocrx_word' id='word_1_10' title='bbox 2398 350 2529 392; x_wconf 64' lang='lat' dir='ltr'>car.</span> <span class='ocrx_word' id='word_1_11' title='bbox 2555 352 2593 390; x_wconf 88' lang='lat'>1.</span> <span class='ocrx_word' id='word_1_12' title='bbox 2623 350 2767 393; x_wconf 77' lang='lat' dir='ltr'>nun.</span> <span class='ocrx_word' id='word_1_13' title='bbox 2793 353 2875 394; x_wconf 74' lang='grc' dir='ltr'>ιν.</span> <span class='ocrx_word' id='word_1_14' title='bbox 2950 337 3100 413; x_wconf 86' lang='grc'>[906]</span> 
     </span>
    </p>
   </div>
   <div class='ocr_carea' id='block_1_2' title="bbox 621 443 3097 1557">
    <p class='ocr_par' dir='ltr' id='par_1_2' title="bbox 625 443 3096 733">
     <span class='ocr_line' id='line_1_2' title="bbox 716 443 3093 531; baseline 0.003 -23"><span class='ocrx_word' id='word_1_15' title='bbox 716 444 897 509; x_wconf 86' lang='lat' dir='ltr'>Dices</span> <span class='ocrx_word' id='word_1_16' title='bbox 946 443 1151 527; x_wconf 87' lang='lat' dir='ltr'>(Lugo</span> <span class='ocrx_word' id='word_1_17' title='bbox 1198 462 1259 506; x_wconf 91' lang='lat' dir='ltr'>n.</span> <span class='ocrx_word' id='word_1_18' title='bbox 1313 443 1526 525; x_wconf 82' lang='lat'>105.):</span> <span class='ocrx_word' id='word_1_19' title='bbox 1576 445 1787 524; x_wconf 86' lang='lat' dir='ltr'>potest</span> <span class='ocrx_word' id='word_1_20' title='bbox 1820 445 2168 528; x_wconf 82' lang='lat' dir='ltr'>respublica</span> <span class='ocrx_word' id='word_1_21' title='bbox 2214 447 2535 513; x_wconf 90' lang='lat' dir='ltr'>subditum</span> <span class='ocrx_word' id='word_1_22' title='bbox 2581 466 2880 531; x_wconf 78' lang='lat' dir='ltr'>exponere</span> <span class='ocrx_word' id='word_1_23' title='bbox 2926 453 3093 514; x_wconf 88' lang='lat' dir='ltr'>certo</span> 
     </span>
     <span class='ocr_line' id='line_1_3' title="bbox 626 545 3096 629; baseline 0.001 -16"><span class='ocrx_word' id='word_1_24' title='bbox 626 548 847 613; x_wconf 88' lang='lat' dir='ltr'>mortis</span> <span class='ocrx_word' id='word_1_25' title='bbox 880 546 1152 629; x_wconf 88' lang='lat' dir='ltr'>periculo</span> <span class='ocrx_word' id='word_1_26' title='bbox 1202 547 1453 629; x_wconf 90' lang='lat' dir='ltr'>propter</span> <span class='ocrx_word' id='word_1_27' title='bbox 1499 545 1732 610; x_wconf 91' lang='lat' dir='ltr'>bonum</span> <span class='ocrx_word' id='word_1_28' title='bbox 1779 565 2123 626; x_wconf 88' lang='lat' dir='ltr'>commune,</span> <span class='ocrx_word' id='word_1_29' title='bbox 2165 550 2274 614; x_wconf 90' lang='lat' dir='ltr'>ubi</span> <span class='ocrx_word' id='word_1_30' title='bbox 2305 569 2428 615; x_wconf 91' lang='lat' dir='ltr'>non</span> <span class='ocrx_word' id='word_1_31' title='bbox 2473 550 2821 615; x_wconf 78' lang='lat' dir='ltr'>intenditur</span> <span class='ocrx_word' id='word_1_32' title='bbox 2867 551 3096 617; x_wconf 88' lang='lat' dir='ltr'>bonum</span> 
     </span>
     <span class='ocr_line' id='line_1_4' title="bbox 625 648 2780 733; baseline 0.001 -18"><span class='ocrx_word' id='word_1_33' title='bbox 625 650 892 715; x_wconf 87' lang='lat' dir='ltr'>subditi:</span> <span class='ocrx_word' id='word_1_34' title='bbox 928 667 1075 733; x_wconf 87' lang='lat' dir='ltr'>ergo</span> <span class='ocrx_word' id='word_1_35' title='bbox 1107 649 1317 732; x_wconf 88' lang='lat' dir='ltr'>potest</span> <span class='ocrx_word' id='word_1_36' title='bbox 1347 648 1540 712; x_wconf 88' lang='lat' dir='ltr'>etiam</span> <span class='ocrx_word' id='word_1_37' title='bbox 1570 649 1823 731; x_wconf 88' lang='lat' dir='ltr'>propter</span> <span class='ocrx_word' id='word_1_38' title='bbox 1853 649 2016 714; x_wconf 91' lang='lat' dir='ltr'>idem</span> <span class='ocrx_word' id='word_1_39' title='bbox 2048 651 2278 717; x_wconf 86' lang='lat' dir='ltr'>bonum</span> <span class='ocrx_word' id='word_1_40' title='bbox 2312 670 2455 717; x_wconf 90' lang='lat' dir='ltr'>eum</span> <span class='ocrx_word' id='word_1_41' title='bbox 2489 652 2780 718; x_wconf 89' lang='lat' dir='ltr'>occidere.</span> 
     </span>
    </p>

    <p class='ocr_par' dir='ltr' id='par_1_3' title="bbox 621 754 3097 1454">
     <span class='ocr_line' id='line_1_5' title="bbox 713 754 3091 841; baseline 0 -21"><span class='ocrx_word' id='word_1_42' title='bbox 713 757 899 839; x_wconf 85' lang='lat' dir='ltr'>Resp.</span> <span class='ocrx_word' id='word_1_43' title='bbox 932 755 1183 819; x_wconf 88' lang='lat' dir='ltr'>Lessius</span> <span class='ocrx_word' id='word_1_44' title='bbox 1215 754 1322 818; x_wconf 90' lang='lat' dir='ltr'>lib.</span> <span class='ocrx_word' id='word_1_45' title='bbox 1374 755 1435 817; x_wconf 82' lang='lat'>2.</span> <span class='ocrx_word' id='word_1_46' title='bbox 1485 773 1621 837; x_wconf 92' lang='lat' dir='ltr'>cap.</span> <span class='ocrx_word' id='word_1_47' title='bbox 1658 756 1719 818; x_wconf 86' lang='lat'>9.</span> <span class='ocrx_word' id='word_1_48' title='bbox 1756 754 1902 820; x_wconf 87' lang='lat' dir='ltr'>dub.</span> <span class='ocrx_word' id='word_1_49' title='bbox 1943 757 2000 820; x_wconf 89' lang='lat'>7.</span> <span class='ocrx_word' id='word_1_50' title='bbox 2040 777 2101 821; x_wconf 93' lang='lat' dir='ltr'>n.</span> <span class='ocrx_word' id='word_1_51' title='bbox 2136 758 2242 822; x_wconf 84' lang='lat'>37.</span> <span class='ocrx_word' id='word_1_52' title='bbox 2283 757 2576 841; x_wconf 85' lang='lat' dir='ltr'>imperari</span> <span class='ocrx_word' id='word_1_53' title='bbox 2611 775 2792 840; x_wconf 83' lang='lat' dir='ltr'>posse</span> <span class='ocrx_word' id='word_1_54' title='bbox 2823 756 3091 832; x_wconf 80' lang='lat' dir='ltr'>subdite,</span> 
     </span>
     <span class='ocr_line' id='line_1_6' title="bbox 624 855 3097 942; baseline -0 -18"><span class='ocrx_word' id='word_1_55' title='bbox 624 862 697 924; x_wconf 90' lang='lat' dir='ltr'>ut</span> <span class='ocrx_word' id='word_1_56' title='bbox 728 858 969 942; x_wconf 89' lang='lat' dir='ltr'>patriae</span> <span class='ocrx_word' id='word_1_57' title='bbox 1002 857 1270 921; x_wconf 90' lang='lat' dir='ltr'>salutem</span> <span class='ocrx_word' id='word_1_58' title='bbox 1303 855 1611 933; x_wconf 87' lang='lat' dir='ltr'>defendat,</span> <span class='ocrx_word' id='word_1_59' title='bbox 1641 857 1790 938; x_wconf 88' lang='lat' dir='ltr'>quia</span> <span class='ocrx_word' id='word_1_60' title='bbox 1821 858 1938 923; x_wconf 90' lang='lat' dir='ltr'>hoc</span> <span class='ocrx_word' id='word_1_61' title='bbox 1969 878 2076 941; x_wconf 90' lang='lat' dir='ltr'>per</span> <span class='ocrx_word' id='word_1_62' title='bbox 2107 878 2172 924; x_wconf 90' lang='lat' dir='ltr'>se</span> <span class='ocrx_word' id='word_1_63' title='bbox 2203 860 2493 925; x_wconf 83' lang='lat' dir='ltr'>conducit</span> <span class='ocrx_word' id='word_1_64' title='bbox 2524 860 2603 924; x_wconf 88' lang='lat' dir='ltr'>ad</span> <span class='ocrx_word' id='word_1_65' title='bbox 2635 858 2904 924; x_wconf 84' lang='lat' dir='ltr'>salutem</span> <span class='ocrx_word' id='word_1_66' title='bbox 2935 877 3097 923; x_wconf 91' lang='lat' dir='ltr'>com·</span> 
     </span>
     <span class='ocr_line' id='line_1_7' title="bbox 622 958 3093 1045; baseline -0.001 -19"><span class='ocrx_word' id='word_1_67' title='bbox 622 980 902 1026; x_wconf 87' lang='lat' dir='ltr'>munem:</span> <span class='ocrx_word' id='word_1_68' title='bbox 954 962 1025 1023; x_wconf 87' lang='lat' dir='ltr'>at</span> <span class='ocrx_word' id='word_1_69' title='bbox 1068 978 1190 1024; x_wconf 91' lang='lat' dir='ltr'>non</span> <span class='ocrx_word' id='word_1_70' title='bbox 1240 959 1450 1041; x_wconf 90' lang='lat' dir='ltr'>potest</span> <span class='ocrx_word' id='word_1_71' title='bbox 1486 958 1685 1022; x_wconf 81' lang='lat' dir='ltr'>vitam</span> <span class='ocrx_word' id='word_1_72' title='bbox 1734 959 1994 1037; x_wconf 89' lang='lat' dir='ltr'>auferre,</span> <span class='ocrx_word' id='word_1_73' title='bbox 2045 961 2193 1043; x_wconf 90' lang='lat' dir='ltr'>quia</span> <span class='ocrx_word' id='word_1_74' title='bbox 2240 962 2392 1026; x_wconf 90' lang='lat' dir='ltr'>haec</span> <span class='ocrx_word' id='word_1_75' title='bbox 2437 979 2560 1026; x_wconf 90' lang='lat' dir='ltr'>non</span> <span class='ocrx_word' id='word_1_76' title='bbox 2598 980 2706 1045; x_wconf 91' lang='lat' dir='ltr'>per</span> <span class='ocrx_word' id='word_1_77' title='bbox 2737 979 2820 1038; x_wconf 90' lang='lat' dir='ltr'>se,</span> <span class='ocrx_word' id='word_1_78' title='bbox 2872 960 2976 1025; x_wconf 90' lang='lat' dir='ltr'>sed</span> <span class='ocrx_word' id='word_1_79' title='bbox 3022 979 3093 1025; x_wconf 86' lang='lat' dir='ltr'>ex</span> 
     </span>
     <span class='ocr_line' id='line_1_8' title="bbox 621 1053 3094 1147; baseline -0.001 -18"><span class='ocrx_word' id='word_1_80' title='bbox 621 1064 869 1129; x_wconf 88' lang='lat' dir='ltr'>malitia</span> <span class='ocrx_word' id='word_1_81' title='bbox 908 1062 1158 1147; x_wconf 77' lang='lat' dir='ltr'>tyranni</span> <span class='ocrx_word' id='word_1_82' title='bbox 1195 1059 1485 1125; x_wconf 80' lang='lat' dir='ltr'>conducit</span> <span class='ocrx_word' id='word_1_83' title='bbox 1519 1060 1598 1125; x_wconf 93' lang='lat' dir='ltr'>ad</span> <span class='ocrx_word' id='word_1_84' title='bbox 1628 1053 2018 1126; x_wconf 76' lang='lat' dir='ltr'>communem</span> <span class='ocrx_word' id='word_1_85' title='bbox 2054 1064 2342 1129; x_wconf 87' lang='lat' dir='ltr'>salutem.</span> <span class='ocrx_word' id='word_1_86' title='bbox 2392 1062 2509 1129; x_wconf 85' lang='lat' dir='ltr'>Sed</span> <span class='ocrx_word' id='word_1_87' title='bbox 2540 1064 2744 1128; x_wconf 85' lang='lat' dir='ltr'>verior</span> <span class='ocrx_word' id='word_1_88' title='bbox 2777 1063 3094 1146; x_wconf 83' lang='lat' dir='ltr'>responsio</span> 
     </span>
     <span class='ocr_line' id='line_1_9' title="bbox 624 1164 3094 1249; baseline -0.001 -18"><span class='ocrx_word' id='word_1_89' title='bbox 624 1168 720 1231; x_wconf 89' lang='lat' dir='ltr'>est</span> <span class='ocrx_word' id='word_1_90' title='bbox 750 1166 956 1249; x_wconf 90' lang='lat' dir='ltr'>(Lugo</span> <span class='ocrx_word' id='word_1_91' title='bbox 988 1184 1047 1228; x_wconf 91' lang='lat' dir='ltr'>n.</span> <span class='ocrx_word' id='word_1_92' title='bbox 1088 1164 1285 1245; x_wconf 63' lang='lat'>1072),</span> <span class='ocrx_word' id='word_1_93' title='bbox 1337 1165 1714 1246; x_wconf 86' lang='lat' dir='ltr'>potestatem</span> <span class='ocrx_word' id='word_1_94' title='bbox 1746 1164 2083 1246; x_wconf 85' lang='lat' dir='ltr'>exponendi</span> <span class='ocrx_word' id='word_1_95' title='bbox 2130 1166 2450 1231; x_wconf 84' lang='lat' dir='ltr'>subditum</span> <span class='ocrx_word' id='word_1_96' title='bbox 2495 1166 2798 1231; x_wconf 73' lang='lat' dir='ltr'>contineri</span> <span class='ocrx_word' id='word_1_97' title='bbox 2829 1165 2945 1230; x_wconf 90' lang='lat' dir='ltr'>sub</span> <span class='ocrx_word' id='word_1_98' title='bbox 2990 1183 3094 1248; x_wconf 88' lang='lat' dir='ltr'>po-</span> 
     </span>
     <span class='ocr_line' id='line_1_10' title="bbox 624 1265 3092 1351; baseline -0.001 -19"><span class='ocrx_word' id='word_1_99' title='bbox 624 1269 856 1332; x_wconf 85' lang='lat' dir='ltr'>testate</span> <span class='ocrx_word' id='word_1_100' title='bbox 904 1265 1336 1351; x_wconf 85' lang='lat' dir='ltr'>gubernativa,</span> <span class='ocrx_word' id='word_1_101' title='bbox 1388 1267 1577 1347; x_wconf 89' lang='lat' dir='ltr'>atque</span> <span class='ocrx_word' id='word_1_102' title='bbox 1641 1265 1793 1330; x_wconf 89' lang='lat' dir='ltr'>adeo</span> <span class='ocrx_word' id='word_1_103' title='bbox 1840 1267 2010 1332; x_wconf 85' lang='lat' dir='ltr'>iusta</span> <span class='ocrx_word' id='word_1_104' title='bbox 2061 1268 2509 1333; x_wconf 85' lang='lat' dir='ltr'>interveniente</span> <span class='ocrx_word' id='word_1_105' title='bbox 2562 1286 2753 1333; x_wconf 86' lang='lat' dir='ltr'>causa</span> <span class='ocrx_word' id='word_1_106' title='bbox 2806 1285 2986 1351; x_wconf 91' lang='lat' dir='ltr'>posse</span> <span class='ocrx_word' id='word_1_107' title='bbox 3031 1267 3092 1330; x_wconf 90' lang='lat' dir='ltr'>id</span> 
     </span>
     <span class='ocr_line' id='line_1_11' title="bbox 625 1368 2646 1454; baseline 0 -21"><span class='ocrx_word' id='word_1_108' title='bbox 625 1369 917 1453; x_wconf 84' lang='lat' dir='ltr'>praecipi,</span> <span class='ocrx_word' id='word_1_109' title='bbox 952 1368 1119 1450; x_wconf 89' lang='lat' dir='ltr'>quod</span> <span class='ocrx_word' id='word_1_110' title='bbox 1155 1368 1323 1432; x_wconf 89' lang='lat' dir='ltr'>licite</span> <span class='ocrx_word' id='word_1_111' title='bbox 1363 1369 1426 1431; x_wconf 88' lang='lat' dir='ltr'>et</span> <span class='ocrx_word' id='word_1_112' title='bbox 1457 1368 1712 1432; x_wconf 89' lang='lat' dir='ltr'>honeste</span> <span class='ocrx_word' id='word_1_113' title='bbox 1745 1368 2033 1434; x_wconf 89' lang='lat' dir='ltr'>subditus</span> <span class='ocrx_word' id='word_1_114' title='bbox 2062 1372 2379 1453; x_wconf 85' lang='lat' dir='ltr'>praestare</span> <span class='ocrx_word' id='word_1_115' title='bbox 2416 1371 2646 1454; x_wconf 90' lang='lat' dir='ltr'>potest.</span> 
     </span>
    </p>

    <p class='ocr_par' dir='ltr' id='par_1_4' title="bbox 714 1470 2676 1557">
     <span class='ocr_line' id='line_1_12' title="bbox 714 1470 2676 1557; baseline 0 -21"><span class='ocrx_word' id='word_1_116' title='bbox 714 1472 1012 1553; x_wconf 88' lang='lat' dir='ltr'>Reliquas</span> <span class='ocrx_word' id='word_1_117' title='bbox 1045 1470 1420 1535; x_wconf 88' lang='lat' dir='ltr'>obiectiones</span> <span class='ocrx_word' id='word_1_118' title='bbox 1454 1470 1591 1534; x_wconf 86' lang='lat' dir='ltr'>vide</span> <span class='ocrx_word' id='word_1_119' title='bbox 1629 1490 1813 1554; x_wconf 89' lang='lat' dir='ltr'>penes</span> <span class='ocrx_word' id='word_1_120' title='bbox 1845 1471 2024 1557; x_wconf 88' lang='lat' dir='ltr'>Lugo</span> <span class='ocrx_word' id='word_1_121' title='bbox 2065 1491 2102 1537; x_wconf 89' lang='lat' dir='ltr'>a</span> <span class='ocrx_word' id='word_1_122' title='bbox 2134 1492 2194 1536; x_wconf 94' lang='lat' dir='ltr'>n.</span> <span class='ocrx_word' id='word_1_123' title='bbox 2234 1473 2382 1537; x_wconf 85' lang='lat'>108.</span> <span class='ocrx_word' id='word_1_124' title='bbox 2414 1472 2492 1537; x_wconf 88' lang='lat' dir='ltr'>ad</span> <span class='ocrx_word' id='word_1_125' title='bbox 2527 1472 2676 1536; x_wconf 91' lang='lat'>111.</span> 
     </span>
    </p>
   </div>
   <div class='ocr_carea' id='block_1_3' title="bbox 618 1643 3099 2222">
    <p class='ocr_par' dir='ltr' id='par_1_5' title="bbox 618 1643 3099 2222">
     <span class='ocr_line' id='line_1_13' title="bbox 732 1643 3094 1710; baseline 0 -11"><span class='ocrx_word' id='word_1_126' title='bbox 732 1646 899 1699; x_wconf 84' lang='lat' dir='ltr'>XXX.</span> <span class='ocrx_word' id='word_1_127' title='bbox 928 1648 975 1697; x_wconf 85' lang='lat'>2.</span> <span class='ocrx_word' id='word_1_128' title='bbox 1007 1647 1170 1698; x_wconf 75' lang='lat' dir='ltr'>Potest</span> <span class='ocrx_word' id='word_1_129' title='bbox 1208 1650 1367 1698; x_wconf 85' lang='lat' dir='ltr'>tamen</span> <span class='ocrx_word' id='word_1_130' title='bbox 1407 1643 1700 1710; x_wconf 81' lang='lat' dir='ltr'>Respublica</span> <span class='ocrx_word' id='word_1_131' title='bbox 1740 1658 1800 1697; x_wconf 91' lang='lat' dir='ltr'>eo</span> <span class='ocrx_word' id='word_1_132' title='bbox 1839 1659 1955 1699; x_wconf 86' lang='lat' dir='ltr'>casu</span> <span class='ocrx_word' id='word_1_133' title='bbox 1998 1648 2142 1699; x_wconf 77' lang='lat' dir='ltr'>talem</span> <span class='ocrx_word' id='word_1_134' title='bbox 2181 1660 2376 1710; x_wconf 78' lang='lat' dir='ltr'>cogere,</span> <span class='ocrx_word' id='word_1_135' title='bbox 2403 1651 2459 1699; x_wconf 81' lang='lat' dir='ltr'>ut</span> <span class='ocrx_word' id='word_1_136' title='bbox 2483 1647 2766 1710; x_wconf 79' lang='lat' dir='ltr'>Tyrannum</span> <span class='ocrx_word' id='word_1_137' title='bbox 2807 1646 2951 1699; x_wconf 81' lang='lat' dir='ltr'>adeat</span> <span class='ocrx_word' id='word_1_138' title='bbox 2975 1651 3024 1699; x_wconf 77' lang='lat' dir='ltr'>ct</span> <span class='ocrx_word' id='word_1_139' title='bbox 3049 1646 3094 1700; x_wconf 85' lang='lat' dir='ltr'>si</span> 
     </span>
     <span class='ocr_line' id='line_1_14' title="bbox 623 1726 3086 1798; baseline -0 -14"><span class='ocrx_word' id='word_1_140' title='bbox 623 1729 759 1795; x_wconf 85' lang='lat' dir='ltr'>nolit,</span> <span class='ocrx_word' id='word_1_141' title='bbox 789 1732 1009 1795; x_wconf 74' lang='lat' dir='ltr'>tradere3</span> <span class='ocrx_word' id='word_1_142' title='bbox 1035 1744 1144 1783; x_wconf 91' lang='lat' dir='ltr'>cum</span> <span class='ocrx_word' id='word_1_143' title='bbox 1183 1744 1245 1782; x_wconf 91' lang='lat' dir='ltr'>ex</span> <span class='ocrx_word' id='word_1_144' title='bbox 1282 1728 1487 1784; x_wconf 77' lang='lat' dir='ltr'>caritate</span> <span class='ocrx_word' id='word_1_145' title='bbox 1512 1734 1562 1782; x_wconf 78' lang='lat' dir='ltr'>et</span> <span class='ocrx_word' id='word_1_146' title='bbox 1599 1726 1787 1782; x_wconf 77' lang='lat' dir='ltr'>iustitia</span> <span class='ocrx_word' id='word_1_147' title='bbox 1825 1728 1968 1792; x_wconf 82' lang='lat' dir='ltr'>legali</span> <span class='ocrx_word' id='word_1_148' title='bbox 2007 1737 2230 1783; x_wconf 82' lang='lat' dir='ltr'>teneatur</span> <span class='ocrx_word' id='word_1_149' title='bbox 2269 1730 2419 1784; x_wconf 78' lang='lat' dir='ltr'>vitam</span> <span class='ocrx_word' id='word_1_150' title='bbox 2464 1745 2711 1798; x_wconf 81' lang='lat' dir='ltr'>exponere</span> <span class='ocrx_word' id='word_1_151' title='bbox 2751 1745 2840 1798; x_wconf 86' lang='lat' dir='ltr'>pro</span> <span class='ocrx_word' id='word_1_152' title='bbox 2877 1732 3086 1797; x_wconf 79' lang='lat' dir='ltr'>Republ.</span> 
     </span>
     <span class='ocr_line' id='line_1_15' title="bbox 622 1813 3095 1883; baseline -0 -13"><span class='ocrx_word' id='word_1_153' title='bbox 622 1818 777 1877; x_wconf 87' lang='lat' dir='ltr'>Unde,</span> <span class='ocrx_word' id='word_1_154' title='bbox 816 1814 859 1868; x_wconf 90' lang='lat' dir='ltr'>si</span> <span class='ocrx_word' id='word_1_155' title='bbox 889 1815 940 1867; x_wconf 84' lang='lat' dir='ltr'>id</span> <span class='ocrx_word' id='word_1_156' title='bbox 978 1821 1171 1877; x_wconf 85' lang='lat' dir='ltr'>renuat,</span> <span class='ocrx_word' id='word_1_157' title='bbox 1200 1818 1254 1867; x_wconf 78' lang='lat' dir='ltr'>m</span> <span class='ocrx_word' id='word_1_158' title='bbox 1292 1828 1488 1866; x_wconf 90' lang='lat' dir='ltr'>nocens.</span> <span class='ocrx_word' id='word_1_159' title='bbox 1523 1815 1687 1879; x_wconf 89' lang='lat' dir='ltr'>Neque</span> <span class='ocrx_word' id='word_1_160' title='bbox 1726 1816 1820 1868; x_wconf 86' lang='lat' dir='ltr'>boc</span> <span class='ocrx_word' id='word_1_161' title='bbox 1860 1813 1953 1866; x_wconf 77' lang='lat' dir='ltr'>erit</span> <span class='ocrx_word' id='word_1_162' title='bbox 1991 1814 2245 1883; x_wconf 83' lang='lat' dir='ltr'>cooperari</span> <span class='ocrx_word' id='word_1_163' title='bbox 2282 1815 2390 1869; x_wconf 88' lang='lat' dir='ltr'>eius</span> <span class='ocrx_word' id='word_1_164' title='bbox 2428 1814 2587 1879; x_wconf 83' lang='lat' dir='ltr'>morti,</span> <span class='ocrx_word' id='word_1_165' title='bbox 2633 1816 2720 1868; x_wconf 88' lang='lat' dir='ltr'>sed</span> <span class='ocrx_word' id='word_1_166' title='bbox 2759 1821 2947 1868; x_wconf 80' lang='lat' dir='ltr'>tantum</span> <span class='ocrx_word' id='word_1_167' title='bbox 2989 1829 3095 1881; x_wconf 86' lang='lat' dir='ltr'>per·</span> 
     </span>
     <span class='ocr_line' id='line_1_16' title="bbox 622 1897 3097 1966; baseline 0 -13"><span class='ocrx_word' id='word_1_168' title='bbox 622 1900 846 1965; x_wconf 73' lang='lat' dir='ltr'>mittere3</span> <span class='ocrx_word' id='word_1_169' title='bbox 872 1913 982 1952; x_wconf 87' lang='lat' dir='ltr'>cum</span> <span class='ocrx_word' id='word_1_170' title='bbox 1010 1898 1207 1954; x_wconf 77' lang='lat' dir='ltr'>traditio</span> <span class='ocrx_word' id='word_1_171' title='bbox 1240 1901 1300 1952; x_wconf 88' lang='lat' dir='ltr'>de</span> <span class='ocrx_word' id='word_1_172' title='bbox 1327 1912 1381 1951; x_wconf 90' lang='lat' dir='ltr'>se</span> <span class='ocrx_word' id='word_1_173' title='bbox 1419 1897 1483 1950; x_wconf 77' lang='lat' dir='ltr'>sit</span> <span class='ocrx_word' id='word_1_174' title='bbox 1520 1897 1804 1952; x_wconf 76' lang='lat' dir='ltr'>indifferens</span> <span class='ocrx_word' id='word_1_175' title='bbox 1840 1905 1890 1952; x_wconf 77' lang='lat' dir='ltr'>el</span> <span class='ocrx_word' id='word_1_176' title='bbox 1929 1913 2062 1952; x_wconf 88' lang='lat' dir='ltr'>mors</span> <span class='ocrx_word' id='word_1_177' title='bbox 2089 1906 2275 1953; x_wconf 77' lang='lat' dir='ltr'>tantum</span> <span class='ocrx_word' id='word_1_178' title='bbox 2302 1906 2535 1965; x_wconf 73' lang='lat' dir='ltr'>sequatur</span> <span class='ocrx_word' id='word_1_179' title='bbox 2558 1897 2872 1953; x_wconf 74' lang='lat' dir='ltr'>indirecteet</span> <span class='ocrx_word' id='word_1_180' title='bbox 2897 1906 3097 1966; x_wconf 72' lang='lat' dir='ltr'>praeter</span> 
     </span>
     <span class='ocr_line' id='line_1_17' title="bbox 618 1982 3099 2050; baseline 0 -11"><span class='ocrx_word' id='word_1_181' title='bbox 618 1983 937 2039; x_wconf 73' lang='lat' dir='ltr'>intentionem</span> <span class='ocrx_word' id='word_1_182' title='bbox 977 1984 1201 2050; x_wconf 83' lang='lat' dir='ltr'>Reipubl.</span> <span class='ocrx_word' id='word_1_183' title='bbox 1232 1982 1398 2038; x_wconf 78' lang='lat' dir='ltr'>Molin.</span> <span class='ocrx_word' id='word_1_184' title='bbox 1427 1985 1458 2035; x_wconf 90' lang='lat' dir='ltr'>l.</span> <span class='ocrx_word' id='word_1_185' title='bbox 1485 1998 1528 2036; x_wconf 90' lang='lat' dir='ltr'>c.</span> <span class='ocrx_word' id='word_1_186' title='bbox 1556 1984 1695 2036; x_wconf 86' lang='lat' dir='ltr'>Less.</span> <span class='ocrx_word' id='word_1_187' title='bbox 1721 1984 1755 2037; x_wconf 90' lang='lat'>1.</span> <span class='ocrx_word' id='word_1_188' title='bbox 1795 1985 1846 2036; x_wconf 88' lang='grc'>2.</span> <span class='ocrx_word' id='word_1_189' title='bbox 1872 1998 1917 2038; x_wconf 85' lang='lat' dir='ltr'>c.</span> <span class='ocrx_word' id='word_1_190' title='bbox 1944 1986 1994 2037; x_wconf 80' lang='lat'>9.</span> <span class='ocrx_word' id='word_1_191' title='bbox 2022 1986 2071 2038; x_wconf 88' lang='lat' dir='ltr'>d.</span> <span class='ocrx_word' id='word_1_192' title='bbox 2095 1985 2148 2038; x_wconf 89' lang='lat'>7.</span> <span class='ocrx_word' id='word_1_193' title='bbox 2177 1985 2285 2039; x_wconf 80' lang='lat' dir='ltr'>Fin.</span> <span class='ocrx_word' id='word_1_194' title='bbox 2324 1991 2357 2038; x_wconf 78' lang='lat' dir='ltr'>t.</span> <span class='ocrx_word' id='word_1_195' title='bbox 2391 1986 2477 2038; x_wconf 79' lang='grc'>29.</span> <span class='ocrx_word' id='word_1_196' title='bbox 2508 1999 2554 2038; x_wconf 92' lang='lat' dir='ltr'>n.</span> <span class='ocrx_word' id='word_1_197' title='bbox 2589 1986 2670 2037; x_wconf 84' lang='grc' dir='ltr'>Η.</span> <span class='ocrx_word' id='word_1_198' title='bbox 2701 1986 2871 2049; x_wconf 75' lang='lat' dir='ltr'>Laym.</span> <span class='ocrx_word' id='word_1_199' title='bbox 2899 1991 2995 2039; x_wconf 70' lang='lat' dir='ltr'>etc.</span> <span class='ocrx_word' id='word_1_200' title='bbox 3021 1984 3099 2038; x_wconf 85' lang='lat' dir='ltr'>Li·</span> 
     </span>
     <span class='ocr_line' id='line_1_18' title="bbox 622 2065 3096 2136; baseline 0 -14"><span class='ocrx_word' id='word_1_201' title='bbox 622 2068 762 2123; x_wconf 77' lang='lat' dir='ltr'>mitat</span> <span class='ocrx_word' id='word_1_202' title='bbox 798 2074 962 2121; x_wconf 79' lang='lat' dir='ltr'>autem</span> <span class='ocrx_word' id='word_1_203' title='bbox 999 2069 1055 2122; x_wconf 90' lang='lat' dir='ltr'>C.</span> <span class='ocrx_word' id='word_1_204' title='bbox 1084 2071 1222 2131; x_wconf 79' lang='lat' dir='ltr'>Lugo</span> <span class='ocrx_word' id='word_1_205' title='bbox 1261 2070 1309 2120; x_wconf 83' lang='lat' dir='ltr'>d.</span> <span class='ocrx_word' id='word_1_206' title='bbox 1341 2069 1421 2122; x_wconf 56' lang='lat'>110.</span> <span class='ocrx_word' id='word_1_207' title='bbox 1450 2065 1515 2121; x_wconf 79' lang='lat' dir='ltr'>de</span> <span class='ocrx_word' id='word_1_208' title='bbox 1553 2068 1689 2122; x_wconf 77' lang='lat' dir='ltr'>lust.</span> <span class='ocrx_word' id='word_1_209' title='bbox 1718 2067 1760 2121; x_wconf 91' lang='lat' dir='ltr'>si</span> <span class='ocrx_word' id='word_1_210' title='bbox 1798 2066 2032 2123; x_wconf 87' lang='lat' dir='ltr'>innocens</span> <span class='ocrx_word' id='word_1_211' title='bbox 2057 2068 2121 2123; x_wconf 86' lang='lat' dir='ltr'>sit</span> <span class='ocrx_word' id='word_1_212' title='bbox 2146 2067 2392 2134; x_wconf 77' lang='lat' dir='ltr'>subditus,</span> <span class='ocrx_word' id='word_1_213' title='bbox 2425 2070 2506 2123; x_wconf 82' lang='lat' dir='ltr'>vel</span> <span class='ocrx_word' id='word_1_214' title='bbox 2544 2067 2831 2136; x_wconf 74' lang='lat' dir='ltr'>peregrinus</span> <span class='ocrx_word' id='word_1_215' title='bbox 2870 2074 3096 2124; x_wconf 76' lang='lat' dir='ltr'>teneatur</span> 
     </span>
     <span class='ocr_line' id='line_1_19' title="bbox 623 2151 1331 2222; baseline -0.003 -14"><span class='ocrx_word' id='word_1_216' title='bbox 623 2153 747 2208; x_wconf 88' lang='lat' dir='ltr'>mori</span> <span class='ocrx_word' id='word_1_217' title='bbox 788 2169 876 2222; x_wconf 86' lang='lat' dir='ltr'>pro</span> <span class='ocrx_word' id='word_1_218' title='bbox 916 2155 1124 2222; x_wconf 84' lang='lat' dir='ltr'>Republ.</span> <span class='ocrx_word' id='word_1_219' title='bbox 1157 2151 1331 2206; x_wconf 82' lang='lat' dir='ltr'>aliena.</span> 
     </span>
    </p>
   </div>
   <div class='ocr_carea' id='block_1_4' title="bbox 622 2291 3097 4634">
    <p class='ocr_par' dir='ltr' id='par_1_6' title="bbox 622 2291 3097 2567">
     <span class='ocr_line' id='line_1_20' title="bbox 713 2291 3097 2380; baseline -0.001 -15"><span class='ocrx_word' id='word_1_220' title='bbox 713 2291 887 2365; x_wconf 76' lang='lat'>9⁰6.</span> <span class='ocrx_word' id='word_1_221' title='bbox 922 2293 983 2360; x_wconf 80' lang='lat' dir='ltr'>S.</span> <span class='ocrx_word' id='word_1_222' title='bbox 1019 2294 1230 2379; x_wconf 83' lang='lat' dir='ltr'>Liger.</span> <span class='ocrx_word' id='word_1_223' title='bbox 1281 2294 1470 2359; x_wconf 86' lang='lat' dir='ltr'>refert</span> <span class='ocrx_word' id='word_1_224' title='bbox 1507 2295 1882 2359; x_wconf 90' lang='lat' dir='ltr'>sententiam</span> <span class='ocrx_word' id='word_1_225' title='bbox 1916 2297 2266 2379; x_wconf 89' lang='lat' dir='ltr'>oppositam</span> <span class='ocrx_word' id='word_1_226' title='bbox 2303 2295 2906 2369; x_wconf 87' lang='lat' dir='ltr'>Salmanticensium,</span> <span class='ocrx_word' id='word_1_227' title='bbox 2948 2300 3097 2380; x_wconf 86' lang='lat' dir='ltr'>quia</span> 
     </span>
     <span class='ocr_line' id='line_1_21' title="bbox 622 2397 3093 2482; baseline 0.001 -19"><span class='ocrx_word' id='word_1_228' title='bbox 622 2399 970 2482; x_wconf 82' lang='lat' dir='ltr'>(inquiunt)</span> <span class='ocrx_word' id='word_1_229' title='bbox 1002 2398 1112 2481; x_wconf 91' lang='lat' dir='ltr'>qui</span> <span class='ocrx_word' id='word_1_230' title='bbox 1149 2397 1361 2474; x_wconf 83' lang='lat' dir='ltr'>tradit,</span> <span class='ocrx_word' id='word_1_231' title='bbox 1396 2400 1766 2480; x_wconf 86' lang='lat' dir='ltr'>cooperatur</span> <span class='ocrx_word' id='word_1_232' title='bbox 1799 2399 1875 2462; x_wconf 86' lang='lat' dir='ltr'>ad</span> <span class='ocrx_word' id='word_1_233' title='bbox 1911 2401 2178 2463; x_wconf 89' lang='lat' dir='ltr'>mortem</span> <span class='ocrx_word' id='word_1_234' title='bbox 2215 2398 2578 2477; x_wconf 84' lang='lat' dir='ltr'>innocentis,</span> <span class='ocrx_word' id='word_1_235' title='bbox 2612 2399 2778 2482; x_wconf 89' lang='lat' dir='ltr'>quod</span> <span class='ocrx_word' id='word_1_236' title='bbox 2801 2401 3093 2465; x_wconf 82' lang='lat' dir='ltr'>illicitum</span> 
     </span>
     <span class='ocr_line' id='line_1_22' title="bbox 623 2502 1106 2567; baseline -0.008 0"><span class='ocrx_word' id='word_1_237' title='bbox 623 2502 954 2567; x_wconf 85' lang='lat' dir='ltr'>intrinsece</span> <span class='ocrx_word' id='word_1_238' title='bbox 992 2504 1106 2565; x_wconf 90' lang='lat' dir='ltr'>est.</span> 
     </span>
    </p>

    <p class='ocr_par' dir='ltr' id='par_1_7' title="bbox 623 2601 3095 3385">
     <span class='ocr_line' id='line_1_23' title="bbox 712 2601 3085 2688; baseline 0 -19"><span class='ocrx_word' id='word_1_239' title='bbox 712 2604 831 2669; x_wconf 85' lang='lat' dir='ltr'>Sed</span> <span class='ocrx_word' id='word_1_240' title='bbox 875 2605 1039 2669; x_wconf 87' lang='lat' dir='ltr'>idem</span> <span class='ocrx_word' id='word_1_241' title='bbox 1086 2623 1133 2667; x_wconf 90' lang='lat' dir='ltr'>s.</span> <span class='ocrx_word' id='word_1_242' title='bbox 1184 2603 1368 2685; x_wconf 80' lang='lat' dir='ltr'>Alph.</span> <span class='ocrx_word' id='word_1_243' title='bbox 1421 2601 1631 2666; x_wconf 87' lang='lat' dir='ltr'>subdit</span> <span class='ocrx_word' id='word_1_244' title='bbox 1677 2603 2156 2685; x_wconf 83' lang='lat' dir='ltr'>probabiliorem</span> <span class='ocrx_word' id='word_1_245' title='bbox 2204 2623 2334 2669; x_wconf 91' lang='lat' dir='ltr'>esse</span> <span class='ocrx_word' id='word_1_246' title='bbox 2379 2606 2647 2688; x_wconf 85' lang='lat' dir='ltr'>primam</span> <span class='ocrx_word' id='word_1_247' title='bbox 2695 2605 3085 2670; x_wconf 82' lang='lat' dir='ltr'>sententiam.</span> 
     </span>
     <span class='ocr_line' id='line_1_24' title="bbox 626 2705 3092 2791; baseline 0 -20"><span class='ocrx_word' id='word_1_248' title='bbox 626 2708 814 2772; x_wconf 84' lang='lat' dir='ltr'>Ratio</span> <span class='ocrx_word' id='word_1_249' title='bbox 848 2708 962 2782; x_wconf 88' lang='lat' dir='ltr'>est,</span> <span class='ocrx_word' id='word_1_250' title='bbox 1003 2706 1152 2787; x_wconf 84' lang='lat' dir='ltr'>quia</span> <span class='ocrx_word' id='word_1_251' title='bbox 1190 2729 1225 2762; x_wconf 83' lang='lat'>«</span> <span class='ocrx_word' id='word_1_252' title='bbox 1264 2723 1387 2769; x_wconf 92' lang='lat' dir='ltr'>non</span> <span class='ocrx_word' id='word_1_253' title='bbox 1419 2705 1665 2769; x_wconf 88' lang='lat' dir='ltr'>videtur</span> <span class='ocrx_word' id='word_1_254' title='bbox 1702 2706 1916 2791; x_wconf 88' lang='lat' dir='ltr'>negari</span> <span class='ocrx_word' id='word_1_255' title='bbox 1963 2724 2159 2789; x_wconf 88' lang='lat' dir='ltr'>posse,</span> <span class='ocrx_word' id='word_1_256' title='bbox 2200 2707 2365 2789; x_wconf 89' lang='lat' dir='ltr'>quod</span> <span class='ocrx_word' id='word_1_257' title='bbox 2403 2707 2693 2772; x_wconf 87' lang='lat' dir='ltr'>innocens</span> <span class='ocrx_word' id='word_1_258' title='bbox 2739 2707 2802 2771; x_wconf 89' lang='lat' dir='ltr'>in</span> <span class='ocrx_word' id='word_1_259' title='bbox 2839 2725 2911 2771; x_wconf 90' lang='lat' dir='ltr'>eo</span> <span class='ocrx_word' id='word_1_260' title='bbox 2942 2726 3092 2772; x_wconf 89' lang='lat' dir='ltr'>casu</span> 
     </span>
     <span class='ocr_line' id='line_1_25' title="bbox 624 2806 3095 2892; baseline 0 -20"><span class='ocrx_word' id='word_1_261' title='bbox 624 2811 912 2872; x_wconf 87' lang='lat' dir='ltr'>teneatur</span> <span class='ocrx_word' id='word_1_262' title='bbox 944 2825 1007 2870; x_wconf 87' lang='lat' dir='ltr'>se</span> <span class='ocrx_word' id='word_1_263' title='bbox 1046 2806 1306 2871; x_wconf 88' lang='lat' dir='ltr'>tradere.</span> <span class='ocrx_word' id='word_1_264' title='bbox 1346 2806 1511 2891; x_wconf 89' lang='lat' dir='ltr'>Ergo</span> <span class='ocrx_word' id='word_1_265' title='bbox 1558 2807 1709 2872; x_wconf 90' lang='lat' dir='ltr'>bene</span> <span class='ocrx_word' id='word_1_266' title='bbox 1757 2808 1965 2892; x_wconf 89' lang='lat' dir='ltr'>potest</span> <span class='ocrx_word' id='word_1_267' title='bbox 1994 2807 2341 2890; x_wconf 86' lang='lat' dir='ltr'>respublica</span> <span class='ocrx_word' id='word_1_268' title='bbox 2388 2827 2530 2873; x_wconf 88' lang='lat' dir='ltr'>eum</span> <span class='ocrx_word' id='word_1_269' title='bbox 2569 2808 2828 2887; x_wconf 89' lang='lat' dir='ltr'>tradere,</span> <span class='ocrx_word' id='word_1_270' title='bbox 2868 2809 2922 2872; x_wconf 91' lang='lat' dir='ltr'>si</span> <span class='ocrx_word' id='word_1_271' title='bbox 2969 2810 3095 2873; x_wconf 89' lang='lat' dir='ltr'>cul-</span> 
     </span>
     <span class='ocr_line' id='line_1_26' title="bbox 624 2909 3092 2994; baseline 0.001 -22"><span class='ocrx_word' id='word_1_272' title='bbox 624 2909 916 2993; x_wconf 87' lang='lat' dir='ltr'>pabiliter</span> <span class='ocrx_word' id='word_1_273' title='bbox 953 2911 1233 2985; x_wconf 72' lang='lat' dir='ltr'>recuset,</span> <span class='ocrx_word' id='word_1_274' title='bbox 1270 2910 1420 2974; x_wconf 89' lang='lat' dir='ltr'>tunc</span> <span class='ocrx_word' id='word_1_275' title='bbox 1452 2910 1615 2973; x_wconf 90' lang='lat' dir='ltr'>enim</span> <span class='ocrx_word' id='word_1_276' title='bbox 1662 2928 1784 2974; x_wconf 91' lang='lat' dir='ltr'>non</span> <span class='ocrx_word' id='word_1_277' title='bbox 1834 2913 1927 2974; x_wconf 91' lang='lat' dir='ltr'>est</span> <span class='ocrx_word' id='word_1_278' title='bbox 1967 2910 2234 2993; x_wconf 88' lang='lat' dir='ltr'>amplius</span> <span class='ocrx_word' id='word_1_279' title='bbox 2270 2911 2562 2976; x_wconf 90' lang='lat' dir='ltr'>innocens</span> <span class='ocrx_word' id='word_1_280' title='bbox 2593 2937 2654 2974; x_wconf 84' lang='lat'>».</span> <span class='ocrx_word' id='word_1_281' title='bbox 2689 2910 2853 2975; x_wconf 87' lang='lat' dir='ltr'>Nam</span> <span class='ocrx_word' id='word_1_282' title='bbox 2885 2930 3092 2994; x_wconf 88' lang='lat' dir='ltr'>respu-</span> 
     </span>
     <span class='ocr_line' id='line_1_27' title="bbox 624 3011 3094 3098; baseline 0.002 -22"><span class='ocrx_word' id='word_1_283' title='bbox 624 3011 785 3076; x_wconf 87' lang='lat' dir='ltr'>blica</span> <span class='ocrx_word' id='word_1_284' title='bbox 811 3030 924 3094; x_wconf 90' lang='lat' dir='ltr'>pro</span> <span class='ocrx_word' id='word_1_285' title='bbox 946 3011 1151 3076; x_wconf 88' lang='lat' dir='ltr'>salute</span> <span class='ocrx_word' id='word_1_286' title='bbox 1175 3013 1488 3077; x_wconf 88' lang='lat' dir='ltr'>communi</span> <span class='ocrx_word' id='word_1_287' title='bbox 1516 3015 1725 3096; x_wconf 87' lang='lat' dir='ltr'>potest</span> <span class='ocrx_word' id='word_1_288' title='bbox 1750 3015 2114 3096; x_wconf 86' lang='lat' dir='ltr'>praecipere,</span> <span class='ocrx_word' id='word_1_289' title='bbox 2140 3014 2215 3077; x_wconf 91' lang='lat' dir='ltr'>ut</span> <span class='ocrx_word' id='word_1_290' title='bbox 2240 3031 2305 3077; x_wconf 90' lang='lat' dir='ltr'>se</span> <span class='ocrx_word' id='word_1_291' title='bbox 2327 3013 2559 3077; x_wconf 89' lang='lat' dir='ltr'>tradat.</span> <span class='ocrx_word' id='word_1_292' title='bbox 2585 3014 2670 3078; x_wconf 86' lang='lat' dir='ltr'>Et</span> <span class='ocrx_word' id='word_1_293' title='bbox 2689 3014 2742 3078; x_wconf 89' lang='lat' dir='ltr'>si</span> <span class='ocrx_word' id='word_1_294' title='bbox 2765 3017 3094 3098; x_wconf 88' lang='lat' dir='ltr'>praecepto</span> 
     </span>
     <span class='ocr_line' id='line_1_28' title="bbox 623 3115 3088 3200; baseline 0.001 -21"><span class='ocrx_word' id='word_1_295' title='bbox 623 3115 878 3192; x_wconf 85' lang='lat' dir='ltr'>resistit,</span> <span class='ocrx_word' id='word_1_296' title='bbox 930 3118 1070 3180; x_wconf 90' lang='lat' dir='ltr'>tum</span> <span class='ocrx_word' id='word_1_297' title='bbox 1116 3116 1460 3198; x_wconf 87' lang='lat' dir='ltr'>respublica</span> <span class='ocrx_word' id='word_1_298' title='bbox 1508 3117 1717 3200; x_wconf 83' lang='lat' dir='ltr'>potest</span> <span class='ocrx_word' id='word_1_299' title='bbox 1763 3116 1977 3198; x_wconf 86' lang='lat' dir='ltr'>punire</span> <span class='ocrx_word' id='word_1_300' title='bbox 2025 3118 2088 3179; x_wconf 88' lang='lat' dir='ltr'>et</span> <span class='ocrx_word' id='word_1_301' title='bbox 2117 3115 2182 3179; x_wconf 90' lang='lat' dir='ltr'>in</span> <span class='ocrx_word' id='word_1_302' title='bbox 2231 3133 2490 3196; x_wconf 88' lang='lat' dir='ltr'>poenam</span> <span class='ocrx_word' id='word_1_303' title='bbox 2528 3117 2771 3182; x_wconf 85' lang='lat' dir='ltr'>tradere</span> <span class='ocrx_word' id='word_1_304' title='bbox 2799 3119 3088 3200; x_wconf 80' lang='lat' dir='ltr'>tyranno,</span> 
     </span>
     <span class='ocr_line' id='line_1_29' title="bbox 624 3216 3089 3303; baseline 0.001 -23"><span class='ocrx_word' id='word_1_305' title='bbox 624 3217 751 3281; x_wconf 90' lang='lat' dir='ltr'>imo</span> <span class='ocrx_word' id='word_1_306' title='bbox 783 3217 1150 3282; x_wconf 86' lang='lat' dir='ltr'>facultatem</span> <span class='ocrx_word' id='word_1_307' title='bbox 1188 3218 1465 3303; x_wconf 85' lang='lat' dir='ltr'>legitime</span> <span class='ocrx_word' id='word_1_308' title='bbox 1514 3217 1825 3282; x_wconf 89' lang='lat' dir='ltr'>occidendi</span> <span class='ocrx_word' id='word_1_309' title='bbox 1872 3217 2142 3281; x_wconf 88' lang='lat' dir='ltr'>tribuere</span> <span class='ocrx_word' id='word_1_310' title='bbox 2189 3216 2301 3292; x_wconf 88' lang='lat' dir='ltr'>illi,</span> <span class='ocrx_word' id='word_1_311' title='bbox 2351 3218 2458 3299; x_wconf 91' lang='lat' dir='ltr'>qui</span> <span class='ocrx_word' id='word_1_312' title='bbox 2508 3220 2693 3283; x_wconf 89' lang='lat' dir='ltr'>antea</span> <span class='ocrx_word' id='word_1_313' title='bbox 2736 3219 2968 3283; x_wconf 88' lang='lat' dir='ltr'>iniuste</span> <span class='ocrx_word' id='word_1_314' title='bbox 2993 3237 3089 3284; x_wconf 89' lang='lat' dir='ltr'>oc-</span> 
     </span>
     <span class='ocr_line' id='line_1_30' title="bbox 624 3319 1136 3385; baseline -0.002 -1"><span class='ocrx_word' id='word_1_315' title='bbox 624 3319 823 3385; x_wconf 91' lang='lat' dir='ltr'>cidere</span> <span class='ocrx_word' id='word_1_316' title='bbox 868 3320 1136 3385; x_wconf 88' lang='lat' dir='ltr'>volebat.</span> 
     </span>
    </p>

    <p class='ocr_par' dir='ltr' id='par_1_8' title="bbox 623 3421 3092 3815">
     <span class='ocr_line' id='line_1_31' title="bbox 713 3421 3085 3507; baseline 0 -21"><span class='ocrx_word' id='word_1_317' title='bbox 713 3422 842 3487; x_wconf 87' lang='lat' dir='ltr'>Nec</span> <span class='ocrx_word' id='word_1_318' title='bbox 879 3422 1048 3487; x_wconf 89' lang='lat' dir='ltr'>valet</span> <span class='ocrx_word' id='word_1_319' title='bbox 1080 3423 1334 3505; x_wconf 78' lang='lat' dir='ltr'>paritaS,</span> <span class='ocrx_word' id='word_1_320' title='bbox 1368 3441 1491 3487; x_wconf 93' lang='lat' dir='ltr'>non</span> <span class='ocrx_word' id='word_1_321' title='bbox 1522 3423 1705 3486; x_wconf 90' lang='lat' dir='ltr'>licere</span> <span class='ocrx_word' id='word_1_322' title='bbox 1739 3421 1980 3486; x_wconf 87' lang='lat' dir='ltr'>tradere</span> <span class='ocrx_word' id='word_1_323' title='bbox 2012 3425 2277 3507; x_wconf 86' lang='lat' dir='ltr'>tyranno</span> <span class='ocrx_word' id='word_1_324' title='bbox 2315 3423 2623 3507; x_wconf 84' lang='lat' dir='ltr'>virginem</span> <span class='ocrx_word' id='word_1_325' title='bbox 2660 3423 3085 3505; x_wconf 89' lang='lat' dir='ltr'>stuprandam.</span> 
     </span>
     <span class='ocr_line' id='line_1_32' title="bbox 623 3525 3092 3610; baseline 0 -21"><span class='ocrx_word' id='word_1_326' title='bbox 623 3525 786 3590; x_wconf 88' lang='lat' dir='ltr'>Nam</span> <span class='ocrx_word' id='word_1_327' title='bbox 842 3527 1019 3610; x_wconf 84' lang='lat' dir='ltr'>virgo</span> <span class='ocrx_word' id='word_1_328' title='bbox 1080 3544 1200 3590; x_wconf 90' lang='lat' dir='ltr'>non</span> <span class='ocrx_word' id='word_1_329' title='bbox 1262 3527 1507 3590; x_wconf 89' lang='lat' dir='ltr'>tenetur</span> <span class='ocrx_word' id='word_1_330' title='bbox 1554 3543 1695 3589; x_wconf 88' lang='lat' dir='ltr'>cum</span> <span class='ocrx_word' id='word_1_331' title='bbox 1743 3527 1922 3590; x_wconf 88' lang='lat' dir='ltr'>tanto</span> <span class='ocrx_word' id='word_1_332' title='bbox 1970 3525 2241 3606; x_wconf 85' lang='lat' dir='ltr'>periculo</span> <span class='ocrx_word' id='word_1_333' title='bbox 2292 3525 2535 3590; x_wconf 90' lang='lat' dir='ltr'>animae</span> <span class='ocrx_word' id='word_1_334' title='bbox 2580 3543 2729 3589; x_wconf 90' lang='lat' dir='ltr'>suae</span> <span class='ocrx_word' id='word_1_335' title='bbox 2775 3526 3092 3590; x_wconf 90' lang='lat' dir='ltr'>consulere</span> 
     </span>
     <span class='ocr_line' id='line_1_33' title="bbox 624 3628 3092 3713; baseline -0 -19"><span class='ocrx_word' id='word_1_336' title='bbox 624 3631 954 3713; x_wconf 86' lang='lat' dir='ltr'>temporali</span> <span class='ocrx_word' id='word_1_337' title='bbox 978 3630 1138 3695; x_wconf 88' lang='lat' dir='ltr'>bono</span> <span class='ocrx_word' id='word_1_338' title='bbox 1170 3629 1562 3713; x_wconf 90' lang='lat' dir='ltr'>reipublicae.</span> <span class='ocrx_word' id='word_1_339' title='bbox 1598 3628 1772 3694; x_wconf 90' lang='lat' dir='ltr'>Licet</span> <span class='ocrx_word' id='word_1_340' title='bbox 1825 3647 1964 3693; x_wconf 84' lang='lat' dir='ltr'>vero</span> <span class='ocrx_word' id='word_1_341' title='bbox 2003 3629 2350 3712; x_wconf 86' lang='lat' dir='ltr'>respublica</span> <span class='ocrx_word' id='word_1_342' title='bbox 2386 3646 2508 3693; x_wconf 90' lang='lat' dir='ltr'>non</span> <span class='ocrx_word' id='word_1_343' title='bbox 2540 3629 2752 3710; x_wconf 89' lang='lat' dir='ltr'>posset</span> <span class='ocrx_word' id='word_1_344' title='bbox 2787 3628 3092 3713; x_wconf 88' lang='lat' dir='ltr'>virginem</span> 
     </span>
     <span class='ocr_line' id='line_1_34' title="bbox 625 3730 2817 3815; baseline -0.001 -19"><span class='ocrx_word' id='word_1_345' title='bbox 625 3733 886 3808; x_wconf 90' lang='lat' dir='ltr'>tradere,</span> <span class='ocrx_word' id='word_1_346' title='bbox 922 3735 1130 3815; x_wconf 90' lang='lat' dir='ltr'>posset</span> <span class='ocrx_word' id='word_1_347' title='bbox 1162 3735 1371 3797; x_wconf 90' lang='lat' dir='ltr'>tamen</span> <span class='ocrx_word' id='word_1_348' title='bbox 1411 3751 1548 3797; x_wconf 88' lang='lat' dir='ltr'>eam</span> <span class='ocrx_word' id='word_1_349' title='bbox 1581 3730 1879 3814; x_wconf 86' lang='lat' dir='ltr'>expellere</span> <span class='ocrx_word' id='word_1_350' title='bbox 1911 3734 1974 3795; x_wconf 90' lang='lat' dir='ltr'>et</span> <span class='ocrx_word' id='word_1_351' title='bbox 2005 3750 2117 3795; x_wconf 91' lang='lat' dir='ltr'>suo</span> <span class='ocrx_word' id='word_1_352' title='bbox 2152 3731 2422 3813; x_wconf 90' lang='lat' dir='ltr'>periculo</span> <span class='ocrx_word' id='word_1_353' title='bbox 2454 3730 2817 3813; x_wconf 89' lang='lat' dir='ltr'>relinquere.</span> 
     </span>
    </p>

    <p class='ocr_par' dir='ltr' id='par_1_9' title="bbox 625 3832 3090 4228">
     <span class='ocr_line' id='line_1_35' title="bbox 714 3832 3087 3917; baseline -0 -20"><span class='ocrx_word' id='word_1_354' title='bbox 714 3836 876 3897; x_wconf 87' lang='lat' dir='ltr'>Item</span> <span class='ocrx_word' id='word_1_355' title='bbox 922 3853 1044 3898; x_wconf 91' lang='lat' dir='ltr'>non</span> <span class='ocrx_word' id='word_1_356' title='bbox 1091 3834 1260 3898; x_wconf 84' lang='lat' dir='ltr'>valet</span> <span class='ocrx_word' id='word_1_357' title='bbox 1290 3835 1547 3917; x_wconf 88' lang='lat' dir='ltr'>paritas,</span> <span class='ocrx_word' id='word_1_358' title='bbox 1598 3851 1719 3899; x_wconf 89' lang='lat' dir='ltr'>non</span> <span class='ocrx_word' id='word_1_359' title='bbox 1766 3834 1948 3898; x_wconf 90' lang='lat' dir='ltr'>licere</span> <span class='ocrx_word' id='word_1_360' title='bbox 1995 3834 2139 3898; x_wconf 89' lang='lat' dir='ltr'>dare</span> <span class='ocrx_word' id='word_1_361' title='bbox 2188 3835 2452 3917; x_wconf 78' lang='lat' dir='ltr'>tyranno</span> <span class='ocrx_word' id='word_1_362' title='bbox 2485 3832 2723 3898; x_wconf 86' lang='lat' dir='ltr'>codices</span> <span class='ocrx_word' id='word_1_363' title='bbox 2755 3849 2963 3896; x_wconf 88' lang='lat' dir='ltr'>sacros</span> <span class='ocrx_word' id='word_1_364' title='bbox 3009 3834 3087 3897; x_wconf 86' lang='lat' dir='ltr'>ad</span> 
     </span>
     <span class='ocr_line' id='line_1_36' title="bbox 625 3935 3089 4020; baseline -0.001 -20"><span class='ocrx_word' id='word_1_365' title='bbox 625 3936 1128 4002; x_wconf 88' lang='lat' dir='ltr'>comburendum.</span> <span class='ocrx_word' id='word_1_366' title='bbox 1177 3936 1341 4001; x_wconf 88' lang='lat' dir='ltr'>Nam</span> <span class='ocrx_word' id='word_1_367' title='bbox 1388 3938 1523 4001; x_wconf 90' lang='lat' dir='ltr'>heic</span> <span class='ocrx_word' id='word_1_368' title='bbox 1556 3937 1797 4001; x_wconf 86' lang='lat' dir='ltr'>adesset</span> <span class='ocrx_word' id='word_1_369' title='bbox 1826 3936 2145 4020; x_wconf 83' lang='lat' dir='ltr'>religionis</span> <span class='ocrx_word' id='word_1_370' title='bbox 2183 3937 2576 4018; x_wconf 87' lang='lat' dir='ltr'>contemptus</span> <span class='ocrx_word' id='word_1_371' title='bbox 2624 3937 2689 3999; x_wconf 90' lang='lat' dir='ltr'>et</span> <span class='ocrx_word' id='word_1_372' title='bbox 2734 3935 3089 4000; x_wconf 85' lang='lat' dir='ltr'>eommunia</span> 
     </span>
     <span class='ocr_line' id='line_1_37' title="bbox 625 4037 3090 4121; baseline -0.001 -18"><span class='ocrx_word' id='word_1_373' title='bbox 625 4042 772 4103; x_wconf 88' lang='lat' dir='ltr'>sunt</span> <span class='ocrx_word' id='word_1_374' title='bbox 803 4039 1099 4121; x_wconf 81' lang='lat' dir='ltr'>exempla,</span> <span class='ocrx_word' id='word_1_375' title='bbox 1133 4039 1358 4121; x_wconf 87' lang='lat' dir='ltr'>quibus</span> <span class='ocrx_word' id='word_1_376' title='bbox 1384 4039 1686 4121; x_wconf 86' lang='lat' dir='ltr'>quaedam</span> <span class='ocrx_word' id='word_1_377' title='bbox 1721 4038 1878 4102; x_wconf 89' lang='lat' dir='ltr'>alias</span> <span class='ocrx_word' id='word_1_378' title='bbox 1899 4039 2199 4119; x_wconf 88' lang='lat' dir='ltr'>permissa</span> <span class='ocrx_word' id='word_1_379' title='bbox 2224 4057 2346 4103; x_wconf 90' lang='lat' dir='ltr'>non</span> <span class='ocrx_word' id='word_1_380' title='bbox 2370 4037 2577 4114; x_wconf 89' lang='lat' dir='ltr'>licent,</span> <span class='ocrx_word' id='word_1_381' title='bbox 2613 4037 2667 4101; x_wconf 90' lang='lat' dir='ltr'>si</span> <span class='ocrx_word' id='word_1_382' title='bbox 2697 4038 3090 4120; x_wconf 83' lang='lat' dir='ltr'>contemptus</span> 
     </span>
     <span class='ocr_line' id='line_1_38' title="bbox 626 4143 1172 4228; baseline -0.002 -21"><span class='ocrx_word' id='word_1_383' title='bbox 626 4144 950 4228; x_wconf 89' lang='lat' dir='ltr'>religionis</span> <span class='ocrx_word' id='word_1_384' title='bbox 988 4143 1172 4208; x_wconf 90' lang='lat' dir='ltr'>adsit.</span> 
     </span>
    </p>

    <p class='ocr_par' dir='ltr' id='par_1_10' title="bbox 626 4244 3090 4536">
     <span class='ocr_line' id='line_1_39' title="bbox 715 4244 3087 4327; baseline -0.002 -17"><span class='ocrx_word' id='word_1_385' title='bbox 715 4247 906 4312; x_wconf 86' lang='lat' dir='ltr'>Obiic.</span> <span class='ocrx_word' id='word_1_386' title='bbox 947 4266 1071 4312; x_wconf 89' lang='lat' dir='ltr'>non</span> <span class='ocrx_word' id='word_1_387' title='bbox 1103 4247 1297 4310; x_wconf 90' lang='lat' dir='ltr'>teneri</span> <span class='ocrx_word' id='word_1_388' title='bbox 1322 4246 1518 4309; x_wconf 88' lang='lat' dir='ltr'>civem</span> <span class='ocrx_word' id='word_1_389' title='bbox 1543 4262 1897 4308; x_wconf 86' lang='lat' dir='ltr'>succurrere</span> <span class='ocrx_word' id='word_1_390' title='bbox 1928 4244 2301 4327; x_wconf 90' lang='lat' dir='ltr'>reipublicae</span> <span class='ocrx_word' id='word_1_391' title='bbox 2334 4244 2518 4309; x_wconf 90' lang='lat' dir='ltr'>modo</span> <span class='ocrx_word' id='word_1_392' title='bbox 2550 4245 2683 4308; x_wconf 89' lang='lat' dir='ltr'>tam</span> <span class='ocrx_word' id='word_1_393' title='bbox 2714 4244 3087 4308; x_wconf 84' lang='lat' dir='ltr'>inhumano:</span> 
     </span>
     <span class='ocr_line' id='line_1_40' title="bbox 626 4344 3090 4431; baseline -0.001 -19"><span class='ocrx_word' id='word_1_394' title='bbox 626 4352 813 4431; x_wconf 87' lang='lat' dir='ltr'>atque</span> <span class='ocrx_word' id='word_1_395' title='bbox 845 4350 995 4414; x_wconf 88' lang='lat' dir='ltr'>adeo</span> <span class='ocrx_word' id='word_1_396' title='bbox 1042 4368 1153 4412; x_wconf 89' lang='lat' dir='ltr'>nec</span> <span class='ocrx_word' id='word_1_397' title='bbox 1197 4346 1570 4428; x_wconf 87' lang='lat' dir='ltr'>reipublicae</span> <span class='ocrx_word' id='word_1_398' title='bbox 1603 4346 1785 4409; x_wconf 90' lang='lat' dir='ltr'>licere</span> <span class='ocrx_word' id='word_1_399' title='bbox 1817 4363 1960 4409; x_wconf 89' lang='lat' dir='ltr'>eum</span> <span class='ocrx_word' id='word_1_400' title='bbox 1992 4345 2252 4423; x_wconf 90' lang='lat' dir='ltr'>tradere,</span> <span class='ocrx_word' id='word_1_401' title='bbox 2295 4346 2456 4411; x_wconf 88' lang='lat' dir='ltr'>sicut</span> <span class='ocrx_word' id='word_1_402' title='bbox 2488 4363 2597 4410; x_wconf 90' lang='lat' dir='ltr'>nec</span> <span class='ocrx_word' id='word_1_403' title='bbox 2625 4344 2854 4421; x_wconf 89' lang='lat' dir='ltr'>iubere,</span> <span class='ocrx_word' id='word_1_404' title='bbox 2905 4347 2980 4408; x_wconf 84' lang='lat' dir='ltr'>ut</span> <span class='ocrx_word' id='word_1_405' title='bbox 3023 4363 3090 4409; x_wconf 89' lang='lat' dir='ltr'>se</span> 
     </span>
     <span class='ocr_line' id='line_1_41' title="bbox 626 4450 1209 4536; baseline -0.007 -20"><span class='ocrx_word' id='word_1_406' title='bbox 626 4452 837 4536; x_wconf 89' lang='lat' dir='ltr'>gladio</span> <span class='ocrx_word' id='word_1_407' title='bbox 870 4450 1209 4515; x_wconf 89' lang='lat' dir='ltr'>interimat.</span> 
     </span>
    </p>

    <p class='ocr_par' dir='ltr' id='par_1_11' title="bbox 713 4549 3090 4634">
     <span class='ocr_line' id='line_1_42' title="bbox 713 4549 3090 4634; baseline -0.001 -18"><span class='ocrx_word' id='word_1_408' title='bbox 713 4555 896 4633; x_wconf 85' lang='lat' dir='ltr'>Resp.</span> <span class='ocrx_word' id='word_1_409' title='bbox 947 4552 1082 4615; x_wconf 89' lang='lat' dir='ltr'>Hoc</span> <span class='ocrx_word' id='word_1_410' title='bbox 1114 4551 1298 4615; x_wconf 88' lang='lat' dir='ltr'>nimis</span> <span class='ocrx_word' id='word_1_411' title='bbox 1328 4550 1553 4634; x_wconf 90' lang='lat' dir='ltr'>probat</span> <span class='ocrx_word' id='word_1_412' title='bbox 1590 4570 1673 4618; x_wconf 91' lang='lat' dir='ltr'>sc.</span> <span class='ocrx_word' id='word_1_413' title='bbox 1709 4571 1819 4617; x_wconf 92' lang='lat' dir='ltr'>nec</span> <span class='ocrx_word' id='word_1_414' title='bbox 1848 4552 2029 4617; x_wconf 91' lang='lat' dir='ltr'>licere</span> <span class='ocrx_word' id='word_1_415' title='bbox 2068 4571 2133 4616; x_wconf 89' lang='lat' dir='ltr'>se</span> <span class='ocrx_word' id='word_1_416' title='bbox 2162 4550 2426 4628; x_wconf 88' lang='lat' dir='ltr'>tradere,</span> <span class='ocrx_word' id='word_1_417' title='bbox 2467 4551 2631 4615; x_wconf 87' lang='lat' dir='ltr'>sicut</span> <span class='ocrx_word' id='word_1_418' title='bbox 2660 4568 2784 4615; x_wconf 92' lang='lat' dir='ltr'>non</span> <span class='ocrx_word' id='word_1_419' title='bbox 2830 4549 2977 4614; x_wconf 89' lang='lat' dir='ltr'>licet</span> <span class='ocrx_word' id='word_1_420' title='bbox 3024 4569 3090 4615; x_wconf 92' lang='lat' dir='ltr'>se</span> 
     </span>
    </p>
   </div>
  </div>
 </body>
</html>
