3497 5147
291 390 429 466 [529]
965 400 1118 449 Qum
1158 401 1236 441 m·
1273 400 1637 449 Qno'mpmx
1671 404 2061 445 nmspnnms
2642 396 2750 451 405

290 501 650 567 relationem
682 498 761 563 ad
810 499 1033 563 Deum.
1066 497 1231 582 Ergo
1279 498 1343 562 et
1386 499 1449 562 in
1495 517 1644 563 casu
1688 499 1817 564 imo
1849 519 1886 563 a
1922 500 2186 578 fortiori,
2221 503 2300 568 'ut
2331 505 2750 572 consideranti

295 606 474 689 patet.
512 601 762 667 Scavini
808 601 978 679 dicit,
1013 619 1217 665 carere
1248 601 1450 684 culpa,
1499 601 1553 665 si
1598 602 1991 686 intelligatur
2034 604 2303 670 mundus
2343 605 2591 674 Christo
2647 628 2750 692 op-

297 707 547 791 positus.
582 703 698 768 Sed
732 721 929 784 neque
961 702 1034 766 de
1066 702 1183 767 hoc
1214 704 1498 787 cogitant
1526 703 1826 769 homines.

374 808 658 892 Longam
706 825 754 870 s.
790 804 976 888 Alph.
1015 825 1076 868 n.
1116 805 1261 869 130.
1303 805 1474 868 addit
1520 806 1946 887 quaestionem
1993 807 2067 873 de
2112 809 2544 876 maledictione
2589 832 2748 878 mor-

290 911 537 975 tuorum
585 911 648 974 et
695 907 946 984 statuit,
979 906 1042 970 id
1089 924 1209 972 non
1257 907 1526 990 intelligi
1565 927 1601 971 a
1646 908 2097 991 proferentibus
2128 910 2200 974 de
2240 913 2468 977 sanctis
2508 915 2745 979 anima-

291 1013 399 1076 bus
450 1010 806 1095 purgatorii
842 1010 905 1073 et
928 1027 1050 1073 non
1076 1027 1205 1073 esse
1230 1027 1420 1092 grave
1452 1009 1792 1093 peccatum.
1832 1010 1913 1074 Et
1945 1030 2091 1075 sane
2114 1032 2259 1076 vera
2290 1013 2527 1079 indoles
2557 1015 2742 1081 huius

285 1113 607 1179 locutionis
656 1112 944 1177 consistit
987 1112 1053 1175 in
1100 1111 1322 1175 affectu
1352 1111 1616 1176 iniuriae
1646 1113 1709 1176 in
1748 1114 1923 1190 alios,
1958 1133 2220 1196 quorum
2254 1117 2520 1181 mortuis
2554 1118 2743 1182 insul-

283 1218 475 1292 tatur3
511 1216 678 1298 quod
729 1217 794 1279 et
842 1213 1089 1278 Scavini
1128 1214 1278 1278 bene
1314 1215 1515 1278 notat.
1566 1215 1733 1279 Istae
1782 1234 1928 1299 ergo
1973 1216 2435 1282 maledictiones
2484 1219 2743 1285 redeunt

283 1319 353 1382 ad
397 1319 713 1402 quandam
759 1317 1140 1381 locutionem
1186 1316 1551 1382 iniuriosam
1598 1318 1660 1381 in
1693 1318 1990 1395 viventeS,
2025 1338 2183 1400 quae
2219 1321 2429 1404 gravis
2467 1341 2589 1387 non
2622 1323 2734 1400 est,

279 1442 411 1487 eum
449 1441 668 1487 eorum
702 1420 925 1485 honori
954 1438 1076 1483 non
1108 1419 1382 1484 multum
1412 1419 1718 1484 detrahat.

378 1573 505 1626 xm.
542 1573 619 1623 ll.
648 1573 698 1623 ln
737 1569 810 1623 ira
851 1583 1087 1635 usurpare
1128 1570 1411 1622 daemonem
1451 1568 1555 1622 sine
1591 1568 1959 1635 imprecatione,
1986 1586 2080 1623 non
2119 1577 2194 1624 est
2233 1586 2321 1638 per
2358 1588 2410 1626 se
2450 1581 2731 1641 peccatum:

279 1657 460 1711 assidua
484 1664 646 1710 tamen
668 1655 778 1710 eius
799 1653 1063 1708 nominatio
1085 1669 1180 1706 non
1202 1655 1341 1707 decet
1358 1653 1687 1707 Christianum
1707 1662 1756 1707 et
1783 1655 1971 1708 ratione
1992 1657 2205 1709 scandali
2232 1664 2398 1722 posset
2419 1673 2527 1712 esse
2550 1659 2732 1723 gravis.

271 1742 429 1807 Laym.
456 1745 487 1794 Ι.
511 1755 556 1794 ε.

365 1846 540 1920 528.
576 1848 700 1913 Ubi
736 1847 1002 1931 pessima
1036 1846 1416 1912 consuetudo
1448 1847 1706 1911 inolevit
1736 1847 2138 1912 maledicendi
2184 1848 2445 1928 Sanctia
2494 1852 2721 1916 melius

279 1954 392 2028 est,
428 1954 499 2014 ut
532 1951 885 2014 assuescant
914 1947 1277 2012 maledicere
1308 1947 1699 2033 (managgia)
1736 1949 2048 2014 diabolo...
2083 1950 2208 2014 Nec
2239 1952 2605 2027 timendum,
2657 1955 2731 2018 ut

270 2054 327 2118 ei
360 2053 535 2117 velut
570 2051 1033 2117 creaturae·Dei
1065 2049 1455 2114 maledicant.

866 2225 983 2289 An
1011 2226 1145 2289 sint
1160 2224 1382 2306 plures
1411 2227 1641 2305 species
1687 2227 2122 2309 blasphemiae.

362 2388 498 2439 XlV.
534 2387 612 2438 12.
642 2386 689 2438 ln
716 2383 1021 2437 confessione
1047 2381 1363 2450 exprimenda
1389 2391 1463 2436 est
1488 2384 1697 2449 qualitas
1722 2386 2070 2452 blasphemiae,
2100 2385 2326 2441 videlicet
2356 2395 2515 2441 utrum
2543 2395 2720 2442 contra

264 2471 413 2523 Deum
440 2485 501 2523 an
529 2470 743 2522 Sanclos
771 2468 944 2536 fuerin
971 2467 1079 2521 illas
1108 2467 1237 2520 enim
1273 2467 1435 2533 specie
1461 2468 1669 2532 differre,
1695 2476 1771 2522 est
1798 2471 2053 2536 probabile
2078 2474 2345 2525 secundum
2370 2475 2513 2526 Suar-
2542 2476 2720 2526 Sancti.

255 2556 420 2620 Regin.
448 2559 602 2613 Azor,
629 2556 796 2619 Laym.
819 2551 959 2607 Dian.
977 2567 1020 2607 r.
1044 2554 1129 2606 50.
1151 2555 1270 2617 Lug.
1292 2555 1337 2605 d.
1363 2554 1438 2606 15.
1463 2569 1509 2606 n.
1531 2556 1580 2608 2.
1602 2553 1912 2609 Contrarium
1935 2562 2093 2610 tamen
2118 2563 2250 2611 tenet
2268 2559 2424 2611 Trull.
2449 2560 2478 2611 l.
2503 2560 2549 2611 l.
2568 2573 2616 2613 n.
2633 2562 2652 2611 l
2669 2561 2715 2612 l.

249 2644 299 2692 d.
329 2644 374 2693 2.
401 2657 447 2695 n.
472 2642 526 2693 ὃ.
563 2654 675 2692 cum
702 2639 844 2693 Dian.
873 2653 918 2704 p.
950 2641 996 2691 ⁴.
1023 2640 1083 2690 de
1109 2636 1358 2692 circumsl.
1385 2653 1425 2690 r.
1454 2640 1539 2691 30.

334 2760 514 2834 529.
577 2761 755 2841 Quod
803 2759 960 2825 duae
1006 2760 1166 2824 istae
1212 2759 1627 2842 blasphemiae
1674 2761 1962 2825 differant
2005 2764 2222 2845 specie,
2269 2764 2398 2847 ipse
2444 2763 2519 2828 A.
2568 2765 2720 2829 dicit

245 2866 447 2930 solum
481 2861 825 2946 probabile
857 2865 920 2926 et
950 2880 998 2926 s.
1038 2860 1222 2945 Alph.
1256 2881 1316 2925 n.
1355 2862 1500 2924 132.
1535 2862 1916 2945 probabilem
1945 2883 2136 2946 aeque
2167 2864 2318 2929 dicit
2346 2866 2716 2931 sententiam

244 2968 629 3052 oppositam.
666 2963 862 3047 Atqui
908 2966 961 3029 si
1005 2965 1254 3028 tantum
1301 2963 1616 3046 probabile
1654 2966 1751 3028 est
1781 2964 2253 3030 fundamentum
2283 2969 2711 3046 conclusioniS,

246 3090 363 3135 non
412 3071 541 3135 nisi
593 3067 934 3153 probabilis
982 3068 1101 3131 erit
1145 3066 1477 3139 conclusio,
1518 3067 1649 3129 scil.
1700 3067 2003 3151 obligatio
2049 3069 2443 3151 exprimendi,
2479 3089 2557 3133 an
2588 3071 2715 3135 bla-

244 3174 528 3256 sphemia
582 3170 868 3235 fueritin
903 3171 1104 3234 Deum
1150 3169 1250 3232 vel
1287 3166 1565 3232 Sanctos'.
1614 3169 1809 3235 Porro
1849 3170 2149 3255 obligatio
2183 3190 2345 3235 mere
2377 3172 2714 3254 probabilis

244 3294 363 3341 non
414 3275 643 3359 potest
687 3272 803 3336 ulli
831 3271 1174 3336 necessario
1204 3270 1459 3353 imponi.

318 3377 404 3442 Et
437 3379 606 3442 haec
644 3374 958 3440 conclusio
986 3392 1109 3438 non
1147 3374 1244 3437 est
1269 3373 1424 3437 levis
1470 3375 1772 3438 momenti
1803 3374 2007 3455 quoad
2038 3376 2303 3457 praxim3
2340 3377 2486 3457 quia
2519 3377 2712 3441 demit

234 3480 689 3545 necessitatem
719 3475 1068 3558 inquirendi
1101 3495 1137 3538 a
1166 3474 1539 3558 poenitente,
1572 3478 1727 3556 quot
1772 3476 1988 3539 contra
2035 3476 2256 3554 Deum,
2296 3478 2454 3557 quot
2495 3479 2710 3541 contra

229 3579 299 3645 B.
331 3583 701 3669 Virginem,
758 3581 913 3661 quot
956 3579 1171 3642 contra
1217 3577 1491 3661 Angelos
1536 3578 1649 3640 aut
1695 3576 1955 3641 Sanctos
2003 3577 2187 3640 verba
2242 3578 2591 3659 protulerit,
2647 3579 2711 3642 et

222 3687 481 3751 rusticis
534 3685 866 3769 praeterea
911 3681 1281 3766 singillatim
1329 3679 1855 3757 enumerantibus,
1897 3679 2143 3760 quoties
2188 3680 2346 3744 hanc
2392 3681 2488 3745 vel
2534 3681 2710 3745 illam

222 3788 628 3854 locutionem
659 3783 1051 3869 protulerint,
1085 3783 1329 3866 quoties
1359 3783 1521 3845 hunc
1554 3780 1871 3858 Sanctum,
1911 3782 2156 3863 quoties
2188 3782 2382 3846 alium
2413 3785 2528 3848 etc.
2553 3784 2710 3850 iniu-

220 3892 313 3955 ria
348 3890 710 3967 affecerint,
749 3888 853 3952 via
899 3885 1179 3969 expedita
1226 3886 1420 3969 patet,
1461 3885 1535 3949 ut
1579 3885 1942 3948 summatim
1982 3885 2132 3948 haec
2164 3886 2371 3950 omnia
2415 3887 2480 3950 in
2513 3907 2705 3953 unum

218 3995 359 4059 colli
411 3997 552 4060 ant.

302 4018 506 4163 Βξῢίο
560 4091 901 4159 dubitandi
944 4090 1085 4168 fuit,
1113 4090 1260 4173 quia
1306 4091 1369 4154 in
1416 4089 1658 4154 Sanctis
1695 4090 1920 4173 duplex
1952 4089 2407 4172 quodammodo
2439 4091 2708 4155 conside-

218 4200 486 4265 rabatur
520 4212 820 4283 persona,
855 4212 975 4257 non
1013 4211 1189 4258 secus
1237 4211 1308 4257 ac
1351 4192 1413 4255 in
1458 4193 1659 4256 milite
1706 4211 1816 4257 seu
1859 4193 2147 4257 ministro
2180 4192 2371 4275 regio,
2413 4191 2541 4254 scil.
2577 4210 2706 4274 per-

218 4321 367 4366 sona
418 4298 627 4383 quasi
680 4295 924 4379 publica
970 4294 1161 4377 (idem
1207 4293 1305 4357 dic
1348 4294 1423 4358 de
1460 4294 1642 4370 Iulio,
1692 4293 1800 4375 qui
1833 4294 2253 4359 consideretur
2282 4293 2358 4355 ut
2387 4291 2596 4355 Iulius
2640 4293 2705 4357 et

218 4407 287 4467 ut
333 4402 675 4474 sacerdos,
722 4398 820 4463 vel
865 4398 1235 4481 episcopus),
1270 4395 1349 4461 ob
1394 4415 1581 4478 quam
1620 4396 1818 4460 honos
1863 4397 1964 4459 vel
1999 4396 2258 4459 dedecus
2303 4394 2554 4458 illatum
2582 4395 2703 4477 ipsi

218 4507 584 4571 refunditur
618 4503 691 4565 in
725 4520 951 4586 regem,
983 4501 1122 4563 tum
1167 4517 1426 4582 persona
1471 4498 1738 4580 privata,
1774 4497 1876 4561 cui
1907 4499 1970 4560 et
2001 4515 2152 4561 suus
2181 4496 2378 4559 honos
2425 4496 2698 4561 debetur.

216 4607 483 4675 Proinde
537 4601 812 4689 quidam
845 4603 980 4666 DD.
1014 4600 1275 4684 speciem
1307 4600 1736 4683 distinguunt;
1773 4598 1920 4679 quia
1949 4599 2013 4661 iu
2046 4596 2289 4661 Sanctis
2314 4597 2703 4661 considerant
