3497 5147
338 357 469 432 [303]
925 371 1011 410 mn
1046 369 1512 413 conmunionis
1548 371 1773 413 meinai
1811 371 2174 414 EXOUSABILI
2669 359 2778 412 221

334 488 500 535 auam
546 471 864 553 negarent,
903 470 1138 533 certam
1174 469 1441 533 mortem
1487 467 1765 534 subirent
1810 488 1922 534 nec
1954 469 2161 534 tamen
2194 488 2266 533 ex
2302 468 2586 552 ipsorum
2632 470 2790 533 reni-

336 571 518 636 tentia
549 572 615 635 et
644 572 845 636 morte
882 571 1084 635 ullum
1114 571 1603 635 emolumentum
1633 570 1723 635 rei
1753 571 2126 635 christianae
2158 571 2481 636 afferretur
2507 596 2521 647 ς
2557 571 2785 654 quippe

334 692 429 758 per
458 673 617 738 alios
649 673 1114 756 praestarentur
1142 673 1253 736 illa
1287 691 1491 755 opera.

411 775 479 840 Id
510 776 648 839 DD.
675 774 1014 839 extendunt
1045 774 1123 839 ad
1152 773 1609 839 convehendam
1639 774 1930 858 praedam
1963 775 2027 838 in
2058 794 2264 840 naves.
2293 774 2457 841 Nam
2490 793 2614 839 non
2647 794 2788 859 pos-

330 880 466 944 sunt
499 897 632 943 esse
679 877 862 941 inviti
908 878 973 956 ii,
1007 877 1232 958 quibus
1277 896 1374 941 res
1422 877 1809 954 auferuntur,
1843 897 1984 941 cum
2031 877 2339 941 inutiliter
2387 877 2463 942 ad
2509 880 2775 942 mortem

330 981 757 1064 torquerentur
787 980 1019 1063 captivi
1051 979 1181 1043 sine
1212 980 1343 1044 ullo
1375 980 1793 1045 emolumento
1826 980 2124 1063 ipsorum.

411 1084 686 1165 Denique
717 1083 893 1165 patet
921 1081 1085 1146 ratio
1115 1083 1463 1165 postremae
1494 1082 1719 1164 partis;
1746 1082 1896 1162 quia
1927 1081 1981 1145 si
2011 1101 2179 1146 mors
2210 1082 2486 1164 ipsorum
2520 1082 2770 1145 tantum

330 1187 460 1251 boni
491 1205 707 1269 parere
737 1186 964 1268 potest,
996 1187 1239 1249 cessant
1267 1203 1490 1248 causae
1520 1184 1881 1248 excusantes
1912 1186 1976 1247 et
2004 1184 2233 1248 caritas
2266 1184 2552 1248 ordinata
2597 1203 2778 1266 prae·

328 1289 484 1373 cipit,
524 1290 601 1352 ut
630 1306 957 1353 commune
985 1287 1202 1371 ingens
1232 1287 1467 1351 bonum
1512 1286 1758 1369 privato
1806 1286 2173 1369 praeferant.
2206 1286 2289 1350 Et
2335 1287 2554 1351 iisdem
2584 1304 2774 1369 prope

328 1391 632 1475 principiis
679 1390 970 1455 innititur
1015 1389 1312 1454 resolutio
1363 1390 1465 1452 13.

425 1548 604 1605 xclv.
634 1550 718 1600 12.
746 1549 937 1601 incolae
976 1544 1113 1599 urbis
1150 1548 1228 1599 vel
1267 1544 1566 1612 provinciae,
1608 1559 1752 1611 quam
1789 1546 2052 1609 Tyrannus
2089 1543 2364 1611 occupavit,
2407 1543 2538 1597 licite
2577 1554 2772 1599 manent

322 1631 443 1685 inter
475 1630 672 1698 iniquos
708 1645 1021 1698 possessores
1058 1643 1259 1696 eosque,
1288 1636 1491 1693 cogente
1529 1628 1756 1694 imperio,
1792 1628 1965 1681 iuvant
1989 1628 2227 1694 excubiiS,
2262 1629 2496 1694 fossione,
2522 1629 2778 1683 contribu-

324 1717 449 1771 tione
482 1718 632 1784 idque
668 1733 728 1771 ex
768 1716 968 1781 legitimi
1006 1715 1247 1782 Principis
1296 1722 1613 1781 praesumpto
1650 1729 1929 1768 consensu:
1965 1730 2028 1768 ex
2064 1729 2162 1780 quo
2198 1714 2344 1768 etiam
2385 1714 2498 1769 talia
2536 1716 2770 1781 obsequia

323 1802 448 1857 licite
484 1801 769 1869 promittunt
804 1817 914 1856 cum
952 1802 1247 1865 iuramento,
1276 1803 1338 1855 ad
1378 1800 1562 1854 maiora
1600 1803 1723 1854 mala
1758 1815 1847 1853 sua
1884 1807 1933 1854 et
1966 1799 2165 1864 legitimi
2205 1799 2442 1867 Principis
2466 1800 2770 1856 declinanda.

327 1888 490 1952 hym.
516 1890 548 1941 l.
573 1903 618 1941 c.
644 1903 689 1940 n.
715 1890 765 1941 ὅ.

406 2004 586 2079 3⁰2.
622 2008 940 2093 Laymann
976 2006 1051 2071 de
1090 2005 1291 2070 Garit.
1324 2026 1458 2090 cap.
1497 2007 1597 2070 13.
1633 2027 1693 2071 n.
1729 2008 1790 2070 5.
1825 2006 2085 2071 clarius:
2119 2030 2156 2066 ι
2180 2008 2494 2084 ResolveS,
2530 2008 2768 2074 incolas

312 2110 681 2193 provinciae,
706 2129 897 2193 quam
927 2111 1231 2194 tyrannus
1260 2110 1514 2191 expulso
1546 2109 1829 2193 legitimo
1867 2109 2137 2192 principe
2167 2109 2398 2174 iniuste
2422 2113 2772 2193 occupavit,

309 2232 483 2297 posse
504 2214 675 2277 inter
694 2213 942 2294 iniquos
966 2230 1348 2295 possessores
1370 2229 1618 2275 manere
1642 2229 1887 2293 eosque,
1914 2213 2172 2295 cogente
2195 2212 2474 2294 imperi0‚
2498 2213 2774 2278 fossione

308 2317 575 2380 excubiis
610 2318 675 2380 et
705 2315 1160 2380 contributione
1193 2314 1403 2395 aliqua
1434 2314 1677 2378 iuvare:
1704 2331 1826 2379 non
1850 2314 2101 2396 quidem
2123 2314 2466 2379 intentione
2497 2315 2768 2380 bellandi

304 2420 517 2483 contra
546 2418 912 2502 legitimum
942 2417 1389 2500 magistratum
1419 2415 1608 2497 (idest
1653 2416 2048 2499 Principem),
2084 2415 2189 2480 sed
2235 2418 2542 2497 quatenus
2582 2437 2767 2501 opera

305 2519 414 2586 illa
443 2520 791 2587 secundum
827 2539 891 2585 se
926 2518 1335 2584 indifferentia
1372 2520 1545 2596 sunt3
1581 2538 1739 2601 quae
1771 2518 1826 2583 si
1857 2519 1934 2583 ab
1981 2518 2199 2584 incolis
2229 2521 2607 2597 recusantur,
2644 2541 2772 2586 ma-

302 2623 434 2689 iora
463 2624 749 2708 pericula
780 2625 843 2688 et
872 2622 1262 2687 incommoda
1305 2622 1651 2698 imminent,
1688 2625 1765 2685 ut
1794 2620 2081 2687 videlicet
2111 2622 2288 2687 bonis
2321 2622 2450 2686 suis
2484 2624 2769 2689 omnibus

296 2726 673 2810 spolientur,
707 2726 1023 2809 provincia
1056 2724 1382 2788 eiiciantur
1413 2724 1477 2788 et
1508 2724 1635 2800 alii,
1676 2724 1754 2787 ad
1784 2725 2126 2789 nocendum
2163 2726 2596 2808 promptioreS,
2630 2728 2772 2792 sub-

294 2830 675 2895 stituantur.
702 2827 1117 2908 Quamobrem
1147 2826 1627 2891 existimandum
1672 2825 1864 2891 etiam
1895 2829 2009 2904 est,
2037 2827 2390 2911 legitimum
2428 2829 2765 2913 principem

292 2933 671 3009 consentire,
721 2932 795 2995 ut
838 2929 1141 2995 eiusmodi
1188 2928 1481 3011 obsequia
1528 2948 1562 2992 a
1612 2929 1877 2993 subditis
1925 2929 2174 2993 interim
2223 2930 2626 2995 exhibeantur
2673 2934 2773 2996 vel

292 3035 482 3100 etiam
530 3033 895 3100 iuramento
945 3033 1411 3116 promittantur,
1460 3033 1768 3114 quatenus
1812 3032 1905 3095 ita
1954 3050 2108 3115 opus
2155 3033 2251 3096 est
2295 3034 2360 3097 et
2405 3032 2523 3114 ipsi
2579 3035 2772 3098 etiam

286 3139 442 3205 utile
492 3139 577 3204 ad
619 3138 911 3223 graviora
955 3137 1124 3202 mala
1169 3134 1458 3200 cavenda.
1485 3133 1656 3214 Quae
1693 3136 1907 3199 autem
1935 3135 2000 3198 in
2046 3134 2249 3198 maius
2295 3134 2563 3219 legitimi
2595 3135 2770 3199 Prin-

288 3242 442 3326 cipis
481 3244 551 3307 et
618 3239 994 3323 reipublicae
1039 3238 1335 3302 damnum
1401 3238 1513 3301 aut
1557 3237 1869 3301 caholicae
1930 3237 2248 3320 religionis
2311 3238 2769 3321 oppressionem

282 3364 541 3410 cessura
575 3345 752 3415 sunt,
779 3360 851 3405 ea
884 3341 1118 3405 subditi
1150 3359 1186 3403 a
1212 3341 1474 3424 tyranno
1508 3340 1713 3405 adacti
1743 3342 2058 3423 praestare
2090 3358 2210 3405 non
2242 3341 2529 3422 possunt;
2557 3341 2759 3405 multo

284 3447 497 3512 minus
549 3466 621 3510 se
669 3444 1021 3509 iuramento
1069 3442 1344 3526 obligare
1368 3465 1438 3505 »z
1465 3442 1573 3505 ubi
1620 3442 1848 3505 clarius
1894 3442 2172 3505 redditur
2216 3441 2379 3505 ratio
2426 3441 2764 3506 doctrinae.

395 3599 563 3654 XCV.
611 3598 699 3648 -l3.
733 3596 917 3647 Nautae
956 3601 1005 3647 et
1029 3591 1226 3657 aurigae
1263 3591 1504 3644 Catholici
1546 3591 1591 3642 in
1622 3590 1895 3655 Hollandia,
1922 3591 2067 3644 etiam
2095 3589 2198 3644 sine
2224 3590 2364 3654 gravi
2390 3598 2539 3657 metu,
2566 3591 2607 3644 si
2632 3592 2760 3644 absit

284 3695 434 3749 prava
474 3678 719 3741 intentiO‚
755 3678 883 3732 licite
921 3681 1108 3731 vehunt
1142 3690 1381 3730 annonam
1425 3677 1483 3728 ad
1522 3683 1683 3728 castra
1711 3674 2090 3740 haereticorum,
2116 3673 2157 3727 si
2195 3673 2356 3727 adsint
2385 3673 2486 3737 alii,
2524 3674 2626 3739 qui,
2665 3674 2768 3728 illis

281 3766 627 3830 cessantibus,
660 3766 898 3829 lacerent5
937 3761 1068 3828 quia,
1096 3761 1188 3814 nisi
1215 3760 1262 3813 id
1292 3759 1485 3826 faciant,
1513 3761 1839 3813 excludentur
1862 3758 1996 3812 omni
2025 3763 2162 3812 lucro
2189 3764 2417 3824 tanquam
2443 3773 2617 3812 osores
2650 3758 2766 3812 boni

278 3852 486 3919 publici.
530 3853 605 3903 V.
650 3851 788 3902 Less-
835 3850 869 3901 Ι.
910 3851 959 3900 2.
999 3864 1043 3901 c.
1088 3849 1165 3901 ¹9.
1205 3848 1383 3899 Sancli.
1434 3848 1467 3899 Ι.
1516 3848 1559 3897 l.
1601 3861 1642 3898 c.
1683 3845 1734 3898 7.
1773 3844 1882 3898 Fili.
1924 3850 1957 3897 t.
1998 3847 2083 3897 22.
2121 3858 2163 3895 c.
2204 3843 2255 3895 5.

370 3962 558 4026 Idem
598 3980 679 4024 ac
711 3959 774 4022 in
806 3958 1011 4022 Resol.
1051 3958 1184 4020 11⁸.

363 4066 401 4105 *
435 4064 655 4130 Nota.
692 4062 930 4127 Auctor
965 4060 1099 4144 egit
1126 4060 1276 4124 data
1314 4078 1497 4143 opera
1530 4058 1603 4122 de
1633 4056 1973 4141 praeceptis
2020 4058 2330 4121 virtutum
2361 4056 2762 4138 Theologica-

276 4190 453 4235 rum:
490 4166 673 4233 nihil
704 4183 847 4228 vero
883 4163 1095 4228 subdit
1129 4163 1203 4227 de
1234 4161 1574 4245 praeceptis
1604 4161 1914 4224 virtutum
1946 4157 2390 4222 Cardinalium.
2421 4158 2607 4221 Ratio
2641 4159 2763 4230 est:

268 4274 419 4357 quia
458 4273 543 4337 de
570 4268 848 4334 Iustitia
880 4266 1092 4352 agitur
1121 4264 1614 4330 cumulatissime
1646 4263 1770 4328 alio
1808 4263 1973 4326 loco:
2010 4260 2082 4324 de
2118 4259 2576 4338 Temperantia,
2605 4277 2763 4340 quae

269 4377 623 4460 praecepta
662 4372 1014 4446 occurrunt,
1056 4369 1410 4433 tractantur
1455 4367 1517 4431 111
1550 4367 1654 4430 Tr.
1688 4366 1763 4429 de
1810 4363 2086 4428 Peccatis
2133 4362 2239 4426 ubi
2287 4361 2361 4424 de
2402 4359 2576 4424 Gula
2608 4364 2670 4426 et
2702 4363 2764 4425 in

265 4479 483 4545 Tract.
537 4479 611 4540 in
667 4473 732 4536 6.
774 4473 1179 4555 Praeceptum
1228 4469 1542 4553 Decalogi,
1592 4468 1701 4531 ubi
1746 4466 1820 4530 de
1861 4465 2156 4528 Luxuria
2201 4466 2263 4527 et
2310 4463 2371 4526 in
2420 4463 2755 4544 Praecepto

263 4580 592 4647 Ecclesiae
646 4576 730 4640 de
776 4574 1023 4638 Ieiunia
1069 4575 1133 4637 et
1182 4571 1607 4636 Abstinentia.
1650 4571 1741 4634 De
1774 4567 2135 4632 Prudentia
2171 4586 2315 4631 vero
2362 4566 2758 4650 praeceptum
