3497 5147
319 387 461 464 [356]
1234 400 1400 443 vana
1439 400 1864 442 onsnvamA
2667 388 2774 443 259

310 516 453 582 sup.
487 518 546 562 n.
575 498 719 562 42.:
760 522 796 555 «
819 497 1157 563 Ordinatur
1186 498 1431 563 divinus
1463 499 1669 563 cultus
1702 497 1780 563 ad
1803 499 2118 581 quandam
2141 499 2538 564 directionem
2561 501 2777 563 huma·

320 620 542 666 norum
591 603 847 665 actuum
894 600 1227 665 secundum
1258 600 1551 665 instituta
1585 602 1719 678 Dei,
1756 600 1864 683 qui
1904 601 2132 666 colitur
2162 603 2224 665 et
2256 602 2333 666 ad
2363 602 2480 667 hoc
2512 602 2778 685 pertinet

322 702 683 786 superstitio
732 703 1121 783 quarundam
1167 702 1660 766 observationum
1690 728 1752 780 »3
1800 705 1947 786 quia
1994 723 2210 787 nempe
2257 705 2659 787 potiusquam
2705 723 2776 768 ex

316 804 570 890 regum,
619 823 776 885 quas
823 805 990 868 Deus
1035 805 1212 870 nobis
1259 805 1519 870 tradidit
1565 806 1806 891 agendi,
1859 808 2034 872 actus
2080 808 2326 872 nostros
2375 827 2446 872 ex
2490 807 2667 872 vanis
2715 809 2779 872 et

316 906 769 991 superstitiosis
814 906 1047 971 normis
1091 907 1385 992 regimus.

409 1006 584 1081 355.
620 1010 704 1074 Et
748 1010 891 1074 hinc
936 1011 1111 1092 patet
1157 1010 1319 1075 ratio
1367 1010 1758 1088 discriminiS,
1808 1012 1973 1096 quod
2004 1014 2079 1077 A.
2119 1014 2295 1096 ponit
2332 1014 2495 1078 inter
2539 1012 2781 1078 divinar-

322 1114 549 1176 tionem
595 1113 660 1177 et
705 1111 1179 1188 observationes,
1212 1112 1377 1194 quod
1408 1113 1575 1196 prior
1623 1114 1940 1179 ordinetur
1985 1118 2234 1180 tantum
2283 1116 2359 1180 ad
2393 1116 2778 1181 occultorum

316 1217 755 1302 cognitionem,
806 1217 921 1280 hae
966 1234 1110 1280 vero
1158 1215 1232 1280 ad
1283 1217 1567 1282 effectum
1612 1220 1952 1283 externum.

407 1317 745 1383 Caietanus
792 1317 1016 1401 triplex
1062 1319 1522 1401 superstitionis
1569 1340 1765 1405 genus
1812 1321 1901 1386 sic
1947 1323 2238 1406 proponit
2283 1323 2346 1386 in
2378 1323 2438 1387 2.
2475 1323 2536 1387 2.
2576 1341 2635 1404 q.
2670 1324 2775 1387 92.

323 1425 441 1487 art.
478 1423 538 1485 2.
581 1420 1117 1501 Quemadmodum
1160 1422 1224 1484 in
1272 1421 1480 1487 divino
1528 1423 1706 1487 cultu
1741 1423 2143 1488 inveniuntur
2187 1424 2310 1488 tria
2356 1443 2582 1508 genera
2627 1424 2779 1488 divi-

319 1544 541 1590 norum
602 1526 670 1588 1⁰
716 1522 1047 1599 Sacrificia,
1107 1524 1469 1601 oblationes,
1525 1524 1818 1602 decimae,
1873 1529 2024 1590 vota
2087 1528 2151 1590 et
2197 1525 2573 1601 huiusmodi,
2622 1543 2780 1606 quae

318 1628 547 1691 directe
603 1627 668 1690 in
716 1626 833 1690 Dei
878 1626 1283 1690 reverentiam
1329 1626 1523 1691 fiunt:
1575 1628 1645 1689 2⁰
1693 1627 2022 1705 orationeS,
2079 1627 2651 1711 contemplationes,
2695 1626 2782 1691 le-

319 1731 559 1796 ctiones
615 1731 678 1794 et
737 1729 1113 1806 huiusmodi,
1178 1748 1336 1811 quae
1392 1729 1471 1793 ad
1525 1729 2000 1795 instructionem
2053 1732 2332 1795 nostram
2381 1729 2777 1795 ordinantur:

319 1833 392 1896 3⁰
423 1840 828 1908 sacramenta,
879 1832 1349 1908 benedictioneS,
1407 1833 1903 1910 sacramentalia,
1951 1833 2201 1910 ieiunia,
2256 1832 2416 1897 festa
2463 1833 2525 1896 et
2570 1832 2782 1896 huius-

322 1935 518 2011 modi,
567 1953 719 2016 quae
764 1933 991 1999 directe
1036 1934 1388 1999 consistunt
1432 1935 1497 1997 in
1542 1933 1673 1999 ritu
1718 1935 2013 2000 instituto
2062 1954 2098 1999 a
2146 1936 2274 2000 Deo
2323 1937 2386 1999 et
2417 1933 2782 1999 ordinantur

320 2038 402 2102 ad
451 2037 800 2121 dirigendos
847 2038 1094 2101 nostros
1142 2037 1338 2115 actus,
1390 2040 1462 2102 ut
1508 2038 1655 2101 sunt
1702 2039 1879 2101 actus
1912 2036 2414 2122 regenerationis,
2463 2035 2784 2101 confirma·

314 2140 529 2218 tioniS,
580 2139 827 2217 ordinis,
870 2139 1253 2204 matrimonii
1289 2141 1442 2214 etc.;
1474 2139 1568 2204 ita
1596 2140 1661 2203 in
1693 2140 1871 2204 cultu
1902 2139 2333 2222 superstitioso
2359 2141 2453 2203 est
2494 2140 2561 2202 1⁰
2590 2136 2783 2204 idolo-

316 2244 529 2317 latria,
596 2261 755 2324 quae
817 2240 1092 2306 divinam
1137 2242 1546 2307 reverentiam
1600 2242 1846 2307 exhibet
1899 2244 2245 2306 creaturae:
2304 2243 2375 2305 20
2428 2243 2524 2306 est
2569 2241 2784 2306 deinde

315 2346 647 2423 divinatio,
695 2363 854 2427 quae
901 2345 999 2410 tot
1042 2344 1243 2409 modis
1289 2344 1764 2410 instructionem
1818 2364 1854 2408 a
1908 2345 2203 2409 daemone
2249 2345 2519 2427 quaerit:
2570 2340 2662 2407 3⁰-
2687 2346 2782 2409 est

316 2450 586 2531 denique
630 2448 1005 2525 observati0,
1062 2466 1186 2529 qua
1233 2449 1365 2511 tam
1411 2445 1846 2530 multipliciter
1891 2449 1956 2512 et
2002 2446 2387 2529 operationes
2441 2464 2587 2510 suas
2640 2465 2784 2510 con-

318 2555 600 2628 struunt,
633 2550 971 2627 continent,
1004 2550 1220 2614 laxant
1249 2551 1313 2615 et
1346 2550 1586 2633 aliquas
1618 2551 1936 2616 creaturas
1960 2548 2327 2633 quandoque
2353 2551 2682 2614 assumunt
2706 2549 2784 2614 ad

315 2675 435 2721 sua
467 2671 655 2738 opera
687 2653 867 2735 quasi
904 2652 1379 2717 sacramentalia
1409 2652 1714 2735 quaedam
1744 2678 1806 2717 ».

408 2753 587 2828 356.
629 2755 985 2820 Difficultas
1032 2757 1241 2820 tamen
1282 2756 1493 2838 aliqua
1539 2756 1700 2820 eima
1745 2756 1897 2820 haec
1941 2756 2075 2820 fieri
2120 2757 2328 2840 potest
2373 2775 2445 2820 ex
2476 2774 2568 2834 eo,
2617 2755 2782 2838 quod

315 2880 367 2927 s.
417 2859 700 2924 Thomas
746 2859 1017 2939 quatuor
1048 2858 1229 2922 hosce
1264 2857 1483 2923 modos
1516 2858 2051 2923 observantiarum
2081 2857 2147 2921 in
2182 2858 2456 2940 quatuor
2502 2855 2782 2922 articulis

310 2984 373 3046 q.
411 2962 523 3028 96.
558 2961 755 3045 ponit,
798 2987 833 3019 «
876 2963 942 3024 1ο
973 2961 1046 3025 (16
1080 2960 1487 3025 observantiis
1521 2961 1598 3024 ad
1629 2959 1951 3024 scientiam
1985 2960 2437 3041 acquirendam,
2472 2979 2630 3041 quae
2661 2961 2784 3024 tra-

311 3067 559 3130 duntur
589 3064 653 3127 in
687 3065 819 3127 arte
860 3062 1132 3128 notoria:
1184 3064 1254 3126 20
1291 3062 1364 3127 de
1412 3061 1842 3135 observantiis,
1876 3080 2034 3144 quae
2066 3060 2431 3126 ordinantur
2463 3060 2538 3124 ad
2574 3060 2783 3142 aliqua

312 3185 587 3251 corpora
610 3165 1034 3230 immutanda:
1062 3165 1131 3229 3⁰
1156 3164 1229 3228 de
1262 3163 1689 3242 observantiis,
1717 3183 1876 3246 quae
1895 3164 2260 3229 ordinantur
2291 3163 2368 3227 ad
2401 3164 2785 3228 coniecturas

316 3268 663 3337 sumendas
687 3268 1106 3333 fortuniorum
1152 3268 1217 3331 et
1258 3267 1778 3333 infortuniorum:
1829 3267 1899 3330 4⁰
1946 3265 2020 3331 de
2057 3265 2559 3349 suspensionibus
2590 3284 2787 3331 sacro-

310 3394 464 3439 rum
505 3371 839 3436 verborum
870 3370 948 3434 ad
978 3370 1210 3435 collum
1242 3396 1302 3434 ».
1343 3370 1536 3435 Porro
1584 3369 1853 3453 primum
1891 3387 1964 3433 ex
1993 3368 2090 3432 his
2122 3370 2186 3432 et
2215 3369 2480 3431 maxime
2526 3367 2785 3432 tertium

311 3476 625 3545 confundi
657 3474 943 3540 videntur
972 3494 1114 3539 cum
1149 3472 1656 3539 divinationibus.

403 3581 493 3644 Et
520 3597 667 3644 sane
707 3598 756 3642 6.
796 3578 1017 3642 Thom.
1053 3577 1311 3641 tertium
1344 3576 1461 3641 hoc
1492 3574 1579 3639 sic
1611 3575 1875 3658 explicat
1907 3575 1968 3638 2.
2005 3575 2064 3638 2.
2102 3593 2158 3655 q.
2193 3573 2300 3637 96.
2336 3576 2454 3637 art.
2490 3574 2587 3636 3.:
2623 3595 2658 3630 αι
2682 3569 2786 3636 Di-

312 3684 612 3758 cendum,
647 3681 814 3764 quod
844 3681 1124 3748 homines
1155 3679 1458 3745 eiusmodi
1507 3679 1967 3743 observationes
1999 3678 2332 3742 attendunt
2360 3695 2482 3742 non
2512 3678 2589 3741 ut
2610 3694 2788 3758 quas-

310 3786 467 3851 dam
494 3803 738 3861 causaS,
786 3783 893 3848 sed
924 3787 998 3848 ut
1028 3784 1206 3868 signa
1235 3782 1543 3864 quaedam
1578 3781 1938 3846 futurorum
1975 3782 2307 3845 eventuum
2355 3781 2659 3845 bonorum
2687 3780 2786 3845 vel

322 3889 673 3953 malorum.
722 3885 864 3951 Non
912 3886 1317 3951 observantur
1372 3887 1581 3949 autem
1628 3884 1791 3948 sicut
1845 3884 2023 3969 signa
2072 3904 2106 3947 a
2166 3884 2296 3949 Deo
2343 3882 2598 3960 tradita,
2645 3902 2787 3949 cum

308 4010 445 4057 non
500 3989 628 4055 sint
657 3988 1014 4054 introducta
1052 4009 1122 4052 ex
1170 3988 1544 4053 auctoritate
1581 3985 1811 4062 divina,
1844 3986 1949 4052 sed
1995 3987 2198 4072 magis
2245 4007 2317 4052 ex
2363 3986 2640 4052 vanitate
2669 3987 2788 4051 hu-

314 4113 538 4172 mana,
587 4094 954 4175 cooperante
985 4090 1356 4156 daemonum
1401 4090 1667 4164 malitia,
1717 4090 1826 4173 qui
1870 4091 2159 4156 nituntur
2196 4091 2436 4156 animos
2468 4091 2790 4155 hominum

310 4194 689 4260 huiusmodi
714 4192 1097 4258 vanitatibus
1120 4193 1455 4275 implicare.
1481 4193 1565 4257 Et
1588 4192 1725 4257 ideo
1756 4192 2159 4257 manifestum
2187 4195 2303 4266 est,
2339 4210 2549 4257 omnes
2579 4190 2791 4255 huius·

311 4296 497 4362 modi
561 4295 1023 4361 observationes
1083 4314 1214 4360 esse
1274 4295 1738 4379 superstitiosas
1787 4296 1853 4359 et
1911 4295 2164 4360 illicitas
2211 4297 2276 4359 et
2320 4294 2608 4359 videntur
2659 4311 2788 4358 esse

320 4400 641 4484 quaedam
663 4398 961 4480 reliquiae
984 4398 1396 4474 idololatriae,
1425 4397 1761 4462 secundum
1786 4416 1973 4480 quam
2008 4396 2496 4463 observabantur
2528 4397 2792 4481 auguria

316 4505 384 4568 et
449 4502 704 4584 quidam
762 4499 889 4565 dies
952 4500 1146 4566 fausti
1193 4501 1289 4565 vel
1350 4500 1637 4576 infausti:
1687 4499 1854 4582 quod
1907 4496 2350 4580 quodammodo
2385 4497 2667 4578 pertinet
2708 4495 2797 4560 ad

316 4604 801 4678 divi-nationem,
840 4622 998 4686 quae
1028 4602 1102 4668 fit
1131 4622 1239 4686 per
1271 4605 1460 4680 astra,
1494 4601 1835 4667 secundum
1871 4619 2029 4683 quae
2067 4600 2611 4684 distinguebantur
2633 4598 2789 4662 dies:
