3497 5147
707 343 814 397 102
1173 352 1384 394 maor.
1426 352 1480 392 v.
1519 349 1679 391 snc‘r.
1720 350 1811 390 111.
1847 350 1933 389 nn
1970 347 2361 390 namneus,
2402 348 2604 390 carm-
2644 348 2685 388 1.
3015 331 3161 408 [136]

709 452 941 536 duplici
979 468 1208 526 amore,
1255 449 1386 512 scil.
1435 449 1498 511 et
1536 447 1848 511 amicitiae
1885 448 1950 510 et
1993 447 2522 529 concupiscentiae
2577 446 2886 510 exoriente
2924 465 2962 509 a
3007 446 3169 508 cari-

711 555 860 618 tatis
897 553 1148 617 virtute.
1198 552 1333 614 Imo
1371 550 1487 614 hoc
1531 549 1830 632 principio
1877 569 1990 614 ceu
2019 551 2186 614 certo
2221 550 2424 614 utitur
2460 549 2653 613 etiam
2683 549 2748 612 in
2770 548 3164 631 responsione

712 657 788 720 ad
838 658 934 718 2.:
994 678 1029 713 ‹
1077 653 1418 717 Dicendum
1442 652 1608 734 quod
1631 651 1855 733 duplex
1903 652 2000 715 est
2043 653 2253 716 motus
2300 651 2364 715 in
2396 652 2678 727 caritate,
2714 649 3002 715 videlicet
3032 668 3168 713 mo-

710 761 815 830 tus
862 756 1174 820 amicitiae
1210 756 1274 819 et
1304 756 1514 818 motus
1545 753 2094 836 concupiscentiae.
2127 753 2342 818 Motus
2388 753 2698 817 amicitiae
2745 754 2840 817 est
2882 752 3010 830 ilie,
3043 770 3167 834 quo

712 861 852 943 quis
889 858 1199 924 desiderat
1241 858 1373 921 Deo
1420 856 1659 939 placere
1691 858 1755 919 et
1783 856 2030 920 servire.
2064 855 2279 920 Motus
2308 855 2836 938 concupiscentiae
2883 856 2997 931 est,
3046 872 3169 935 quo

712 963 1020 1027 desiderat
1057 962 1260 1025 Deum
1289 959 1514 1023 habere
1550 959 1616 1023 et
1643 958 1850 1023 videre
1880 982 1944 1022 ».

808 1060 958 1134 136.
997 1064 1160 1128 Η1110
1189 1082 1239 1126 s.
1273 1061 1545 1125 Thomas
1591 1061 1770 1144 ponit
1816 1061 2125 1125 obiectum
2156 1060 2437 1124 caritatis
2484 1060 2549 1123 in
2580 1060 2755 1125 Bono
2788 1059 2997 1124 divino
3028 1080 3176 1142 qua-

712 1171 895 1232 tenus
933 1167 1027 1230 est
1074 1165 1382 1229 obiectum
1428 1162 1853 1227 beatitudinis,
1882 1163 1982 1226 Ita
2015 1165 2074 1225 2.
2112 1165 2171 1226 2.
2206 1182 2265 1244 q.
2318 1163 2423 1225 23.
2460 1165 2579 1226 art.
2621 1163 2682 1224 4.
2706 1185 2739 1232 ε,
2763 1188 2796 1219 «
2844 1162 3173 1245 Proprium

718 1268 1029 1333 obiectum
1074 1267 1303 1331 amoris
1348 1266 1443 1329 est
1488 1265 1738 1330 bonum.
1788 1265 1870 1328 Et
1916 1265 2052 1330 ideo
2100 1265 2207 1329 ubi
2238 1267 2334 1329 est
2363 1264 2647 1347 specialis
2693 1265 2857 1329 ratio
2890 1265 3054 1341 boni,
3088 1265 3175 1336 ibi

716 1375 812 1438 est
856 1372 1138 1455 specialis
1166 1372 1331 1437 ratio
1364 1371 1612 1435 amoris.
1653 1370 1899 1434 Bonum
1932 1371 2145 1434 autem
2181 1370 2482 1445 divinum,
2517 1370 2890 1451 inquantum
2915 1372 3010 1435 est
3038 1371 3177 1434 bea-

717 1475 1004 1540 titudinis
1037 1474 1368 1551 obiectum,
1405 1472 1594 1537 habet
1640 1471 1967 1554 specialem
2011 1472 2317 1536 rationem
2348 1472 2516 1535 boni.
2548 1472 2631 1534 Et
2674 1471 2813 1536 ideo
2853 1491 3027 1536 amor
3072 1492 3173 1535 ca-

717 1582 945 1657 ritatis,
981 1581 1089 1662 qui
1118 1580 1215 1644 est
1238 1598 1413 1644 amor
1443 1579 1628 1642 huius
1659 1577 1826 1656 boni,
1860 1580 1956 1641 est
1986 1577 2267 1660 specialis
2300 1595 2496 1642 amor.
2537 1577 2713 1642 Unde
2742 1579 2808 1641 et
2831 1577 3059 1642 caritas
3082 1581 3175 1642 est

719 1684 1001 1767 specialis
1031 1684 1234 1748 virtus
1271 1706 1334 1745 ».

809 1787 892 1850 Et
924 1787 980 1849 1.
1017 1788 1077 1848 2.
1118 1804 1176 1865 q.
1218 1784 1323 1847 65.
1359 1786 1477 1847 art.
1515 1785 1574 1848 5.
1609 1783 1688 1847 ad
1725 1784 1815 1847 1.:
1856 1809 1892 1841 «ι
1923 1780 2168 1846 Caritas
2201 1801 2324 1847 non
2364 1783 2458 1845 est
2496 1782 2965 1863 qualiscumque
2997 1800 3169 1846 amor

717 1889 851 1964 Dei,
893 1888 998 1950 sed
1030 1906 1206 1950 amor
1231 1887 1363 1963 Dei,
1397 1905 1521 1967 quo
1554 1886 1841 1969 diligitur
1872 1888 1946 1948 ut
1982 1884 2388 1948 beatitudinis
2420 1884 2732 1948 obiectum
2770 1909 2831 1947 ».

810 1989 891 2050 Et
921 2008 978 2069 q.
1019 1988 1165 2049 114.
1201 1989 1318 2050 art.
1354 1988 1413 2049 4.
1438 1966 1527 2050 s«
1561 1985 2087 2050 Considerandum
2132 1988 2248 2063 est,
2282 1985 2445 2067 quod
2494 1986 2625 2050 vita
2664 1988 2915 2050 aeterna
2950 1987 3013 2050 in
3059 1986 3174 2050 Dei

719 2090 1010 2155 fruitione
1043 2088 1346 2152 consistit.
1380 2087 1596 2151 Motus
1630 2089 1843 2152 autem
1874 2088 2183 2151 humanae
2217 2089 2445 2152 mentis
2477 2088 2555 2152 ad
2587 2088 2948 2153 fruitionem
2978 2087 3171 2153 divini

724 2193 870 2259 boni
917 2193 1012 2255 est
1056 2191 1341 2272 proprius
1381 2190 1558 2254 actus
1596 2189 1881 2253 caritatis
1911 2214 1972 2252 ».

813 2293 975 2358 Hinc
1021 2313 1093 2356 ex
1137 2312 1186 2355 s,
1220 2292 1461 2356 Thema
1497 2291 1827 2356 discrimen
1859 2293 2022 2356 inter
2051 2292 2380 2356 caritatem
2427 2293 2491 2357 et
2535 2313 2726 2375 spem,
2777 2293 2983 2375 quoad
3015 2293 3181 2357 obie-

722 2400 895 2462 ctum
928 2398 987 2459 2.
1024 2397 1084 2458 2.
1118 2414 1176 2476 q.
1227 2396 1331 2458 23.
1367 2397 1486 2458 art.
1522 2395 1581 2457 6.
1618 2394 1693 2457 ad
1728 2396 1826 2457 3.:
1868 2419 1905 2453 ‹
1935 2394 2109 2458 Idem
2139 2395 2369 2459 bonum
2417 2396 2514 2459 est
2551 2397 2864 2461 obiectum
2899 2396 3181 2460 caritatis

722 2502 785 2565 et
837 2500 985 2585 spei.
1043 2496 1159 2562 Sed
1205 2497 1434 2561 caritas
1494 2497 1797 2579 importat
1842 2496 2134 2561 unionem
2178 2497 2271 2580 (111
2317 2498 2435 2561 hac
2486 2499 2620 2562 vita
2664 2499 3052 2584 inchoatam)
3099 2497 3174 2561 ad

721 2603 879 2668 illud
924 2602 1187 2666 bonum:
1237 2618 1374 2682 spes
1429 2600 1641 2663 autem
1693 2598 2059 2663 distantiam
2103 2601 2416 2682 quandam
2463 2621 2500 2665 a
2546 2602 2696 2667 Deo.
2753 2602 2838 2665 Et
2887 2603 3028 2667 inde
3065 2603 3179 2678 est,

722 2705 886 2786 quod
917 2703 1148 2767 caritas
1180 2722 1303 2767 11011
1334 2702 1588 2785 respicit
1614 2702 1774 2766 iliud
1805 2702 2057 2779 bonum,
2093 2704 2166 2767 ut
2189 2702 2455 2768 arduum
2488 2729 2550 2768 ».

819 2802 972 2875 137.
1011 2804 1072 2869 S.
1107 2804 1292 2887 Alph.
1325 2804 1413 2868 lib
1446 2807 1507 2867 2.
1540 2826 1597 2869 11.
1636 2806 1739 2868 24.
1778 2805 2124 2882 confirmat,
2166 2806 2536 2871 desiderium
2580 2808 2932 2890 possidendi
2977 2809 3176 2873 Deum

724 2926 853 2972 esse
893 2907 1206 2972 obiectum
1250 2906 1560 2983 caritatis;
1617 2930 1654 2965 ‹
1700 2908 1868 2989 quia,
1902 2908 2127 2989 inquit,
2179 2909 2407 2972 caritas
2455 2909 2657 2973 tendit
2701 2910 2765 2973 in
2812 2911 3015 2974 Deum
3047 2911 3180 2974 tan-

729 3029 917 3092 quam
949 3008 1247 3073 ultimum
1277 3008 1463 3073 finem
1493 3010 1556 3073 et
1591 3009 1728 3073 ideo
1775 3009 2147 3074 desiderium
2177 3010 2527 3092 possidendi
2560 3013 2780 3090 Deum,
2814 3013 2923 3094 qui
2953 3015 3050 3077 est
3092 3013 3183 3076 ul-

729 3112 922 3175 timus
954 3111 1115 3186 finis,
1150 3113 1245 3175 est
1275 3111 1559 3195 proprius
1592 3114 1769 3176 actus
1806 3112 2121 3176 caritatis:
2161 3112 2287 3176 imo
2321 3113 2647 3195 perfectior
2678 3114 2846 3191 aliis;
2880 3135 3027 3179 nam
3052 3134 3186 3198 pos-

730 3214 921 3279 sessio
969 3213 1086 3277 Dei
1132 3214 1227 3277 est
1257 3214 1485 3277 caritas
1508 3215 1942 3279 consummata
1981 3238 2043 3278 ›.

819 3316 902 3379 Et
949 3334 998 3379 s.
1031 3315 1380 3380 Bernardus
1419 3316 1497 3379 tr.
1531 3314 1606 3379 de
1637 3314 1955 3397 diliyendo
1986 3316 2123 3379 Deo
2154 3337 2206 3380 c.
2252 3318 2308 3380 7.
2343 3339 2404 3382 11.
2443 3319 2576 3382 17.:
2617 3342 2652 3376 α
2685 3318 2826 3383 Non
2857 3320 3023 3384 enim
3057 3320 3184 3385 sine

732 3418 1007 3501 praemio
1052 3418 1337 3502 diligitur
1382 3420 1570 3497 Deus,
1604 3420 1722 3483 etsi
1769 3420 1999 3501 absque
2046 3420 2304 3502 praemii
2336 3421 2572 3485 intuitu
2618 3420 2968 3506 diligendus
3008 3423 3093 3487 sit
3123 3449 3179 3485 ».

732 3519 971 3600 Quibus
1017 3521 1218 3585 verbis
1264 3521 1518 3601 quidam
1575 3521 1940 3586 abutuntur.
1998 3520 2111 3587 Sed
2172 3522 2518 3599 attendant,
2568 3542 2616 3586 s.
2666 3523 3051 3589 Bernardum
3096 3544 3193 3589 ex-

732 3624 975 3688 cludere
1007 3624 1211 3687 solum
1259 3624 1663 3706 temporalem
1708 3625 2067 3688 mercedem.
2108 3625 2269 3689 Hinc
2316 3625 2538 3710 pergit.
2580 3649 2615 3684 ‹
2652 3625 2854 3690 Verus
2902 3645 3079 3693 amor
3123 3647 3185 3691 se

731 3725 867 3807 ipso
914 3726 1241 3789 contentus
1287 3727 1401 3790 est.
1426 3725 1636 3790 Habet
1658 3727 2021 3808 praemium,
2055 3726 2155 3790 sed
2196 3727 2279 3802 id,
2314 3727 2482 3808 quod
2512 3732 2783 3792 amatur.
2823 3728 2988 3793 Nam
3018 3730 3191 3812 quic-

734 3826 881 3909 quid
901 3832 1163 3908 propter
1176 3827 1361 3891 aliud
1392 3846 1600 3892 amare
1631 3828 1918 3904 videaris,
1935 3828 1997 3891 id
2021 3829 2203 3911 plane
2234 3848 2427 3907 amm,
2463 3849 2585 3911 quo
2612 3833 2845 3896 amoris
2884 3832 3026 3898 finis
3064 3852 3194 3917 per-

734 3928 936 3994 tendit
978 3949 1100 3994 non
1139 3949 1245 4011 per
1281 3929 1446 4010 quod
1479 3929 1741 3992 tendit...
1764 3928 2011 4008 Quanto
2050 3930 2253 4013 magis
2286 3931 2488 3995 Deum
2521 3951 2737 3998 amans
2771 3935 2979 4000 anima
3019 3935 3187 4001 aliud

735 4034 978 4115 praeter
1003 4033 1206 4097 Deum
1237 4031 1334 4095 sui
1366 4031 1594 4095 amoris
1620 4032 1966 4111 praemium
2003 4050 2125 4095 non
2148 4033 2451 4113 requirit?
2485 4038 2597 4100 aut
2620 4037 2674 4101 si
2707 4037 2876 4101 aliud
2907 4038 3187 4121 requirit,

734 4135 893 4200 fflud
926 4152 1036 4217 pro
1069 4135 1256 4209 certo,
1291 4151 1414 4196 non
1449 4134 1650 4196 Deum
1682 4132 1894 4217 diligit
1924 4157 1985 4197 ».

825 4236 970 4299 Huc
1012 4236 1294 4317 spectant
1340 4253 1498 4315 quae
1529 4234 1718 4298 habet
1763 4254 1811 4299 s.
1861 4235 2224 4302 Franciscus
2257 4235 2529 4304 Salesius
2560 4241 2639 4304 tr.
2673 4240 2748 4303 de
2779 4240 3019 4306 Amore
3066 4241 3191 4306 Dei

737 4337 897 4420 part.
934 4337 993 4398 2.
1027 4336 1134 4399 lib.
1171 4337 1232 4399 4.
1271 4355 1402 4418 cap.
1443 4337 1583 4400 10.:
1640 4362 1674 4393 «
1706 4338 1793 4401 At
1826 4338 1899 4416 si,
1934 4338 2099 4421 quod
2130 4339 2510 4425 impossibile
2543 4345 2656 4419 est,
2690 4346 2963 4409 exstaret
3009 4364 3192 4427 quae-

738 4437 882 4503 dam
927 4436 1172 4501 infinita
1218 4438 1482 4515 bonitas,
1523 4439 1686 4503 inter
1717 4459 1907 4522 quam
1939 4442 2003 4505 et
2034 4460 2144 4506 nos
2178 4443 2350 4508 nulla
2382 4444 2734 4509 communio
2766 4445 3186 4525 intercederet,

740 4538 1013 4623 profecto
1060 4559 1198 4605 eam
1245 4540 1308 4605 in
1354 4541 1576 4606 maiori
1608 4543 1807 4626 pretio
1854 4544 2221 4610 haberemus
2269 4565 2461 4628 quam
2489 4547 2838 4629 nosipsos...
2889 4550 2954 4614 et
2990 4568 3198 4615 conse-
