3497 5147
453 336 636 413 [1113]
798 352 949 400 Qum
986 352 1386 401 ammanus
1424 353 1509 393 AD
1546 352 1838 394 1311131311
1877 352 2394 396 3603331331161111
2430 354 2561 395 nro.
2656 369 2670 380 ·
2807 341 2918 394 829

451 450 685 515 laboris
731 450 1004 514 ieiunare
1050 469 1174 516 non
1219 452 1527 528 tenentur,
1561 451 1803 533 possint
1850 451 1982 515 ovis
2016 451 2262 534 saepius
2292 450 2356 514 in
2394 451 2491 514 die
2523 452 2648 516 uti:
2684 471 2732 515 s.
2767 452 2918 516 Poe-

453 555 815 620 nitentiaria
841 557 945 620 27.
974 556 1128 621 Maii
1159 558 1349 621 1863.
1377 555 1693 639 respondit
1716 558 1868 621 tunc
1891 576 2014 634 eos,
2042 556 2295 638 quinon
2329 557 2618 621 tenentur
2641 558 2918 621 ieiunare

453 658 695 722 ratione
743 659 969 723 aetatis
1017 659 1117 723 vel
1161 659 1414 737 laboris,
1464 659 1573 741 qui
1620 677 1742 723 non
1789 660 1935 723 sunt
1982 659 2380 742 comparandi
2425 658 2523 735 113,
2573 659 2680 741 qui
2727 678 2922 724 causa

449 760 732 825 infirmae
778 761 1154 826 valetudinis
1204 781 1240 825 a
1286 762 1514 826 ieiunio
1563 764 1954 839 excusantur,
2005 780 2125 825 303
2183 780 2359 845 posse
2407 762 2569 826 vesci
2629 762 2920 826 carnibus

454 863 699 945 quoties
732 883 839 946 per
877 864 1039 928 diem
1077 864 1287 928 edunt.
1323 865 1357 902 *

542 966 635 1030 En
671 965 795 1029 alia
827 966 1049 1031 similis
1081 966 1398 1050 responsio
1432 930 1704 1030 eiusdem
1734 984 1786 1030 s.
1821 964 2343 1030 Poenitentiariae
2375 967 2474 1030 16.
2501 966 2692 1031 Mart.
2725 967 2915 1029 1882.

454 1065 729 1141 Fideles,
754 1068 867 1148 qui
899 1069 1144 1132 ratione
1175 1066 1431 1145 affectae
1467 1066 1851 1132 valetudinis
1871 1089 1916 1130 a
1938 1065 2070 1149 leye
2102 1067 2328 1131 ieiunii
2347 1088 2458 1131 seu
2481 1069 2702 1132 unicae
2734 1088 2923 1132 come-

456 1170 680 1233 stionis
700 1170 1084 1247 eximuntur,
1110 1169 1278 1234 licite
1289 1175 1578 1250 possunt,
1603 1170 1688 1233 iis
1711 1168 2229 1251 quadraqesimae
2260 1169 2495 1244 diebuS,
2522 1170 2747 1251 quibus
2779 1190 2923 1235 esus

456 1272 744 1335 carnium
758 1294 882 1353 per
916 1272 1234 1336 indultum
1251 1274 1602 1353 permissus
1639 1277 1751 1347 est,
1794 1273 1971 1336 toties
2001 1270 2298 1336 carnibus
2331 1273 2509 1348 vesci,
2543 1274 2780 1353 quoties
2802 1294 2924 1351 per

453 1373 618 1437 diem
648 1373 856 1437 edunt.
892 1371 983 1439 Cf.
1018 1375 1178 1438 Acta
1208 1394 1258 1439 s.
1305 1373 1496 1440 Sedis.
1525 1374 1601 1437 V.
1642 1375 1742 1438 14.
1779 1395 1838 1458 p.
1875 1376 2024 1438 568.

547 1476 914 1556 Quaesitum
947 1477 1137 1542 etiam
1169 1477 1326 1541 fuit:
1376 1502 1410 1535 «
1445 1478 1674 1542 Utrum
1707 1477 1772 1541 111
1805 1476 2018 1540 diebus
2050 1477 2267 1542 ieiunii
2298 1478 2572 1560 tempore
2597 1478 2922 1543 Adventus

458 1598 493 1642 a
531 1579 644 1643 Pio
684 1578 793 1642 VI.
834 1579 1249 1662 praescriptis,
1292 1579 1607 1662 permissis
1655 1580 1866 1643 tamen
1913 1579 2263 1656 13611613113,
2304 1580 2405 1645 6111
2451 1581 2703 1664 propter
2750 1580 2922 1645 infir-

456 1682 745 1744 mitatem
779 1680 991 1745 licitus
1023 1684 1118 1745 631
1150 1700 1299 1745 usus
1332 1681 1631 1758 carnium,
1671 1680 2002 1745 interdicta
2035 1681 2118 1746 sit
2149 1682 2585 1764 promiscuitas
2624 1684 2823 1746 631313
2858 1685 2922 1747 61

459 1783 724 1868 piscium
748 1808 809 1848 ».

548 1886 763 1952 Solum
787 1887 1069 1951 cavillosi
1102 1906 1172 1950 36
1204 1886 1526 1970 sophistici
1551 1887 1614 1950 in
1646 1887 1762 1950 hoc
1796 1885 2054 1950 dubium
2086 1886 2291 1951 venire
2315 1888 2672 1967 potuerunt.
2701 1885 2921 1951 Nonne

458 1989 619 2053 enim
660 1988 1029 2053 Benedictus
1062 1988 1233 2053 XIV.
1268 1989 1561 2065 edixerat,
1597 1989 1798 2072 legem
1845 1989 2020 2052 illam
2069 1989 2273 2052 valere
2304 2007 2414 2072 pro
2449 1989 2687 2054 cunctis
2720 1990 2923 2054 totius

461 2092 605 2155 anni
638 2091 902 2169 ieiuniis,
936 2092 1001 2155 in
1039 2092 1263 2174 quibus
1303 2091 1735 2156 concederetur
1773 2110 1922 2155 usus
1955 2090 2282 2155 carnium?

551 2191 736 2257 Sacra
768 2193 1254 2258 Poenitentiaria
1301 2193 1398 2257 (116
1446 2194 1506 2256 8.
1556 2193 1804 2257 Ianuar.
1859 2194 2050 2256 1834.
2100 2192 2444 2276 respondit:
2496 2192 2924 2276 Affirmatwe,

462 2315 678 2374 nempe
725 2316 853 2359 non
900 2295 1082 2360 licere
1128 2295 1433 2361 eiusmodi
1468 2296 2027 2376 promiscuitatem.

549 2398 790 2463 Rursus
823 2399 945 2465 duo
978 2399 1103 2465 alia
1135 2400 1323 2464 dubia
1371 2400 1521 2464 item
1571 2418 1608 2462 a
1654 2398 1968 2463 cavillosis
2015 2398 2352 2482 proposita.
2407 2398 2464 2461 1.
2516 2399 2745 2464 Utrum
2794 2398 2927 2482 Ieye

459 2501 682 2564 vetitae
702 2502 1145 2583 permixtionis
1169 2502 1768 2587 comprehendantur
1792 2501 1985 2585 pisces
2017 2502 2145 2566 sale
2175 2502 2391 2566 siccati
2421 2501 2641 2586 (vulgo
2673 2503 2923 2578 salumi,

458 2604 621 2669 idest
668 2605 830 2682 alici,
862 2606 1215 2684 mosciame‚
1249 2606 1505 2683 caviale,
1534 2606 1772 2691 atinga,
1823 2604 2175 2682 tarantella,
2226 2605 2471 2687 aliaque
2517 2605 2615 2669 his
2663 2607 2924 2690 similia)

464 2725 541 2770 33
573 2706 783 2790 potius
814 2707 1058 2772 misceri
1103 2708 1345 2791 possint
1392 2708 1464 2771 ad
1517 2709 1714 2772 instar
1745 2707 2121 2772 condimenti
2153 2708 2411 2772 alterius
2458 2708 2708 2773 ferculi:
2744 2711 2924 2792 quasi

463 2808 748 2872 videlicet
793 2809 989 2892 pisces
1036 2810 1164 2874 sale
1209 2809 1425 2876 siccati
1472 2828 1593 2873 non
1640 2812 1844 2875 essent
1891 2810 2158 2894 amplius
2220 2810 2444 2894 pisces!
2495 2811 2630 2877 Imo
2687 2813 2740 2876 si
2796 2832 2926 2896 spe-

462 2912 665 2975 ctetur
701 2912 862 2976 ratio
911 2912 1365 2995 prohibitioniS‚
1402 2913 1633 2976 abusus
1680 2912 1812 2976 scil.
1854 2933 2086 2991 eorum,
2121 2913 2230 2995 qui
2264 2914 2340 2978 ob
2374 2914 2792 2979 valetudinem
2848 2916 2928 2979 ab

464 3034 570 3078 esu
596 3014 859 3098 piscium
892 3015 1305 3079 abhorrebant
1331 3017 1395 3079 et
1430 3015 1725 3099 petebant
1748 3014 2114 3080 facultatem
2141 3015 2352 3080 utendi
2377 3017 2685 3097 carnibus,
2721 3017 2926 3101 magis

464 3117 528 3182 hi
566 3118 879 3184 interdicti
912 3119 1106 3183 videri
1129 3118 1490 3183 debuerunt.

553 3221 896 3305 Respondit
940 3241 989 3286 s.
1025 3221 1512 3286 Poenitentiaria
1545 3221 1641 3284 die
1694 3221 1795 3284 16.
1831 3221 1961 3285 Ian.
2019 3220 2238 3283 1834.;
2290 3218 2513 3283 Pisces
2556 3220 2688 3285 sale
2735 3223 2929 3286 sicea—

466 3328 620 3388 103...
670 3325 872 3387 vetari
914 3324 1169 3386 miscere
1206 3344 1345 3387 cum
1390 3323 1706 3399 carnibus,
1757 3325 1994 3403 quoties
2039 3322 2252 3386 carnis
2298 3325 2360 3385 et
2387 3323 2665 3401 piscium
2709 3325 2932 3388 mixtio

464 3427 657 3488 vetita
703 3428 811 3487 est.

549 3525 897 3591 Secundum
946 3523 1112 3588 haud
1162 3524 1442 3588 absimile
1488 3524 1643 3589 fuit:
1687 3549 1721 3583 «
1757 3525 1986 3590 Utrum
2034 3527 2308 3608 tempore
2339 3526 2555 3589 ieiunii
2587 3526 2686 3588 cui
2719 3526 2932 3592 licitus

470 3628 563 3689 est
594 3647 744 3690 usus
777 3626 1074 3704 carnium,
1124 3625 1309 3690 116631
1355 3626 1609 3691 31136616
1642 3628 1916 3691 16313663
1947 3627 2208 3705 marina,
2244 3648 2401 3710 quae
2425 3627 2759 3711 improprie
2809 3629 2933 3692 fru-

469 3728 607 3791 ctus
654 3728 842 3792 maris
876 3729 1186 3807 dicuntur,
1222 3729 1324 3792 sed
1352 3730 1541 3814 vulgo
1568 3729 1764 3813 pisces
1796 3731 2122 3794 censentur
2154 3729 2341 3811 (idest
2373 3729 2659 3806 ostriche‚
2697 3730 2929 3808 telline,

470 3829 716 3913 patelle,
751 3832 1105 3909 canolicchi,
1133 3851 1342 3915 cappe,
1382 3832 1640 3916 granchi
1673 3833 1820 3914 etc.)
1853 3857 1915 3896 2».

561 3931 620 3996 S.
657 3933 1140 4000 Poenitentiaria
1189 3936 1286 4000 die
1339 3936 1440 3999 16.
1490 3934 1622 3998 Ian.
1677 3936 1868 3998 1834.
1920 3933 2261 4017 respondit:
2315 3932 2612 3998 Testacea
2656 3935 2932 4012 marma,

471 4057 629 4118 quae
676 4037 1013 4118 improprie
1058 4037 1300 4118 fruetus
1344 4037 1543 4102 maris
1588 4037 1905 4115 dicuntur,
1953 4037 2068 4103 sed
2106 4036 2290 4120 vulqo
2325 4036 2536 4119 pisces
2582 4040 2930 4115 censentur,

470 4140 672 4203 vetari
716 4141 970 4204 miscere
1016 4159 1154 4203 eum
1219 4140 1534 4219 carnibus,
1585 4141 1826 4222 quoties
1885 4140 2097 4205 earnis
2142 4142 2206 4204 et
2236 4139 2510 4220 piscium
2570 4138 2789 4201 mixtio
2836 4159 2962 4202 ve-⁴

477 4242 596 4306 tica
642 4246 751 4308 est.

565 4344 730 4416 1113.
767 4346 915 4411 Τ113
952 4365 1095 4412 vero
1136 4345 1260 4410 alia
1297 4346 1616 4429 proposita
1641 4347 1809 4412 fuere
1843 4345 2031 4410 dubia
2068 4363 2301 4422 eorum,
2336 4344 2444 4427 qui
2477 4344 2781 4428 scrupulis
2816 4345 2938 4410 tor-

477 4449 849 4533 quebantur.

567 4551 893 4616 Primum:
950 4577 984 4610 «
1016 4550 1117 4616 Un
1154 4550 1500 4615 confessore
1532 4550 1841 4615 domanda
1865 4550 1990 4615 alla
2023 4549 2271 4615 Santita
2317 4552 2551 4624 vostra,
2602 4569 2666 4615 se
2714 4551 2774 4613 ai
2820 4550 2941 4616 dis·
