3497 5147
706 386 813 440 598
1016 399 1229 440 mor.
1252 399 1331 440 vr.
1353 397 1514 440 31101.
1546 398 1636 438 111.
1662 398 1748 438 nn
1772 397 1994 439 ‘mm-10
2013 398 2228 440 mano.
2256 400 2586 442 nncnoox.
2614 400 2757 442 nun.
2783 401 2839 442 v.
3025 387 3179 463 [814]

705 496 866 562 vinis
898 498 1136 572 vacent,
1170 497 1381 559 tamen
1404 495 1494 559 nil
1530 495 1971 579 praescribitur
2001 498 2063 560 et
2095 496 2329 579 alioqui
2353 496 2493 562 finis
2525 498 2835 582 praecepti
2861 518 2984 564 non
3008 499 3175 565 cadit

706 599 820 663 sub
851 601 1266 682 praeceptum.

886 699 955 764 2⁰
986 701 1156 766 Dicit
1179 702 1232 765 si
1250 701 1690 765 consuetudine
1722 700 1844 764 loci
1871 705 2184 785 receptum
2217 703 2321 767 sit.
2346 704 2434 767 At
2465 704 2675 768 sedulo
2701 704 3171 787 inspiciendum,

703 823 855 868 num
885 802 1033 868 talis
1058 804 1144 867 sit
1172 803 1575 880 consuetudo,
1602 822 1760 885 quae
1794 801 2018 867 habeat
2047 805 2172 867 vim
2195 804 2354 887 leyis
2385 807 2446 869 et
2478 806 2615 870 ideo
2658 805 2742 869 sit
2775 806 3171 890 obligatoria.

703 904 869 969 Nam
925 905 1003 969 ad
1048 905 1166 969 hoc
1223 905 1581 988 requiritur,
1644 907 1718 969 ut
1765 906 2183 971 communitas
2231 907 2581 989 frequentet
2629 909 2841 972 actum
2905 908 3174 989 aliquem

703 1027 825 1073 non
872 1027 1041 1073 mero
1090 1007 1344 1091 pietatis
1406 1007 1634 1083 studi0,
1684 1007 1791 1071 sed
1838 1027 1979 1071 cum
2027 1009 2234 1074 animo
2303 1009 2632 1074 inducendi
2704 1009 3171 1094 obligationem.

703 1109 847 1174 Vid.
881 1112 1065 1175 tract.
1091 1111 1165 1174 de
1196 1110 1351 1191 Ley.
1391 1130 1452 1173 n.
1489 1112 1592 1174 50.
1627 1109 1757 1174 Nec
1793 1112 2173 1176 consuetudo
2208 1112 2543 1189 inducitur,
2584 1113 2638 1177 si
2662 1112 2728 1176 id
2756 1111 2997 1178 faciunt
3027 1113 3172 1196 (11113

706 1231 953 1277 erronee
993 1213 1371 1285 existimant,
1405 1231 1469 1276 se
1509 1211 1585 1276 ad
1617 1212 1679 1276 id
1714 1212 1999 1297 obligari.
2554 1210 2567 1220 '

886 1313 955 1376 30
970 1312 1147 1392 Quod
1178 1314 1356 1379 dicit:
1385 1312 1450 1378 Si
1481 1314 1895 1378 necessarium
1928 1316 2013 1378 sit
2037 1315 2112 1379 ad
2133 1322 2458 1396 peccatum
2478 1319 2577 1382 vel
2607 1317 2978 1382 scandalum
2988 1337 3175 1398 prae-

706 1419 1062 1493 cavendum,
1098 1421 1193 1484 est
1237 1439 1562 1485 commune
1593 1419 1848 1484 cuilibet
1885 1420 2056 1485 actui
2093 1422 2387 1488 humano.
2424 1421 2797 1488 Scandalum
2834 1425 3045 1487 autem
3090 1423 3174 1504 (si

708 1521 871 1586 actio
896 1540 1019 1585 non
1052 1522 1135 1586 sit
1157 1522 1355 1605 mala)
1387 1522 1707 1604 provenite
1739 1522 1947 1603 potest
1977 1524 2226 1588 tantum
2263 1545 2333 1590 ex
2376 1527 2645 1591 aliorum
2673 1527 3033 1611 ignorantia
3065 1528 3176 1590 aut

705 1623 769 1687 in
802 1641 872 1688 eo
912 1642 1040 1688 esse
1071 1624 1323 1707 poterit,
1360 1625 1525 1706 quod
1558 1625 1906 1707 exemplum
1931 1627 2184 1691 moveat
2221 1628 2377 1693 alios
2426 1628 2503 1693 ad
2551 1628 2967 1694 omittendum
3006 1628 3179 1710 quid·

706 1724 875 1809 piam
920 1726 1087 1799 boni,
1127 1725 1272 1790 licet
1317 1746 1439 1792 non
1487 1726 1817 1809 praecepti.
1886 1726 1958 1790 In
2002 1747 2129 1810 quo
2177 1749 2333 1811 quae
2380 1732 2444 1794 et
2480 1732 2717 1812 quanta
2749 1731 2932 1814 culpa
2977 1729 3176 1796 inesse

704 1828 905 1911 possit
952 1828 1201 1892 difficile
1249 1829 1344 1892 est
1376 1828 1648 1892 definire.

886 1930 959 1991 4⁰
1005 1929 1193 2006 Dicit,
1222 1930 1277 1994 si
1306 1949 1548 1995 11000330
1596 1930 1679 1995 sit
1727 1930 1804 1994 ad
1851 1931 2231 2011 implendam
2275 1932 2558 2014 aliquam
2603 1932 3064 2016 obligationem,
3114 1955 3173 1998 v.

708 2050 801 2115 gr.
837 2030 890 2094 si
921 2029 1260 2094 Dominiea
1304 2033 1374 2094 in
1421 2030 1613 2096 Albis
1659 2033 1953 2099 nondum
1980 2035 2312 2118 sumpserit
2359 2035 2497 2117 quis
2544 2035 3042 2101 communionem
3072 2056 3178 2119 pa-

709 2131 999 2209 schalem,
1035 2135 1197 2197 certe
1230 2153 1301 2198 ea
1338 2134 1434 2198 die
1469 2135 1715 2199 tenetur
1739 2136 2008 2220 insuper,
2049 2137 2102 2201 si
2135 2136 2199 2200 in
2247 2137 2420 2201 statu
2458 2137 2692 2220 peccati
2725 2138 2827 2212 sit,
2862 2137 3174 2214 confiteri3

706 2235 861 2298 item
893 2235 944 2299 si
968 2236 1346 2319 praescripta
1384 2256 1494 2320 pro
1529 2237 1626 2301 die
1657 2238 1816 2303 festo
1849 2238 2038 2302 fuerit
2069 2237 2414 2304 satisfactio
2454 2240 2941 2316 sacramentalis,
2978 2242 3089 2304 aut
3121 2240 3175 2304 si

710 2356 780 2401 ex
818 2339 966 2402 voto
1015 2339 1153 2421 quis
1187 2340 1406 2404 debeat
1440 2359 1593 2424 opus
1644 2340 1895 2422 aliquod
1927 2341 2117 2424 pium.
2168 2340 2254 2403 At
2286 2341 2437 2405 haec
2482 2361 2604 2406 non
2651 2342 2888 2407 faciunt
2922 2342 3001 2406 ad
3046 2362 3175 2407 rem

708 2441 772 2505 et
804 2460 994 2524 aeque
1025 2443 1238 2507 valent
1269 2462 1379 2527 pro
1417 2443 1631 2507 diebus
1669 2462 1791 2507 non
1817 2443 2008 2507 festis.

891 2544 960 2607 5⁰
991 2544 1268 2626 Denique
1306 2546 1512 2627 quoad
1532 2547 1898 2622 concionem,
1932 2547 2126 2611 relate
2159 2547 2235 2612 ad
2273 2548 2703 2613 necessitatem
2740 2548 3176 2613 instructiones

708 2645 977 2710 diximus
1004 2666 1136 2729 sup.
1165 2648 1326 2711 Dub.
1362 2649 1477 2712 III.
1506 2649 1623 2713 sub
1653 2670 1712 2712 n.
1747 2648 1952 2713 XXII.
1981 2646 2197 2730 Quoad
2229 2651 2664 2714 correctionem
2692 2656 2900 2715 autem
2929 2670 3176 2716 morum

708 2747 894 2811 nimis
921 2748 1168 2813 difficile
1207 2752 1300 2814 est
1339 2751 1785 2836 obligationem
1825 2751 2095 2829 definire,
2137 2754 2362 2837 quippe
2394 2752 2557 2816 idem
2590 2752 2663 2816 de
2693 2753 2956 2818 lectione
3003 2754 3177 2837 spiri-

710 2849 873 2913 tuali
906 2851 1020 2913 etc.
1056 2850 1175 2914 dici
1206 2855 1415 2934 posset
1453 2856 1516 2918 et
1547 2854 1715 2917 domi
1746 2853 1960 2918 diebus
1994 2856 2185 2919 etiam
2217 2855 2555 2934 ferialibus,
2591 2855 2756 2937 quod
2790 2856 2867 2920 ad
2901 2856 2965 2921 id
3014 2875 3166 2941 opus

710 2953 890 3029 esset,
923 2955 1132 3035 posset
1154 2953 1306 3018 fieri.

1558 3097 1661 3163 De
1706 3100 1914 3181 officio
1958 3100 2323 3180 ves-pemmo.

799 3249 955 3323 814.
984 3254 1169 3318 Haud
1192 3256 1346 3320 levis
1371 3255 1790 3321 controversia
1821 3256 1894 3320 de
1923 3256 2040 3320 hac
2069 3275 2134 3320 re
2169 3257 2374 3341 agitat
2403 3258 2750 3341 provincias
2789 3257 3032 3324 Galliae
3064 3262 3173 3324 aut

710 3355 932 3439 Belgii.

797 3459 972 3544 Gury
1004 3464 1155 3526 tom.
1203 3462 1259 3524 1.
1299 3461 1354 3543 ξ.
1391 3462 1540 3525 340.
1581 3463 1917 3545 postquam
1947 3463 2176 3527 statuit
2207 3463 2444 3527 nullam
2479 3463 2688 3528 adesse
2729 3465 3173 3550 obligationem

706 3564 821 3628 sub
868 3566 1047 3648 gravi
1095 3566 1157 3628 et
1204 3563 1587 3647 probabilius
1637 3584 1832 3648 neque
1881 3565 1995 3629 sub
2041 3565 2182 3641 levi,
2210 3565 2449 3630 subdit:
2493 3591 2527 3623 «
2559 3566 2855 3631 Attamen
2904 3568 3173 3632 interve-

706 3666 836 3730 nire
875 3667 1098 3731 debent
1145 3668 1209 3732 in
1254 3668 1427 3745 locis,
1463 3667 1568 3732 ubi
1615 3668 1706 3732 ita
1753 3667 1874 3733 fert
1920 3668 2297 3734 consuetudo
2345 3671 2611 3752 recepta,
2647 3689 2804 3751 (11130
2851 3672 3059 3756 vigere
3087 3672 3176 3735 vi-

705 3768 890 3832 detur
934 3769 998 3833 in
1045 3769 1233 3834 variis
1274 3768 1517 3835 Galliae
1566 3772 1629 3835 et
1674 3771 1879 3855 Belgii
1909 3772 2084 3849 locis,
2122 3772 2300 3836 aiunt
2330 3771 2602 3835 Billuart
2634 3773 2697 3836 et
2725 3772 3022 3849 Bouvier3
3062 3774 3170 3856 qui

709 3870 919 3934 tamen
965 3871 1080 3935 sub
1128 3872 1353 3935 veniali
1401 3874 1649 3936 tantum
1685 3874 1761 3937 ad
1807 3873 1869 3937 id
1910 3874 2193 3957 obligant
2240 3874 2303 3937 et
2347 3873 2527 3938 facile
2560 3893 2596 3938 a
2638 3874 2752 3938 tali
2801 3875 3172 3960 obligationi

707 3975 1001 4037 excusant
1033 3998 1093 4038 ».

797 4075 960 4140 Bene
986 4078 1099 4153 est,
1139 4077 1303 4159 quod
1342 4077 1407 4141 hi
1444 4078 1559 4141 sub
1589 4076 1826 4140 veniali
1863 4075 2146 4160 obligant
2194 4078 2257 4141 et
2284 4075 2470 4154 faede
2502 4082 2823 4155 excusant3
2859 4080 3170 4161 quomodo

706 4179 869 4244 enim
885 4179 1039 4243 levis
1059 4178 1360 4264 obligatio
1385 4198 1507 4244 non
1527 4179 1773 4242 facilem
1789 4177 2046 4241 haberet
2068 4180 2564 4245 excusationem?
2598 4182 2664 4246 at
2700 4182 3011 4264 quomodo
3037 4201 3174 4266 pro·

705 4282 877 4358 bant,
936 4282 1146 4346 adesse
1206 4282 1336 4346 veri
1381 4281 1648 4346 nominis
1704 4279 2211 4345 consuetudinem
2267 4282 2748 4368 obligatoriam?
2803 4284 2967 4348 Nam
3027 4305 3167 4350 cum

706 4382 865 4447 desit
910 4384 1027 4457 lex,
1064 4403 1218 4467 opus
1258 4386 1372 4461 est,
1423 4385 1495 4446 ut
1541 4383 1760 4465 sponte
1791 4382 2001 4447 fideles
2039 4384 2350 4449 voluerint
2389 4387 2548 4450 hanc
2595 4405 2905 4452 assumere
2936 4388 3174 4472 obliga·

703 4484 973 4562 tionem,
1010 4489 1185 4570 atqui
1232 4489 1347 4553 hoc
1393 4505 1515 4550 non
1554 4485 1855 4569 probatur
1886 4506 1994 4551 nec
2026 4488 2292 4571 probant
2323 4507 2431 4553 seu
2476 4491 2736 4572 probare
2759 4492 3023 4574 possunt
3058 4493 3173 4556 aut

705 4608 820 4655 sua
868 4591 1075 4653 aetate
1106 4589 1377 4653 Billuart
1401 4592 1513 4654 aut
1544 4589 1815 4655 Bouvier
1842 4609 2024 4655 nunc.
2061 4591 2200 4673 Ipse
2232 4589 2406 4676 Gury
2445 4592 2790 4659 dubitative
2821 4612 2928 4659 seu
2961 4594 3172 4677 opina-
