3497 5147
323 299 471 374 [845]
706 313 793 354 1110
829 313 1340 358 onnon-nomene
1377 314 1822 358 MAGISTROBUM
1859 316 1936 355 m·
1971 313 2430 358 n1so11>unonuu
2683 300 2794 356 628

1409 552 1572 616 DUB.
1601 551 1710 615 VI.

1059 706 1163 772 De
1199 706 1577 789 obliyatione
1614 706 2066 772 Parachomm.

445 884 708 937 xxxvn.
734 886 883 949 Resp.
909 882 1124 937 Curatus
1162 881 1271 935 sive
1309 884 1557 935 parochus
1595 881 1703 935 inre
1739 881 1910 935 divino
1947 888 2142 936 tenetur
2181 884 2227 936 ⁴.
2257 882 2472 936 residere
2510 881 2558 936 in
2597 898 2681 937 sua
2711 886 2798 937 Pa-

331 968 516 1022 rochia.
538 968 674 1022 Trid.
701 982 824 1021 sess.
847 969 932 1020 23.
953 983 997 1020 0.
1023 969 1068 1018 ⁴.
1090 968 1152 1019 de
1170 970 1258 1020 ret.
1285 969 1431 1019 Barb.
1454 964 1521 1020 de
1538 964 1628 1037 off.
1653 966 1881 1021 Parooh.
1902 981 1945 1019 0.
1969 968 2018 1017 8.
2041 980 2088 1018 n.
2116 968 2189 1019 ⁴.:
2213 966 2394 1033 alioqui
2418 965 2467 1019 in
2495 966 2795 1021 conscientia

330 1056 512 1107 tructus
549 1067 644 1106 non
684 1052 795 1106 tacit
834 1066 952 1105 suos
989 1057 1278 1117 teneturque
1317 1066 1408 1118 pro
1444 1057 1550 1104 rata
1592 1049 1840 1104 absentiae
1877 1050 2135 1104 restituere
2174 1050 2387 1104 fabricae
2425 1052 2673 1106 Ecclesiae
2715 1055 2799 1105 vel

332 1151 510 1191 causae
536 1137 659 1205 piae.
691 1140 857 1191 Potest
882 1143 1042 1189 tamen
1082 1149 1143 1189 ex
1168 1136 1297 1189 iusta
1334 1149 1483 1189 causa
1521 1141 1571 1189 et
1609 1134 1804 1189 licentia
1841 1136 2074 1202 Episcopi
2112 1138 2174 1189 ad
2200 1139 2356 1189 breve
2388 1142 2580 1204 tempus
2605 1140 2799 1192 abesse.

237 1275 249 1287 ‚
331 1221 398 1273 V.
425 1223 604 1274 Navar.
630 1236 673 1274 0.
700 1222 751 1273 5.
776 1224 922 1285 Amr,
950 1227 985 1273 t.
1014 1222 1063 1274 2.
1091 1221 1125 1275 l.
1153 1223 1203 1274 2.
1230 1236 1274 1274 c.
1303 1220 1351 1274 4.
1379 1223 1580 1274 Possev.
1608 1221 1755 1274 Barb.
1780 1223 1933 1274 Trull.
1963 1224 1996 1275 l.
2022 1221 2070 1275 4.
2094 1237 2138 1275 c.
2168 1224 2216 1275 ⁴.
2243 1223 2291 1274 d.
2319 1224 2367 1275 8.

421 1363 540 1427 His
586 1362 870 1446 proprius
906 1363 1080 1427 locus
1126 1364 1242 1439 031,
1275 1362 1384 1426 ubi
1413 1362 1489 1426 de
1520 1360 1805 1427 Statibus
1828 1362 2351 1443 'particular-ibus,
2393 1363 2627 1429 Idcirco
2665 1364 2800 1429 heic

337 1466 581 1531 nullum
617 1465 1133 1531 commentarium
1168 1465 1372 1529 verbis
1417 1465 1708 1529 Auctoris
1747 1465 2064 1540 addemus,
2112 1465 2456 1530 reficientes
2487 1466 2646 1529 hanc
2677 1467 2801 1529 tra-

338 1568 675 1633 ctationem
706 1566 784 1631 ad
820 1568 902 1631 tr.
935 1566 1047 1631 IX.
1088 1586 1139 1631 c.
1175 1568 1236 1631 2.

441 1705 723 1760 xxxvm.
762 1708 812 1758 2.
851 1707 1069 1759 Tenetur
1102 1704 1448 1759 administrare
1482 1708 1814 1771 Sacramenta,
1851 1704 2045 1771 quoties
2079 1711 2128 1758 et
2167 1711 2348 1771 quanto
2407 1720 2518 1759 cum
2557 1704 2795 1772 periculo,

339 1806 388 1843 v.
410 1790 533 1843 intra
560 1796 608 1843 et
636 1792 759 1844 Bon.
786 1796 847 1843 tr.
877 1791 925 1842 ⁴.
950 1790 1001 1843 d.
1030 1789 1076 1843 4.
1105 1804 1152 1857 p.
1179 1790 1230 1843 5.
1258 1805 1306 1856 p.
1333 1792 1384 1842 2.
1411 1791 1613 1843 Possev.
1638 1792 1784 1844 Barb.
1812 1790 1862 1844 ll.
1889 1804 1961 1843 cc.

445 1878 684 1932 XXXlX.
710 1879 759 1930 3.
783 1879 940 1932 Orare
976 1892 1068 1944 pro
1106 1878 1288 1944 populo
1324 1884 1375 1929 et
1410 1877 1675 1940 celebrare,
1703 1883 1757 1930 ut
1786 1879 1997 1944 populus
2024 1876 2207 1931 audiat
2225 1874 2447 1930 Missam:
2473 1891 2620 1943 quam
2652 1875 2800 1931 etiam

339 1963 496 2018 teneri
532 1978 642 2017 eum
680 1962 837 2017 eidem
875 1964 1123 2031 applicare
1161 1964 1337 2017 diebus
1372 1966 1542 2017 saltem
1584 1963 1719 2018 testis
1756 1972 1806 2018 et
1844 1964 2030 2030 aliquot
2052 1964 2179 2026 aliis,
2223 1966 2368 2017 docet
2405 1967 2514 2017 Tol.
2543 1966 2574 2016 Ι.
2602 1965 2649 2016 3.
2677 1979 2720 2017 0.
2747 1964 2798 2016 5.

337 2050 435 2105 Sed
475 2053 649 2112 negant
685 2050 828 2102 suar.
855 2048 978 2102 Con.
1005 2048 1055 2101 in
1082 2050 1133 2103 3.
1158 2064 1207 2116 p.
1233 2064 1280 2115 q.
1307 2050 1391 2102 83.
1421 2056 1515 2102 art.
1548 2052 1595 2103 ⁴.
1623 2052 1673 2103 d.
1702 2052 1787 2104 ⁴⁴.
1811 2065 1922 2104 cum
1949 2052 2086 2106 nullo
2123 2051 2228 2105 iure
2265 2050 2315 2104 id
2357 2057 2552 2104 cautum
2591 2049 2670 2103 sit.
2696 2047 2799 2102 vid.

336 2133 457 2186 Bon.
483 2148 529 2198 q.
557 2134 644 2185 ult.
670 2134 815 2185 Barh.
849 2135 880 2187 l.
906 2148 950 2189 c.

444 2218 549 2270 XL.
579 2216 627 2269 4.
669 2218 856 2270 Docere
892 2215 1128 2284 populum
1167 2217 1517 2284 concionando,
1555 2221 1800 2283 arguendo
1838 2228 1934 2273 etc.
1973 2236 2059 2287 per
2098 2235 2153 2274 se
2191 2224 2269 2274 vel
2310 2235 2397 2289 per
2433 2220 2572 2274 alios·
2598 2222 2709 2273 Tol.
2748 2220 2798 2271 5.

335 2317 377 2355 0.
405 2303 453 2355 5.
482 2304 683 2355 Possev.
712 2303 911 2355 Barbos.
937 2304 1092 2357 Trull.
1121 2306 1172 2356 ll.
1198 2317 1269 2356 00.
1298 2304 1361 2357 V.
1389 2317 1554 2369 supra.

444 2388 573 2441 XLI.
596 2387 648 2440 5.
673 2389 890 2441 Tenetur
915 2386 1120 2452 singulis
1152 2387 1329 2441 diebus
1366 2387 1635 2442 Dominicis
1671 2396 1721 2442 et
1762 2389 1896 2444 lestis
1933 2389 2253 2444 sollemnibus
2290 2388 2487 2457 populis
2529 2387 2801 2442 doctrinam

339 2471 664 2529 Christiana·
702 2472 951 2540 explicare
989 2488 1075 2540 per
1112 2488 1167 2528 se
1207 2475 1285 2527 vel
1325 2488 1414 2540 per
1450 2474 1618 2540 alium,
1658 2482 1712 2528 nt
1752 2481 1945 2529 constat
1981 2490 2044 2528 ex
2082 2473 2301 2528 Trident.
2327 2489 2450 2529 3033.
2480 2475 2562 2527 24.
2589 2489 2634 2527 c.
2663 2474 2713 2526 4.
2739 2475 2802 2526 de

342 2560 539 2612 reform.
556 2556 705 2624 idque
728 2560 821 2612 sub
844 2557 987 2623 gravi
1010 2556 1306 2624 obligatione
1332 2557 1478 2613 etiam
1502 2558 1626 2614 iuris
1651 2559 1821 2627 divini,
1852 2562 1915 2614 ob
1942 2573 2177 2614 summam
2217 2560 2572 2625 necessitatem,
2599 2565 2803 2626 propter

341 2657 485 2708 quam
512 2657 598 2696 003
621 2645 684 2696 ab
709 2642 965 2710 Episcopis
1001 2643 1206 2709 aliisque
1246 2643 1477 2697 praelatis
1504 2646 1563 2697 ad
1588 2644 1639 2698 id
1666 2644 1776 2706 cogi
1801 2659 1947 2710 posse
1971 2648 2062 2699 sub
2102 2659 2259 2711 poena
2286 2643 2803 2699 excommunicationis

349 2732 635 2794 (omnesque
670 2728 811 2794 01103,
842 2734 897 2781 ut
933 2744 1039 2782 eam
1078 2728 1293 2792 audiant,
1321 2728 1508 2782 discant
1546 2736 1594 2783 et
1634 2729 1812 2791 sciant)
1852 2732 1996 2784 docet
2028 2731 2182 2784 Trull.
2224 2733 2255 2782 l.
2289 2733 2334 2782 ⁴.
2362 2745 2405 2783 0.
2442 2733 2483 2782 1.
2512 2732 2560 2783 d.
2591 2730 2636 2784 4.
2664 2745 2712 2783 n.
2749 2731 2801 2784 7.

341 2819 392 2866 et
430 2816 479 2865 8.
505 2815 645 2868 Bald.
671 2820 707 2868 t.
733 2817 783 2867 2.
812 2817 842 2867 l.
873 2816 920 2867 ⁴.
948 2815 996 2867 d.
1027 2813 1111 2867 48.
1136 2816 1312 2868 Sanch.
1341 2815 1441 2868 Pal.
1470 2815 1616 2867 Barh.
1642 2823 1735 2868 etc.

455 2899 601 2951 XLll.
632 2901 682 2952 6.
712 2901 926 2952 Tenetur
962 2898 1182 2952 infirmos
1221 2897 1437 2958 visitare,
1471 2913 1736 2965 pauperum
1777 2913 1943 2951 euram
1978 2901 2174 2965 habere,
2205 2905 2400 2967 peccata
2429 2899 2672 2964 corrigere
2708 2906 2804 2953 etc.

340 2984 403 3036 de
438 2982 619 3048 quibus
655 2985 855 3037 Possev.
883 2986 1001 3047 Reg.
1032 2986 1172 3037 Tom.
1197 2986 1247 3037 2.
1274 2985 1306 3037 l.
1333 2986 1419 3037 20.
1446 2998 1491 3037 0.
1516 2984 1567 3036 5.
1593 2999 1632 3038 3.
1660 2985 1711 3037 3.
1746 2985 1890 3038 Barb.
1919 2999 1961 3037 0.
1990 2985 2040 3038 7.
2071 2984 2184 3038 vide
2220 3000 2387 3052 supra.

1402 3201 1565 3265 DUB.
1607 3200 1753 3265 VII.

698 3361 800 3427 De
849 3361 1335 3444 obliyationffius
1378 3362 1826 3442 mayz‘strorum
1871 3366 1933 3424 et
1975 3359 2439 3440 disczpulorum.

451 3556 623 3609 XLlll.
652 3555 799 3622 Resp.
830 3556 954 3608 lnter
990 3558 1335 3621 praeceptores
1364 3551 1513 3619 (idem
1553 3558 1627 3605 est
1665 3552 1726 3604 de
1768 3550 2053 3619 pedagogis)
2088 3558 2136 3604 et
2174 3549 2442 3615 discipulos
2467 3563 2521 3602 es
2578 3550 2808 3616 quodam·

349 3641 497 3694 modo
536 3641 704 3693 eadem
741 3638 993 3705 obligatio,
1017 3654 1142 3705 quae
1177 3639 1305 3691 inter
1343 3642 1571 3705 parentes
1608 3641 1658 3690 et
1696 3636 1893 3689 liberos.

438 3757 617 3832 845.
652 3761 687 3800 *
723 3761 910 3826 Ratio
957 3761 1071 3839 est,
1107 3761 1254 3844 quia
1301 3761 1605 3845 parenteS‚
1637 3759 1862 3842 quibus
1894 3757 2290 3842 potissimum
2320 3758 2625 3823 incumbit
2657 3777 2811 3824 onus

351 3864 739 3931 educationis
786 3865 849 3928 01
892 3863 1308 3930 institutionis
1352 3863 1646 3942 filiorum,
1694 3862 1812 3927 sibi
1860 3861 2255 3926 substituunt
2310 3861 2703 3948 paedagogos
2751 3863 2813 3927 01

357 3968 801 4051 313000010103,
841 3966 950 4049 qui
978 3966 1188 4030 locum
1217 3966 1472 4050 proinde
1509 3984 1723 4031 eorum
1769 3965 1887 4030 hac
1931 3965 1995 4028 in
2041 3983 2107 4030 re
2138 3966 2350 4029 10110111
2382 3985 2528 4051 erga
2564 3966 2810 4031 liberos.

355 4069 528 4135 Haec
573 4071 785 4135 tamen
831 4068 1156 4134 verissima
1185 4067 1465 4134 doctrina
1496 4087 1620 4134 non
1649 4068 1980 4134 minimum
2009 4066 2451 4132 detrimentum
2483 4085 2665 4150 passa
2697 4067 2811 4144 031,

353 4175 713 4256 postquam,
736 4171 955 4237 invitis
977 4169 1337 4255 perentibus
1367 4171 1432 4234 01
1460 4171 2008 4237 rationabilissime
2036 4170 2271 4248 invitis,
2298 4169 2497 4234 coacti
2522 4170 2669 4234 sunt
2699 4162 2817 4233 filii

349 4277 555 4340 certas
587 4275 833 4340 scholas
869 4274 1277 4357 frequentare,
1313 4291 1578 4354 quarum
1623 4273 1914 4359 magistri
1950 4273 2233 4338 censendi
2262 4291 2385 4338 non
2416 4273 2565 4337 311111
2607 4274 2816 4337 tenere

352 4379 683 4459 parentum
726 4377 956 4454 locum,
1003 4374 1109 4441 sed
1154 4374 1405 4439 diaboli.
1440 4375 1475 4412 *
