<?xml version="1.0" encoding="UTF-8"?>
<!DOCTYPE html PUBLIC "-//W3C//DTD XHTML 1.0 Transitional//EN"
    "http://www.w3.org/TR/xhtml1/DTD/xhtml1-transitional.dtd">
<html xmlns="http://www.w3.org/1999/xhtml" xml:lang="en" lang="en">
 <head>
  <title>
</title>
<meta http-equiv="Content-Type" content="text/html;charset=utf-8" />
  <meta name='ocr-system' content='tesseract 3.04.00' />
  <meta name='ocr-capabilities' content='ocr_page ocr_carea ocr_par ocr_line ocrx_word'/>
</head>
<body>
  <div class='ocr_page' id='page_1' title='image "./opustheologicum00ballgoog/opustheologicum00ballgoog_0589.png"; bbox 0 0 3497 5147; ppageno 0'>
   <div class='ocr_carea' id='block_1_1' title="bbox 708 363 3176 432">
    <p class='ocr_par' dir='ltr' id='par_1_1' title="bbox 708 363 3176 432">
     <span class='ocr_line' id='line_1_1' title="bbox 708 363 3176 432; baseline -0.004 -5"><span class='ocrx_word' id='word_1_1' title='bbox 708 372 815 427; x_wconf 84' lang='lat'>582</span> <span class='ocrx_word' id='word_1_2' title='bbox 1016 384 1229 425; x_wconf 64' lang='lat' dir='ltr'>mac-r.</span> <span class='ocrx_word' id='word_1_3' title='bbox 1251 385 1329 425; x_wconf 82' lang='lat' dir='ltr'>vr.</span> <span class='ocrx_word' id='word_1_4' title='bbox 1352 382 1520 423; x_wconf 70' lang='lat' dir='ltr'>sno-r.</span> <span class='ocrx_word' id='word_1_5' title='bbox 1540 382 1629 423; x_wconf 87' lang='lat'>111.</span> <span class='ocrx_word' id='word_1_6' title='bbox 1649 382 1735 421; x_wconf 71' lang='lat' dir='ltr'>Dm</span> <span class='ocrx_word' id='word_1_7' title='bbox 1759 380 1983 422; x_wconf 69' lang='lat' dir='ltr'>&#39;rna-no</span> <span class='ocrx_word' id='word_1_8' title='bbox 2008 382 2225 423; x_wconf 71' lang='lat' dir='ltr'>rme.</span> <span class='ocrx_word' id='word_1_9' title='bbox 2253 379 2583 422; x_wconf 61' lang='lat' dir='ltr'>nncanool.</span> <span class='ocrx_word' id='word_1_10' title='bbox 2609 380 2752 421; x_wconf 76' lang='lat' dir='ltr'>Dus.</span> <span class='ocrx_word' id='word_1_11' title='bbox 2782 379 2869 418; x_wconf 85' lang='lat'>111.</span> <span class='ocrx_word' id='word_1_12' title='bbox 3029 363 3176 432; x_wconf 75' lang='lat'><strong>[792]</strong></span> 
     </span>
    </p>
   </div>
   <div class='ocr_carea' id='block_1_2' title="bbox 708 474 3183 871">
    <p class='ocr_par' dir='ltr' id='par_1_2' title="bbox 708 474 3183 871">
     <span class='ocr_line' id='line_1_2' title="bbox 796 474 3174 562; baseline -0.003 -18"><span class='ocrx_word' id='word_1_13' title='bbox 796 483 930 545; x_wconf 88' lang='lat' dir='ltr'>Imo</span> <span class='ocrx_word' id='word_1_14' title='bbox 957 481 1201 562; x_wconf 73' lang='lat' dir='ltr'>sAlph.</span> <span class='ocrx_word' id='word_1_15' title='bbox 1229 482 1436 544; x_wconf 87' lang='lat' dir='ltr'>censet</span> <span class='ocrx_word' id='word_1_16' title='bbox 1468 479 1747 543; x_wconf 85' lang='lat' dir='ltr'>sufficere</span> <span class='ocrx_word' id='word_1_17' title='bbox 1781 479 1988 562; x_wconf 89' lang='lat' dir='ltr'>ampla</span> <span class='ocrx_word' id='word_1_18' title='bbox 2024 479 2294 543; x_wconf 89' lang='lat' dir='ltr'>armaria</span> <span class='ocrx_word' id='word_1_19' title='bbox 2325 478 2491 543; x_wconf 87' lang='lat' dir='ltr'>intra</span> <span class='ocrx_word' id='word_1_20' title='bbox 2525 476 2862 542; x_wconf 74' lang='lat' dir='ltr'>cavitatem</span> <span class='ocrx_word' id='word_1_21' title='bbox 2896 474 3174 558; x_wconf 84' lang='lat' dir='ltr'>parietis,</span> 
     </span>
     <span class='ocr_line' id='line_1_3' title="bbox 708 576 3175 667; baseline -0.004 -19"><span class='ocrx_word' id='word_1_22' title='bbox 708 603 865 666; x_wconf 90' lang='lat' dir='ltr'>quae</span> <span class='ocrx_word' id='word_1_23' title='bbox 902 583 1111 667; x_wconf 88' lang='lat' dir='ltr'>lignea</span> <span class='ocrx_word' id='word_1_24' title='bbox 1158 582 1376 646; x_wconf 88' lang='lat' dir='ltr'>tabula</span> <span class='ocrx_word' id='word_1_25' title='bbox 1426 583 1569 664; x_wconf 89' lang='lat' dir='ltr'>post</span> <span class='ocrx_word' id='word_1_26' title='bbox 1606 582 1965 646; x_wconf 75' lang='lat' dir='ltr'>absolutam</span> <span class='ocrx_word' id='word_1_27' title='bbox 1996 581 2258 645; x_wconf 83' lang='lat' dir='ltr'>Missam</span> <span class='ocrx_word' id='word_1_28' title='bbox 2304 579 2702 645; x_wconf 78' lang='lat' dir='ltr'><strong>claudantur:</strong></span> <span class='ocrx_word' id='word_1_29' title='bbox 2737 576 2923 642; x_wconf 92' lang='lat' dir='ltr'>modo</span> <span class='ocrx_word' id='word_1_30' title='bbox 2963 579 3175 640; x_wconf 83' lang='lat' dir='ltr'>tamen</span> 
     </span>
     <span class='ocr_line' id='line_1_4' title="bbox 711 680 3183 769; baseline -0.003 -20"><span class='ocrx_word' id='word_1_31' title='bbox 711 686 907 749; x_wconf 86' lang='lat' dir='ltr'>altare</span> <span class='ocrx_word' id='word_1_32' title='bbox 939 685 1217 769; x_wconf 87' lang='lat' dir='ltr'>ligneum</span> <span class='ocrx_word' id='word_1_33' title='bbox 1261 685 1354 748; x_wconf 89' lang='lat' dir='ltr'>ita</span> <span class='ocrx_word' id='word_1_34' title='bbox 1394 684 1479 748; x_wconf 88' lang='lat' dir='ltr'>sit</span> <span class='ocrx_word' id='word_1_35' title='bbox 1505 684 1728 767; x_wconf 89' lang='lat' dir='ltr'>parieti</span> <span class='ocrx_word' id='word_1_36' title='bbox 1778 684 2131 768; x_wconf 78' lang='lat' dir='ltr'>alligatum,</span> <span class='ocrx_word' id='word_1_37' title='bbox 2166 685 2240 748; x_wconf 87' lang='lat' dir='ltr'>ut</span> <span class='ocrx_word' id='word_1_38' title='bbox 2276 702 2398 748; x_wconf 91' lang='lat' dir='ltr'>non</span> <span class='ocrx_word' id='word_1_39' title='bbox 2432 683 2516 747; x_wconf 90' lang='lat' dir='ltr'>sit</span> <span class='ocrx_word' id='word_1_40' title='bbox 2549 680 2880 747; x_wconf 83' lang='lat' dir='ltr'>amovibile</span> <span class='ocrx_word' id='word_1_41' title='bbox 2914 680 2978 742; x_wconf 88' lang='lat' dir='ltr'>et</span> <span class='ocrx_word' id='word_1_42' title='bbox 3007 698 3183 762; x_wconf 88' lang='lat' dir='ltr'>prae-</span> 
     </span>
     <span class='ocr_line' id='line_1_5' title="bbox 709 786 1940 871; baseline -0.001 -20"><span class='ocrx_word' id='word_1_43' title='bbox 709 786 939 852; x_wconf 87' lang='lat' dir='ltr'>seferat</span> <span class='ocrx_word' id='word_1_44' title='bbox 967 787 1306 871; x_wconf 81' lang='lat' dir='ltr'>imaginem</span> <span class='ocrx_word' id='word_1_45' title='bbox 1342 786 1561 850; x_wconf 89' lang='lat' dir='ltr'>altaris</span> <span class='ocrx_word' id='word_1_46' title='bbox 1601 786 1940 869; x_wconf 78' lang='lat' dir='ltr'>portatilis,</span> 
     </span>
    </p>
   </div>
   <div class='ocr_carea' id='block_1_3' title="bbox 1752 958 2150 1023">
    <p class='ocr_par' dir='ltr' id='par_1_3' title="bbox 1752 958 2150 1023">
     <span class='ocr_line' id='line_1_6' title="bbox 1752 958 2150 1023; baseline -0.005 0"><span class='ocrx_word' id='word_1_47' title='bbox 1752 958 1855 1023; x_wconf 86' lang='lat' dir='ltr'>De</span> <span class='ocrx_word' id='word_1_48' title='bbox 1901 963 2150 1022; x_wconf 76' lang='lat' dir='ltr'>ornatu.</span> 
     </span>
    </p>
   </div>
   <div class='ocr_carea' id='block_1_4' title="bbox 718 1107 3185 1503">
    <p class='ocr_par' dir='ltr' id='par_1_4' title="bbox 718 1107 3185 1503">
     <span class='ocr_line' id='line_1_7' title="bbox 804 1107 3184 1193; baseline -0.001 -19"><span class='ocrx_word' id='word_1_49' title='bbox 804 1109 1052 1174; x_wconf 79' lang='lat' dir='ltr'>Dicitur</span> <span class='ocrx_word' id='word_1_50' title='bbox 1096 1112 1163 1175; x_wconf 88' lang='lat' dir='ltr'>in</span> <span class='ocrx_word' id='word_1_51' title='bbox 1208 1110 1482 1188; x_wconf 90' lang='lat' dir='ltr'>Indult0‚</span> <span class='ocrx_word' id='word_1_52' title='bbox 1523 1111 1690 1193; x_wconf 92' lang='lat' dir='ltr'>quod</span> <span class='ocrx_word' id='word_1_53' title='bbox 1739 1111 2086 1176; x_wconf 89' lang='lat' dir='ltr'>oratorium</span> <span class='ocrx_word' id='word_1_54' title='bbox 2133 1111 2314 1175; x_wconf 90' lang='lat' dir='ltr'>debet</span> <span class='ocrx_word' id='word_1_55' title='bbox 2361 1131 2491 1176; x_wconf 89' lang='lat' dir='ltr'>esse</span> <span class='ocrx_word' id='word_1_56' title='bbox 2537 1115 2846 1174; x_wconf 76' lang='lat' dir='ltr'>ornatum.</span> <span class='ocrx_word' id='word_1_57' title='bbox 2889 1135 2924 1167; x_wconf 90' lang='lat'>«</span> <span class='ocrx_word' id='word_1_58' title='bbox 2957 1107 3184 1172; x_wconf 80' lang='lat' dir='ltr'>Omnes</span> 
     </span>
     <span class='ocr_line' id='line_1_8' title="bbox 718 1212 3184 1297; baseline -0.001 -21"><span class='ocrx_word' id='word_1_59' title='bbox 718 1213 1110 1290; x_wconf 87' lang='lat' dir='ltr'>conveniunt,</span> <span class='ocrx_word' id='word_1_60' title='bbox 1160 1213 1252 1277; x_wconf 88' lang='lat' dir='ltr'>ait</span> <span class='ocrx_word' id='word_1_61' title='bbox 1298 1232 1346 1277; x_wconf 78' lang='lat' dir='ltr'>s,</span> <span class='ocrx_word' id='word_1_62' title='bbox 1381 1213 1565 1297; x_wconf 88' lang='lat' dir='ltr'>Alph.</span> <span class='ocrx_word' id='word_1_63' title='bbox 1616 1214 1658 1277; x_wconf 91' lang='lat' dir='ltr'>l.</span> <span class='ocrx_word' id='word_1_64' title='bbox 1707 1234 1757 1279; x_wconf 79' lang='lat' dir='ltr'>c,</span> <span class='ocrx_word' id='word_1_65' title='bbox 1808 1215 1936 1278; x_wconf 89' lang='lat' dir='ltr'>not.</span> <span class='ocrx_word' id='word_1_66' title='bbox 1975 1216 2060 1290; x_wconf 86' lang='grc'>2.,</span> <span class='ocrx_word' id='word_1_67' title='bbox 2091 1214 2299 1279; x_wconf 90' lang='lat' dir='ltr'>locum</span> <span class='ocrx_word' id='word_1_68' title='bbox 2348 1213 2606 1279; x_wconf 87' lang='lat' dir='ltr'>oratorii</span> <span class='ocrx_word' id='word_1_69' title='bbox 2654 1212 2869 1276; x_wconf 91' lang='lat' dir='ltr'>debere</span> <span class='ocrx_word' id='word_1_70' title='bbox 2916 1212 3007 1274; x_wconf 90' lang='lat' dir='ltr'>ita</span> <span class='ocrx_word' id='word_1_71' title='bbox 3054 1229 3184 1274; x_wconf 85' lang='lat' dir='ltr'>esse</span> 
     </span>
     <span class='ocr_line' id='line_1_9' title="bbox 719 1313 3185 1400; baseline -0.001 -21"><span class='ocrx_word' id='word_1_72' title='bbox 719 1315 1167 1390; x_wconf 89' lang='lat' dir='ltr'>constructum,</span> <span class='ocrx_word' id='word_1_73' title='bbox 1201 1319 1276 1380; x_wconf 89' lang='lat' dir='ltr'>ut</span> <span class='ocrx_word' id='word_1_74' title='bbox 1310 1315 1589 1381; x_wconf 86' lang='lat' dir='ltr'>diversus</span> <span class='ocrx_word' id='word_1_75' title='bbox 1637 1317 2024 1382; x_wconf 80' lang='lat' dir='ltr'>discernatur</span> <span class='ocrx_word' id='word_1_76' title='bbox 2056 1317 2133 1380; x_wconf 90' lang='lat' dir='ltr'>ab</span> <span class='ocrx_word' id='word_1_77' title='bbox 2183 1317 2322 1382; x_wconf 88' lang='lat' dir='ltr'>aliis</span> <span class='ocrx_word' id='word_1_78' title='bbox 2370 1316 2446 1381; x_wconf 87' lang='lat' dir='ltr'>ad</span> <span class='ocrx_word' id='word_1_79' title='bbox 2495 1315 2785 1400; x_wconf 88' lang='lat' dir='ltr'>profanos</span> <span class='ocrx_word' id='word_1_80' title='bbox 2834 1334 2986 1378; x_wconf 88' lang='lat' dir='ltr'>usus</span> <span class='ocrx_word' id='word_1_81' title='bbox 3033 1313 3185 1377; x_wconf 87' lang='lat' dir='ltr'>desi-</span> 
     </span>
     <span class='ocr_line' id='line_1_10' title="bbox 722 1418 2023 1503; baseline 0.002 -21"><span class='ocrx_word' id='word_1_82' title='bbox 722 1418 934 1503; x_wconf 85' lang='lat' dir='ltr'>gnatis</span> <span class='ocrx_word' id='word_1_83' title='bbox 968 1419 1031 1482; x_wconf 88' lang='lat' dir='ltr'>et</span> <span class='ocrx_word' id='word_1_84' title='bbox 1068 1438 1137 1483; x_wconf 84' lang='lat' dir='ltr'>ex</span> <span class='ocrx_word' id='word_1_85' title='bbox 1177 1420 1401 1483; x_wconf 87' lang='lat' dir='ltr'>ornatu</span> <span class='ocrx_word' id='word_1_86' title='bbox 1434 1437 1606 1483; x_wconf 86' lang='lat' dir='ltr'>sacer</span> <span class='ocrx_word' id='word_1_87' title='bbox 1637 1421 2023 1503; x_wconf 86' lang='lat' dir='ltr'>appareat».</span> 
     </span>
    </p>
   </div>
   <div class='ocr_carea' id='block_1_5' title="bbox 1259 1601 2681 1669">
    <p class='ocr_par' dir='ltr' id='par_1_5' title="bbox 1259 1601 2681 1669">
     <span class='ocr_line' id='line_1_11' title="bbox 1259 1601 2681 1669; baseline 0 -2"><span class='ocrx_word' id='word_1_88' title='bbox 1259 1601 1359 1667; x_wconf 73' lang='lat' dir='ltr'>Sit</span> <span class='ocrx_word' id='word_1_89' title='bbox 1385 1602 1554 1667; x_wconf 77' lang='lat' dir='ltr'>locu-s·</span> <span class='ocrx_word' id='word_1_90' title='bbox 1585 1603 1743 1668; x_wconf 79' lang='lat' dir='ltr'>liber</span> <span class='ocrx_word' id='word_1_91' title='bbox 1777 1604 1857 1668; x_wconf 85' lang='lat' dir='ltr'>ab</span> <span class='ocrx_word' id='word_1_92' title='bbox 1887 1604 2037 1668; x_wconf 75' lang='lat' dir='ltr'>aliis</span> <span class='ocrx_word' id='word_1_93' title='bbox 2067 1606 2284 1669; x_wconf 59' lang='lat' dir='ltr'>casibus</span> <span class='ocrx_word' id='word_1_94' title='bbox 2313 1605 2681 1668; x_wconf 73' lang='lat' dir='ltr'>domestic—is,</span> 
     </span>
    </p>
   </div>
   <div class='ocr_carea' id='block_1_6' title="bbox 730 1755 3200 2563">
    <p class='ocr_par' dir='ltr' id='par_1_6' title="bbox 730 1755 3198 2152">
     <span class='ocr_line' id='line_1_12' title="bbox 820 1755 3189 1844; baseline -0.002 -16"><span class='ocrx_word' id='word_1_95' title='bbox 820 1755 997 1828; x_wconf 69' lang='lat'><strong>792.</strong></span> <span class='ocrx_word' id='word_1_96' title='bbox 1022 1759 1240 1824; x_wconf 88' lang='lat' dir='ltr'>Monet</span> <span class='ocrx_word' id='word_1_97' title='bbox 1267 1761 1410 1842; x_wconf 86' lang='lat' dir='ltr'>post</span> <span class='ocrx_word' id='word_1_98' title='bbox 1457 1761 1612 1826; x_wconf 87' lang='lat' dir='ltr'>alios</span> <span class='ocrx_word' id='word_1_99' title='bbox 1645 1780 1694 1825; x_wconf 89' lang='lat' dir='ltr'>s.</span> <span class='ocrx_word' id='word_1_100' title='bbox 1728 1762 1914 1844; x_wconf 86' lang='lat' dir='ltr'>Alph.</span> <span class='ocrx_word' id='word_1_101' title='bbox 1953 1762 1996 1826; x_wconf 91' lang='lat' dir='ltr'>l.</span> <span class='ocrx_word' id='word_1_102' title='bbox 2032 1782 2082 1826; x_wconf 90' lang='lat' dir='ltr'>c.</span> <span class='ocrx_word' id='word_1_103' title='bbox 2117 1765 2248 1828; x_wconf 89' lang='lat' dir='ltr'>not.</span> <span class='ocrx_word' id='word_1_104' title='bbox 2283 1764 2367 1826; x_wconf 85' lang='lat'>3.:</span> <span class='ocrx_word' id='word_1_105' title='bbox 2403 1762 2565 1844; x_wconf 90' lang='lat' dir='ltr'>quod</span> <span class='ocrx_word' id='word_1_106' title='bbox 2603 1764 2958 1826; x_wconf 86' lang='lat' dir='ltr'>occurrente</span> <span class='ocrx_word' id='word_1_107' title='bbox 2991 1778 3189 1824; x_wconf 84' lang='lat' dir='ltr'>neces·</span> 
     </span>
     <span class='ocr_line' id='line_1_13' title="bbox 730 1862 3198 1945; baseline -0.001 -18"><span class='ocrx_word' id='word_1_108' title='bbox 730 1864 920 1927; x_wconf 87' lang='lat' dir='ltr'>sitate</span> <span class='ocrx_word' id='word_1_109' title='bbox 953 1862 1116 1926; x_wconf 89' lang='lat' dir='ltr'>sicut</span> <span class='ocrx_word' id='word_1_110' title='bbox 1160 1863 1549 1945; x_wconf 81' lang='lat' dir='ltr'>permittitur</span> <span class='ocrx_word' id='word_1_111' title='bbox 1594 1863 1929 1941; x_wconf 83' lang='lat' dir='ltr'>comedere,</span> <span class='ocrx_word' id='word_1_112' title='bbox 1964 1866 2232 1930; x_wconf 89' lang='lat' dir='ltr'>dormire</span> <span class='ocrx_word' id='word_1_113' title='bbox 2277 1868 2394 1930; x_wconf 89' lang='lat' dir='ltr'>etc.</span> <span class='ocrx_word' id='word_1_114' title='bbox 2429 1866 2493 1929; x_wconf 90' lang='lat' dir='ltr'>in</span> <span class='ocrx_word' id='word_1_115' title='bbox 2541 1864 2795 1930; x_wconf 83' lang='lat' dir='ltr'>eccle-sia</span> <span class='ocrx_word' id='word_1_116' title='bbox 2833 1863 3025 1927; x_wconf 85' lang='lat' dir='ltr'>etiam</span> <span class='ocrx_word' id='word_1_117' title='bbox 3056 1879 3198 1927; x_wconf 89' lang='lat' dir='ltr'>con·</span> 
     </span>
     <span class='ocr_line' id='line_1_14' title="bbox 732 1965 3196 2050; baseline -0 -21"><span class='ocrx_word' id='word_1_118' title='bbox 732 1965 991 2040; x_wconf 75' lang='lat' dir='ltr'>sacrata,</span> <span class='ocrx_word' id='word_1_119' title='bbox 1016 1966 1197 2028; x_wconf 90' lang='lat' dir='ltr'>tanto</span> <span class='ocrx_word' id='word_1_120' title='bbox 1228 1965 1433 2048; x_wconf 84' lang='lat' dir='ltr'>magis</span> <span class='ocrx_word' id='word_1_121' title='bbox 1456 1965 1520 2029; x_wconf 91' lang='lat' dir='ltr'>id</span> <span class='ocrx_word' id='word_1_122' title='bbox 1547 1966 1696 2030; x_wconf 87' lang='lat' dir='ltr'>licet</span> <span class='ocrx_word' id='word_1_123' title='bbox 1725 1968 1791 2031; x_wconf 88' lang='lat' dir='ltr'>in</span> <span class='ocrx_word' id='word_1_124' title='bbox 1829 1967 2075 2050; x_wconf 89' lang='lat' dir='ltr'>privato</span> <span class='ocrx_word' id='word_1_125' title='bbox 2102 1968 2397 2046; x_wconf 86' lang='lat' dir='ltr'>oratori0‚</span> <span class='ocrx_word' id='word_1_126' title='bbox 2426 1967 2592 2050; x_wconf 91' lang='lat' dir='ltr'>quod</span> <span class='ocrx_word' id='word_1_127' title='bbox 2624 1966 2703 2032; x_wconf 87' lang='lat' dir='ltr'>ad</span> <span class='ocrx_word' id='word_1_128' title='bbox 2736 1985 2981 2031; x_wconf 83' lang='lat' dir='ltr'>sacrum</span> <span class='ocrx_word' id='word_1_129' title='bbox 3012 1982 3196 2029; x_wconf 89' lang='lat' dir='ltr'>usum</span> 
     </span>
     <span class='ocr_line' id='line_1_15' title="bbox 734 2066 1780 2152; baseline 0.003 -22"><span class='ocrx_word' id='word_1_130' title='bbox 734 2066 1074 2148; x_wconf 88' lang='lat' dir='ltr'>deputatur</span> <span class='ocrx_word' id='word_1_131' title='bbox 1111 2068 1362 2130; x_wconf 89' lang='lat' dir='ltr'>tantum</span> <span class='ocrx_word' id='word_1_132' title='bbox 1402 2068 1479 2131; x_wconf 87' lang='lat' dir='ltr'>ad</span> <span class='ocrx_word' id='word_1_133' title='bbox 1510 2069 1780 2152; x_wconf 75' lang='lat' dir='ltr'>tempus·</span> 
     </span>
    </p>

    <p class='ocr_par' dir='ltr' id='par_1_7' title="bbox 738 2168 3200 2358">
     <span class='ocr_line' id='line_1_16' title="bbox 825 2168 3200 2253; baseline 0.001 -22"><span class='ocrx_word' id='word_1_134' title='bbox 825 2168 979 2232; x_wconf 81' lang='lat' dir='ltr'>Blae</span> <span class='ocrx_word' id='word_1_135' title='bbox 1012 2187 1155 2233; x_wconf 85' lang='lat' dir='ltr'>vero</span> <span class='ocrx_word' id='word_1_136' title='bbox 1189 2169 1483 2243; x_wconf 84' lang='lat' dir='ltr'>actiones,</span> <span class='ocrx_word' id='word_1_137' title='bbox 1523 2170 1578 2235; x_wconf 91' lang='lat' dir='ltr'>si</span> <span class='ocrx_word' id='word_1_138' title='bbox 1615 2171 1848 2253; x_wconf 89' lang='lat' dir='ltr'>absque</span> <span class='ocrx_word' id='word_1_139' title='bbox 1879 2173 2244 2238; x_wconf 87' lang='lat' dir='ltr'>necessitate</span> <span class='ocrx_word' id='word_1_140' title='bbox 2281 2174 2369 2238; x_wconf 91' lang='lat' dir='ltr'>ibi</span> <span class='ocrx_word' id='word_1_141' title='bbox 2414 2173 2650 2250; x_wconf 87' lang='lat' dir='ltr'>fierent,</span> <span class='ocrx_word' id='word_1_142' title='bbox 2684 2191 2809 2237; x_wconf 92' lang='lat' dir='ltr'>non</span> <span class='ocrx_word' id='word_1_143' title='bbox 2845 2170 3200 2235; x_wconf 87' lang='lat' dir='ltr'>excederent</span> 
     </span>
     <span class='ocr_line' id='line_1_17' title="bbox 738 2271 3152 2358; baseline 0 -22"><span class='ocrx_word' id='word_1_144' title='bbox 738 2272 989 2355; x_wconf 86' lang='lat' dir='ltr'>culpam</span> <span class='ocrx_word' id='word_1_145' title='bbox 1018 2271 1342 2336; x_wconf 85' lang='lat' dir='ltr'>venialem.</span> <span class='ocrx_word' id='word_1_146' title='bbox 1377 2273 1686 2358; x_wconf 87' lang='lat' dir='ltr'>Intellige‚</span> <span class='ocrx_word' id='word_1_147' title='bbox 1720 2275 1840 2339; x_wconf 89' lang='lat' dir='ltr'>nisi</span> <span class='ocrx_word' id='word_1_148' title='bbox 1873 2277 2071 2340; x_wconf 87' lang='lat' dir='ltr'>altare</span> <span class='ocrx_word' id='word_1_149' title='bbox 2101 2277 2386 2340; x_wconf 86' lang='lat' dir='ltr'>clausum</span> <span class='ocrx_word' id='word_1_150' title='bbox 2417 2276 2533 2340; x_wconf 92' lang='lat' dir='ltr'>sub</span> <span class='ocrx_word' id='word_1_151' title='bbox 2566 2275 2851 2339; x_wconf 88' lang='lat' dir='ltr'>armariis</span> <span class='ocrx_word' id='word_1_152' title='bbox 2881 2277 3152 2338; x_wconf 85' lang='lat' dir='ltr'>maneat.</span> 
     </span>
    </p>

    <p class='ocr_par' dir='ltr' id='par_1_8' title="bbox 743 2371 3200 2563">
     <span class='ocr_line' id='line_1_18' title="bbox 827 2371 3200 2461; baseline 0.001 -24"><span class='ocrx_word' id='word_1_153' title='bbox 827 2371 1233 2439; x_wconf 85' lang='lat' dir='ltr'>Communius</span> <span class='ocrx_word' id='word_1_154' title='bbox 1267 2376 1479 2439; x_wconf 85' lang='lat' dir='ltr'>autem</span> <span class='ocrx_word' id='word_1_155' title='bbox 1510 2376 1751 2453; x_wconf 87' lang='lat' dir='ltr'>docent,</span> <span class='ocrx_word' id='word_1_156' title='bbox 1785 2396 1974 2461; x_wconf 89' lang='lat' dir='ltr'>supra</span> <span class='ocrx_word' id='word_1_157' title='bbox 2010 2379 2248 2442; x_wconf 89' lang='lat' dir='ltr'>tectum</span> <span class='ocrx_word' id='word_1_158' title='bbox 2282 2378 2541 2443; x_wconf 85' lang='lat' dir='ltr'>oratorii</span> <span class='ocrx_word' id='word_1_159' title='bbox 2585 2397 2711 2442; x_wconf 94' lang='lat' dir='ltr'>non</span> <span class='ocrx_word' id='word_1_160' title='bbox 2742 2396 2875 2442; x_wconf 87' lang='lat' dir='ltr'>esse</span> <span class='ocrx_word' id='word_1_161' title='bbox 2911 2376 3200 2440; x_wconf 88' lang='lat' dir='ltr'>illicitum</span> 
     </span>
     <span class='ocr_line' id='line_1_19' title="bbox 743 2477 2574 2563; baseline 0.002 -22"><span class='ocrx_word' id='word_1_162' title='bbox 743 2495 968 2560; x_wconf 87' lang='lat' dir='ltr'>ponere</span> <span class='ocrx_word' id='word_1_163' title='bbox 998 2477 1192 2542; x_wconf 87' lang='lat' dir='ltr'>lectos</span> <span class='ocrx_word' id='word_1_164' title='bbox 1226 2479 1337 2541; x_wconf 88' lang='lat' dir='ltr'>aut</span> <span class='ocrx_word' id='word_1_165' title='bbox 1369 2478 1492 2541; x_wconf 86' lang='lat' dir='ltr'>alia</span> <span class='ocrx_word' id='word_1_166' title='bbox 1524 2478 1785 2560; x_wconf 88' lang='lat' dir='ltr'>profana</span> <span class='ocrx_word' id='word_1_167' title='bbox 1815 2499 2107 2544; x_wconf 81' lang='lat' dir='ltr'>exercere.</span> <span class='ocrx_word' id='word_1_168' title='bbox 2142 2480 2283 2544; x_wconf 87' lang='lat' dir='ltr'>Vid.</span> <span class='ocrx_word' id='word_1_169' title='bbox 2312 2499 2360 2544; x_wconf 82' lang='lat' dir='ltr'>s,</span> <span class='ocrx_word' id='word_1_170' title='bbox 2388 2481 2574 2563; x_wconf 89' lang='lat' dir='ltr'>Alpb.</span> 
     </span>
    </p>
   </div>
   <div class='ocr_carea' id='block_1_7' title="bbox 1369 2652 2583 2736">
    <p class='ocr_par' dir='ltr' id='par_1_9' title="bbox 1369 2652 2583 2736">
     <span class='ocr_line' id='line_1_20' title="bbox 1369 2652 2583 2736; baseline 0.002 -18"><span class='ocrx_word' id='word_1_171' title='bbox 1369 2652 1474 2718; x_wconf 82' lang='lat' dir='ltr'>Dc</span> <span class='ocrx_word' id='word_1_172' title='bbox 1518 2654 1872 2719; x_wconf 70' lang='lat' dir='ltr'>visitatione</span> <span class='ocrx_word' id='word_1_173' title='bbox 1905 2657 2175 2736; x_wconf 74' lang='lat' dir='ltr'>praevia</span> <span class='ocrx_word' id='word_1_174' title='bbox 2231 2655 2583 2721; x_wconf 70' lang='lat' dir='ltr'>ordinarii.</span> 
     </span>
    </p>
   </div>
   <div class='ocr_carea' id='block_1_8' title="bbox 745 2821 3209 3628">
    <p class='ocr_par' dir='ltr' id='par_1_10' title="bbox 745 2821 3206 3005">
     <span class='ocr_line' id='line_1_21' title="bbox 835 2821 3206 2905; baseline 0 -18"><span class='ocrx_word' id='word_1_175' title='bbox 835 2821 1167 2887; x_wconf 80' lang='lat' dir='ltr'>CLAUSULA</span> <span class='ocrx_word' id='word_1_176' title='bbox 1196 2823 1307 2887; x_wconf 88' lang='lat' dir='ltr'>IV.</span> <span class='ocrx_word' id='word_1_177' title='bbox 1335 2861 1420 2869; x_wconf 90' lang='lat'><strong>—</strong></span> <span class='ocrx_word' id='word_1_178' title='bbox 1452 2821 1591 2887; x_wconf 83' lang='lat' dir='ltr'>Per</span> <span class='ocrx_word' id='word_1_179' title='bbox 1630 2822 2041 2889; x_wconf 61' lang='lat' dir='ltr'>ordinaram</span> <span class='ocrx_word' id='word_1_180' title='bbox 2088 2825 2208 2889; x_wconf 82' lang='lat' dir='ltr'>loci</span> <span class='ocrx_word' id='word_1_181' title='bbox 2251 2825 2561 2889; x_wconf 70' lang='lat' dir='ltr'>visitando</span> <span class='ocrx_word' id='word_1_182' title='bbox 2599 2828 2661 2888; x_wconf 78' lang='lat' dir='ltr'>et</span> <span class='ocrx_word' id='word_1_183' title='bbox 2687 2824 3089 2905; x_wconf 71' lang='lat' dir='ltr'>approbamlo</span> <span class='ocrx_word' id='word_1_184' title='bbox 3134 2844 3206 2888; x_wconf 79' lang='lat' dir='ltr'>ao</span> 
     </span>
     <span class='ocr_line' id='line_1_22' title="bbox 745 2925 2556 3005; baseline 0.001 -16"><span class='ocrx_word' id='word_1_185' title='bbox 745 2925 820 2989; x_wconf 82' lang='lat' dir='ltr'>de</span> <span class='ocrx_word' id='word_1_186' title='bbox 850 2926 1051 3005; x_wconf 71' lang='lat' dir='ltr'>ipsius</span> <span class='ocrx_word' id='word_1_187' title='bbox 1097 2925 1428 2991; x_wconf 75' lang='lat' dir='ltr'>ordinarii</span> <span class='ocrx_word' id='word_1_188' title='bbox 1457 2925 1730 3000; x_wconf 69' lang='lat' dir='ltr'>licentia,</span> <span class='ocrx_word' id='word_1_189' title='bbox 1766 2928 1899 2990; x_wconf 68' lang='lat' dir='ltr'>eius</span> <span class='ocrx_word' id='word_1_190' title='bbox 1928 2927 2194 2991; x_wconf 51' lang='lat' dir='ltr'>arbitrio</span> <span class='ocrx_word' id='word_1_191' title='bbox 2226 2927 2556 2991; x_wconf 69' lang='lat' dir='ltr'>duratura.</span> 
     </span>
    </p>

    <p class='ocr_par' dir='ltr' id='par_1_11' title="bbox 746 3027 3208 3314">
     <span class='ocr_line' id='line_1_23' title="bbox 837 3027 3206 3114; baseline -0 -21"><span class='ocrx_word' id='word_1_192' title='bbox 837 3027 1038 3093; x_wconf 90' lang='lat' dir='ltr'>Debet</span> <span class='ocrx_word' id='word_1_193' title='bbox 1082 3027 1426 3092; x_wconf 88' lang='lat' dir='ltr'>oratorium</span> <span class='ocrx_word' id='word_1_194' title='bbox 1484 3028 1561 3092; x_wconf 92' lang='lat' dir='ltr'>ab</span> <span class='ocrx_word' id='word_1_195' title='bbox 1607 3028 1912 3112; x_wconf 88' lang='lat' dir='ltr'>Episcopo</span> <span class='ocrx_word' id='word_1_196' title='bbox 1961 3032 2075 3093; x_wconf 90' lang='lat' dir='ltr'>aut</span> <span class='ocrx_word' id='word_1_197' title='bbox 2120 3031 2369 3095; x_wconf 89' lang='lat' dir='ltr'>Vicario</span> <span class='ocrx_word' id='word_1_198' title='bbox 2434 3032 2545 3094; x_wconf 88' lang='lat' dir='ltr'>aut</span> <span class='ocrx_word' id='word_1_199' title='bbox 2591 3029 2878 3113; x_wconf 84' lang='lat' dir='ltr'>Episcopi</span> <span class='ocrx_word' id='word_1_200' title='bbox 2925 3029 3206 3114; x_wconf 85' lang='lat' dir='ltr'>delegato</span> 
     </span>
     <span class='ocr_line' id='line_1_24' title="bbox 746 3130 3208 3216; baseline -0 -21"><span class='ocrx_word' id='word_1_201' title='bbox 746 3130 991 3195; x_wconf 85' lang='lat' dir='ltr'>visitari</span> <span class='ocrx_word' id='word_1_202' title='bbox 1039 3131 1102 3193; x_wconf 93' lang='lat' dir='ltr'>et</span> <span class='ocrx_word' id='word_1_203' title='bbox 1149 3130 1479 3212; x_wconf 90' lang='lat' dir='ltr'>approbari</span> <span class='ocrx_word' id='word_1_204' title='bbox 1522 3130 1709 3193; x_wconf 78' lang='lat' dir='ltr'>semel</span> <span class='ocrx_word' id='word_1_205' title='bbox 1757 3132 1821 3195; x_wconf 89' lang='lat' dir='ltr'>et</span> <span class='ocrx_word' id='word_1_206' title='bbox 1865 3132 2095 3216; x_wconf 85' lang='lat' dir='ltr'>gratis:</span> <span class='ocrx_word' id='word_1_207' title='bbox 2131 3152 2240 3197; x_wconf 88' lang='lat' dir='ltr'>nec</span> <span class='ocrx_word' id='word_1_208' title='bbox 2276 3132 2558 3216; x_wconf 86' lang='lat' dir='ltr'>deinceps</span> <span class='ocrx_word' id='word_1_209' title='bbox 2607 3134 2812 3216; x_wconf 85' lang='lat' dir='ltr'>potest</span> <span class='ocrx_word' id='word_1_210' title='bbox 2849 3132 3208 3196; x_wconf 86' lang='lat' dir='ltr'>Ordinarius</span> 
     </span>
     <span class='ocr_line' id='line_1_25' title="bbox 751 3231 1685 3314; baseline 0 -18"><span class='ocrx_word' id='word_1_211' title='bbox 751 3231 1066 3314; x_wconf 81' lang='lat' dir='ltr'>impedire,</span> <span class='ocrx_word' id='word_1_212' title='bbox 1100 3250 1175 3294; x_wconf 90' lang='lat' dir='ltr'>ne</span> <span class='ocrx_word' id='word_1_213' title='bbox 1206 3232 1294 3295; x_wconf 92' lang='lat' dir='ltr'>ibi</span> <span class='ocrx_word' id='word_1_214' title='bbox 1325 3232 1685 3296; x_wconf 86' lang='lat' dir='ltr'>celebretur.</span> 
     </span>
    </p>

    <p class='ocr_par' dir='ltr' id='par_1_12' title="bbox 754 3333 3209 3628">
     <span class='ocr_line' id='line_1_26' title="bbox 840 3333 3209 3413; baseline 0.002 -16"><span class='ocrx_word' id='word_1_215' title='bbox 840 3333 1016 3413; x_wconf 85' lang='lat' dir='ltr'>Quod</span> <span class='ocrx_word' id='word_1_216' title='bbox 1064 3353 1207 3399; x_wconf 86' lang='lat' dir='ltr'>vero</span> <span class='ocrx_word' id='word_1_217' title='bbox 1239 3335 1303 3397; x_wconf 92' lang='lat' dir='ltr'>in</span> <span class='ocrx_word' id='word_1_218' title='bbox 1337 3335 1603 3400; x_wconf 89' lang='lat' dir='ltr'>Indultis</span> <span class='ocrx_word' id='word_1_219' title='bbox 1641 3336 1763 3401; x_wconf 88' lang='lat' dir='ltr'>dici</span> <span class='ocrx_word' id='word_1_220' title='bbox 1810 3338 1969 3402; x_wconf 90' lang='lat' dir='ltr'>solet</span> <span class='ocrx_word' id='word_1_221' title='bbox 2005 3364 2041 3397; x_wconf 86' lang='lat'>‹&lt;</span> <span class='ocrx_word' id='word_1_222' title='bbox 2071 3338 2146 3401; x_wconf 83' lang='lat' dir='ltr'>de</span> <span class='ocrx_word' id='word_1_223' title='bbox 2179 3338 2434 3403; x_wconf 65' lang='lat' dir='ltr'>lieentia</span> <span class='ocrx_word' id='word_1_224' title='bbox 2479 3338 2832 3411; x_wconf 76' lang='lat' dir='ltr'>ordina-rii,</span> <span class='ocrx_word' id='word_1_225' title='bbox 2868 3340 3002 3402; x_wconf 72' lang='lat' dir='ltr'>eius</span> <span class='ocrx_word' id='word_1_226' title='bbox 3046 3338 3209 3401; x_wconf 83' lang='lat' dir='ltr'>arbi-</span> 
     </span>
     <span class='ocr_line' id='line_1_27' title="bbox 756 3438 3207 3526; baseline 0.002 -24"><span class='ocrx_word' id='word_1_227' title='bbox 756 3438 874 3502; x_wconf 82' lang='lat' dir='ltr'>trio</span> <span class='ocrx_word' id='word_1_228' title='bbox 897 3439 1207 3502; x_wconf 76' lang='lat' dir='ltr'>duratura</span> <span class='ocrx_word' id='word_1_229' title='bbox 1229 3465 1265 3499; x_wconf 83' lang='lat'><strong>»</strong></span> <span class='ocrx_word' id='word_1_230' title='bbox 1294 3440 1564 3524; x_wconf 86' lang='lat' dir='ltr'>intelligi</span> <span class='ocrx_word' id='word_1_231' title='bbox 1588 3440 1786 3518; x_wconf 88' lang='lat' dir='ltr'>debet,</span> <span class='ocrx_word' id='word_1_232' title='bbox 1814 3443 1977 3524; x_wconf 91' lang='lat' dir='ltr'>quod</span> <span class='ocrx_word' id='word_1_233' title='bbox 2002 3443 2171 3508; x_wconf 89' lang='lat' dir='ltr'>iusta</span> <span class='ocrx_word' id='word_1_234' title='bbox 2196 3443 2268 3507; x_wconf 90' lang='lat' dir='ltr'>de</span> <span class='ocrx_word' id='word_1_235' title='bbox 2291 3462 2479 3507; x_wconf 89' lang='lat' dir='ltr'>causa</span> <span class='ocrx_word' id='word_1_236' title='bbox 2505 3444 2713 3526; x_wconf 87' lang='lat' dir='ltr'>potest</span> <span class='ocrx_word' id='word_1_237' title='bbox 2734 3443 3207 3508; x_wconf 87' lang='lat' dir='ltr'>celebrationem</span> 
     </span>
     <span class='ocr_line' id='line_1_28' title="bbox 754 3544 2240 3628; baseline 0.004 -21"><span class='ocrx_word' id='word_1_238' title='bbox 754 3544 1139 3627; x_wconf 83' lang='lat' dir='ltr'>suspendere.</span> <span class='ocrx_word' id='word_1_239' title='bbox 1175 3544 1315 3608; x_wconf 89' lang='lat' dir='ltr'>Vid.</span> <span class='ocrx_word' id='word_1_240' title='bbox 1351 3564 1399 3609; x_wconf 84' lang='lat' dir='ltr'>s.</span> <span class='ocrx_word' id='word_1_241' title='bbox 1434 3546 1617 3628; x_wconf 72' lang='lat' dir='ltr'>Alph.</span> <span class='ocrx_word' id='word_1_242' title='bbox 1653 3567 1712 3610; x_wconf 91' lang='lat' dir='ltr'>n.</span> <span class='ocrx_word' id='word_1_243' title='bbox 1750 3547 1900 3611; x_wconf 81' lang='lat'>318.</span> <span class='ocrx_word' id='word_1_244' title='bbox 1936 3546 2144 3614; x_wconf 88' lang='lat' dir='ltr'>Claus.</span> <span class='ocrx_word' id='word_1_245' title='bbox 2181 3550 2240 3613; x_wconf 89' lang='lat'>4.</span> 
     </span>
    </p>
   </div>
   <div class='ocr_carea' id='block_1_9' title="bbox 1516 3708 2454 3777">
    <p class='ocr_par' dir='ltr' id='par_1_13' title="bbox 1516 3708 2454 3777">
     <span class='ocr_line' id='line_1_29' title="bbox 1516 3708 2454 3777; baseline 0 -3"><span class='ocrx_word' id='word_1_246' title='bbox 1516 3708 1617 3776; x_wconf 84' lang='lat' dir='ltr'>De</span> <span class='ocrx_word' id='word_1_247' title='bbox 1648 3733 1782 3777; x_wconf 79' lang='lat' dir='ltr'>una</span> <span class='ocrx_word' id='word_1_248' title='bbox 1818 3713 2032 3777; x_wconf 58' lang='lat' dir='ltr'>Messa</span> <span class='ocrx_word' id='word_1_249' title='bbox 2067 3711 2454 3776; x_wconf 75' lang='lat' dir='ltr'>celebranda.</span> 
     </span>
    </p>
   </div>
   <div class='ocr_carea' id='block_1_10' title="bbox 759 3865 3257 4671">
    <p class='ocr_par' dir='ltr' id='par_1_14' title="bbox 759 3865 3257 4153">
     <span class='ocr_line' id='line_1_30' title="bbox 850 3865 3216 3948; baseline 0 -19"><span class='ocrx_word' id='word_1_250' title='bbox 850 3865 1179 3931; x_wconf 76' lang='lat' dir='ltr'>CLAUSULA</span> <span class='ocrx_word' id='word_1_251' title='bbox 1227 3868 1304 3932; x_wconf 87' lang='lat' dir='ltr'>V.</span> <span class='ocrx_word' id='word_1_252' title='bbox 1340 3908 1423 3916; x_wconf 89' lang='lat'><strong>—</strong></span> <span class='ocrx_word' id='word_1_253' title='bbox 1476 3869 1542 3936; x_wconf 85' lang='lat' dir='ltr'><em>U</em></span> <span class='ocrx_word' id='word_1_254' title='bbox 1534 3890 1680 3933; x_wconf 73' lang='lat' dir='ltr'>nam</span> <span class='ocrx_word' id='word_1_255' title='bbox 1727 3868 1820 3932; x_wconf 83' lang='lat' dir='ltr'><em>M</em></span> <span class='ocrx_word' id='word_1_256' title='bbox 1815 3871 2002 3931; x_wconf 71' lang='lat' dir='ltr'>issam</span> <span class='ocrx_word' id='word_1_257' title='bbox 2035 3887 2160 3947; x_wconf 76' lang='lat' dir='ltr'>pro</span> <span class='ocrx_word' id='word_1_258' title='bbox 2206 3887 2569 3948; x_wconf 76' lang='lat' dir='ltr'>quuoque</span> <span class='ocrx_word' id='word_1_259' title='bbox 2616 3868 2733 3944; x_wconf 78' lang='lat' dir='ltr'>die,</span> <span class='ocrx_word' id='word_1_260' title='bbox 2783 3867 3106 3931; x_wconf 77' lang='lat' dir='ltr'>dmmnodo</span> <span class='ocrx_word' id='word_1_261' title='bbox 3152 3868 3216 3930; x_wconf 74' lang='lat' dir='ltr'>in</span> 
     </span>
     <span class='ocr_line' id='line_1_31' title="bbox 759 3969 3257 4052; baseline 0.001 -17"><span class='ocrx_word' id='word_1_262' title='bbox 759 3971 971 4035; x_wconf 78' lang='lat' dir='ltr'>eadem</span> <span class='ocrx_word' id='word_1_263' title='bbox 1000 3970 1175 4033; x_wconf 81' lang='lat' dir='ltr'>domo</span> <span class='ocrx_word' id='word_1_264' title='bbox 1207 3971 1565 4037; x_wconf 79' lang='lat' dir='ltr'>celebrandi</span> <span class='ocrx_word' id='word_1_265' title='bbox 1595 3972 1867 4048; x_wconf 77' lang='lat' dir='ltr'>licentia,</span> <span class='ocrx_word' id='word_1_266' title='bbox 1903 3990 2060 4052; x_wconf 79' lang='lat' dir='ltr'>quae</span> <span class='ocrx_word' id='word_1_267' title='bbox 2097 3969 2301 4034; x_wconf 76' lang='lat' dir='ltr'>adhuc</span> <span class='ocrx_word' id='word_1_268' title='bbox 2337 3972 2538 4048; x_wconf 78' lang='lat' dir='ltr'>duret,</span> <span class='ocrx_word' id='word_1_269' title='bbox 2564 3971 2754 4035; x_wconf 75' lang='lat' dir='ltr'>alteri</span> <span class='ocrx_word' id='word_1_270' title='bbox 2782 3991 3070 4036; x_wconf 80' lang='lat' dir='ltr'>concessa</span> <span class='ocrx_word' id='word_1_271' title='bbox 3098 3990 3220 4035; x_wconf 77' lang='lat' dir='ltr'>non</span> <span class='ocrx_word' id='word_1_272' title='bbox 3254 4033 3257 4037; x_wconf 81' lang='lat'><strong>.</strong></span> 
     </span>
     <span class='ocr_line' id='line_1_32' title="bbox 759 4072 970 4153; baseline -0.009 -16"><span class='ocrx_word' id='word_1_273' title='bbox 759 4072 970 4153; x_wconf 73' lang='lat' dir='ltr'>fuerit.</span> 
     </span>
    </p>

    <p class='ocr_par' dir='ltr' id='par_1_15' title="bbox 762 4171 3220 4362">
     <span class='ocr_line' id='line_1_33' title="bbox 849 4171 3220 4251; baseline -0.003 -6"><span class='ocrx_word' id='word_1_274' title='bbox 849 4171 1022 4245; x_wconf 74' lang='grc'>793.</span> <span class='ocrx_word' id='word_1_275' title='bbox 1044 4171 1406 4241; x_wconf 85' lang='lat' dir='ltr'>Communis</span> <span class='ocrx_word' id='word_1_276' title='bbox 1441 4176 1710 4240; x_wconf 85' lang='lat' dir='ltr'>facultas</span> <span class='ocrx_word' id='word_1_277' title='bbox 1762 4177 1875 4251; x_wconf 87' lang='lat' dir='ltr'>est,</span> <span class='ocrx_word' id='word_1_278' title='bbox 1902 4176 1976 4238; x_wconf 88' lang='lat' dir='ltr'>ut</span> <span class='ocrx_word' id='word_1_279' title='bbox 2007 4194 2130 4239; x_wconf 90' lang='lat' dir='ltr'>una</span> <span class='ocrx_word' id='word_1_280' title='bbox 2163 4177 2413 4240; x_wconf 87' lang='lat' dir='ltr'>tantum</span> <span class='ocrx_word' id='word_1_281' title='bbox 2439 4176 2635 4241; x_wconf 86' lang='lat' dir='ltr'>Missa</span> <span class='ocrx_word' id='word_1_282' title='bbox 2676 4175 2889 4239; x_wconf 89' lang='lat' dir='ltr'>eadem</span> <span class='ocrx_word' id='word_1_283' title='bbox 2933 4175 3031 4240; x_wconf 88' lang='lat' dir='ltr'>die</span> <span class='ocrx_word' id='word_1_284' title='bbox 3077 4176 3220 4240; x_wconf 86' lang='lat' dir='ltr'>cele-</span> 
     </span>
     <span class='ocr_line' id='line_1_34' title="bbox 762 4278 1185 4362; baseline 0 -20"><span class='ocrx_word' id='word_1_285' title='bbox 762 4278 930 4343; x_wconf 88' lang='lat' dir='ltr'>brari</span> <span class='ocrx_word' id='word_1_286' title='bbox 976 4282 1185 4362; x_wconf 88' lang='lat' dir='ltr'>queat.</span> 
     </span>
    </p>

    <p class='ocr_par' dir='ltr' id='par_1_16' title="bbox 766 4377 3220 4671">
     <span class='ocr_line' id='line_1_35' title="bbox 844 4377 3220 4462; baseline 0 -19"><span class='ocrx_word' id='word_1_287' title='bbox 844 4378 1152 4457; x_wconf 84' lang='lat' dir='ltr'>Clausula</span> <span class='ocrx_word' id='word_1_288' title='bbox 1184 4406 1217 4438; x_wconf 84' lang='lat'>«</span> <span class='ocrx_word' id='word_1_289' title='bbox 1243 4378 1565 4442; x_wconf 78' lang='lat' dir='ltr'>dummodo</span> <span class='ocrx_word' id='word_1_290' title='bbox 1596 4380 1667 4442; x_wconf 73' lang='lat' dir='ltr'>in</span> <span class='ocrx_word' id='word_1_291' title='bbox 1699 4377 1909 4441; x_wconf 70' lang='lat' dir='ltr'>eadem</span> <span class='ocrx_word' id='word_1_292' title='bbox 1939 4381 2112 4444; x_wconf 81' lang='lat' dir='ltr'>domo</span> <span class='ocrx_word' id='word_1_293' title='bbox 2144 4381 2502 4445; x_wconf 73' lang='lat' dir='ltr'>celebrandi</span> <span class='ocrx_word' id='word_1_294' title='bbox 2526 4380 2798 4456; x_wconf 66' lang='lat' dir='ltr'>licentia,</span> <span class='ocrx_word' id='word_1_295' title='bbox 2835 4402 2992 4462; x_wconf 75' lang='lat' dir='ltr'>quae</span> <span class='ocrx_word' id='word_1_296' title='bbox 3023 4379 3220 4444; x_wconf 73' lang='lat' dir='ltr'>adhuc</span> 
     </span>
     <span class='ocr_line' id='line_1_36' title="bbox 766 4482 3219 4568; baseline -0.001 -22"><span class='ocrx_word' id='word_1_297' title='bbox 766 4482 965 4555; x_wconf 70' lang='lat' dir='ltr'>duret,</span> <span class='ocrx_word' id='word_1_298' title='bbox 999 4482 1189 4546; x_wconf 76' lang='lat' dir='ltr'>alteri</span> <span class='ocrx_word' id='word_1_299' title='bbox 1217 4500 1501 4546; x_wconf 78' lang='lat' dir='ltr'>concessa</span> <span class='ocrx_word' id='word_1_300' title='bbox 1532 4501 1657 4545; x_wconf 74' lang='lat' dir='ltr'>non</span> <span class='ocrx_word' id='word_1_301' title='bbox 1687 4482 1882 4562; x_wconf 72' lang='lat' dir='ltr'>fuerit</span> <span class='ocrx_word' id='word_1_302' title='bbox 1904 4510 1937 4541; x_wconf 81' lang='lat'><strong>»</strong></span> <span class='ocrx_word' id='word_1_303' title='bbox 1975 4503 2097 4549; x_wconf 87' lang='lat' dir='ltr'>non</span> <span class='ocrx_word' id='word_1_304' title='bbox 2130 4484 2409 4568; x_wconf 78' lang='lat' dir='ltr'>impedit,</span> <span class='ocrx_word' id='word_1_305' title='bbox 2444 4483 2775 4566; x_wconf 85' lang='lat' dir='ltr'>quominus</span> <span class='ocrx_word' id='word_1_306' title='bbox 2817 4484 2869 4547; x_wconf 87' lang='lat' dir='ltr'>si</span> <span class='ocrx_word' id='word_1_307' title='bbox 2908 4484 3127 4549; x_wconf 85' lang='lat' dir='ltr'>domus</span> <span class='ocrx_word' id='word_1_308' title='bbox 3158 4500 3219 4545; x_wconf 87' lang='lat' dir='ltr'>re</span> 
     </span>
     <span class='ocr_line' id='line_1_37' title="bbox 768 4582 3219 4671; baseline 0 -23"><span class='ocrx_word' id='word_1_309' title='bbox 768 4582 1016 4668; x_wconf 86' lang='lat' dir='ltr'>quidem</span> <span class='ocrx_word' id='word_1_310' title='bbox 1064 4604 1208 4658; x_wconf 88' lang='lat' dir='ltr'>una,</span> <span class='ocrx_word' id='word_1_311' title='bbox 1257 4584 1361 4649; x_wconf 89' lang='lat' dir='ltr'>sed</span> <span class='ocrx_word' id='word_1_312' title='bbox 1410 4584 1871 4665; x_wconf 86' lang='lat' dir='ltr'>aequivalenter</span> <span class='ocrx_word' id='word_1_313' title='bbox 1915 4587 2243 4671; x_wconf 83' lang='lat' dir='ltr'>multiplex</span> <span class='ocrx_word' id='word_1_314' title='bbox 2291 4588 2394 4661; x_wconf 88' lang='lat' dir='ltr'>sit,</span> <span class='ocrx_word' id='word_1_315' title='bbox 2443 4586 2505 4651; x_wconf 91' lang='lat' dir='ltr'>in</span> <span class='ocrx_word' id='word_1_316' title='bbox 2553 4586 2897 4671; x_wconf 85' lang='lat' dir='ltr'>segregatis</span> <span class='ocrx_word' id='word_1_317' title='bbox 2945 4586 3219 4670; x_wconf 89' lang='lat' dir='ltr'>partibus</span> 
     </span>
    </p>
   </div>
  </div>
 </body>
</html>
