3497 5147
678 353 752 407 68
928 365 1141 406 *11111611
1181 366 1236 406 v.
1276 365 1437 406 sacr.
1477 365 1517 404 1.
1556 365 1641 404 ns.
1679 364 2054 406 Priamum-m
2089 365 2280 407 mom.
2322 363 2456 405 car.
2495 363 2575 405 xv.
2615 363 2757 404 nnn.
2796 362 2887 402 111.
3034 346 3149 422 [981

678 462 925 547 corrigi,
958 462 1014 526 si
1049 461 1139 525 eis
1174 462 1400 525 veritas
1431 463 1496 525 et
1532 460 1874 526 auctoritas
1906 480 2086 525 verae
2117 461 2424 526 Ecclesiae
2457 461 2921 543 proponeretur.
2949 458 3142 523 Multi

678 567 890 631 autem
920 566 1059 629 tum
1103 585 1176 629 611
1220 563 1595 629 Lutheranis
1633 565 1772 627 tum
1819 583 1890 627 ex
1935 561 2317 627 Calvinianis
2357 563 2618 645 aliisque
2667 562 2871 637 sectis,
2913 562 3144 643 quibus

678 687 716 733 a
760 669 891 733 suis
936 668 1292 751 pastoribus
1336 666 1512 730 falsis
1559 666 1870 729 coloribus
1916 665 2159 748 depicta
2205 666 2302 730 est
2345 665 2619 730 Ecclesia
2665 664 2974 730 catholica
3012 664 3140 728 Ro-

676 791 882 850 mana,
923 772 1249 836 versantur
1280 771 1345 835 in
1375 770 1493 834 tali
1528 771 1767 834 haeresi
1803 770 2134 834 materiali.
2169 768 2449 855 Struggl,
2490 770 2696 834 Tract.
2724 770 2786 833 4.
2813 789 2871 851 q.
2901 772 2961 833 2.
2987 790 3048 835 n.
3078 770 3140 834 7.

767 874 981 957 Neque
1027 893 1173 938 vero
1220 891 1461 937 necesse
1507 874 1622 944 est,
1670 874 1745 935 ut
1791 891 2004 936 eorum
2050 872 2408 955 ignorantia
2453 872 2540 936 sit
2583 872 2996 954 inculpabilis
3036 871 3144 936 Vi-

675 979 896 1044 delicet
918 977 1150 1060 duplici
1180 976 1365 1042 modo
1396 975 1666 1040 haeresis
1695 977 1904 1058 potest
1934 974 2057 1039 dici
2086 975 2469 1039 materialis:
2495 976 2598 1039 vel
2626 974 2693 1038 1⁰
2713 974 2865 1056 quia
2893 974 3140 1039 nullum

673 1082 764 1145 ibi
808 1082 894 1146 sit
939 1081 1279 1162 peccatum,
1327 1078 1447 1142 nisi
1492 1077 1819 1141 materiale
1864 1079 1930 1141 et
1975 1077 2090 1141 hoc
2137 1096 2319 1141 sensu
2365 1078 2722 1161 ignorantia
2769 1076 2951 1140 debet
3009 1095 3144 1142 esse

674 1183 1067 1266 inculpabilis
1113 1201 1223 1247 seu
1268 1180 1675 1245 invincibilis:
1725 1180 1825 1244 vel
1871 1177 1941 1243 2ο
1976 1180 2125 1262 quia
2170 1179 2445 1243 nondum
2490 1180 2757 1244 habetur
2800 1179 2890 1243 ibi
2949 1178 3141 1262 perti-

673 1286 871 1361 naeia,
920 1304 1078 1367 quae
1124 1284 1367 1367 proprie
1412 1282 1791 1346 haeretic-am
1832 1280 2186 1361 formaliter
2231 1282 2542 1346 hominem
2596 1281 2945 1359 constituit,
2991 1281 3142 1346 licet

672 1387 1031 1471 ignorantia
1075 1387 1161 1450 sit
1204 1386 1532 1468 culpabilis
1577 1386 1769 1449 etiam
1815 1384 2091 1468 graviter
2137 1386 2326 1465 atque
2373 1384 2524 1449 adeo
2572 1383 3010 1449 inexcusabilis
3053 1383 3144 1449 sit

677 1510 867 1555 error.

764 1597 959 1663 Porro
1004 1596 1289 1678 superius
1334 1595 1602 1660 vidimus
1651 1614 1687 1658 a
1732 1614 1793 1657 n.
1843 1595 1947 1663 93.
1997 1614 2317 1677 nunquam
2363 1594 2574 1659 adesse
2619 1594 3025 1677 pertinaciam
3062 1593 3140 1657 ad

676 1719 887 1765 veram
915 1698 1221 1763 haeresim
1250 1697 1634 1778 requisitam,
1660 1695 1908 1778 quando
1931 1697 2274 1761 intercedat
2302 1697 2659 1781 ignorantia
2705 1697 2899 1761 etiam
2928 1715 3142 1761 crassa

676 1802 863 1883 atque
901 1802 1093 1865 etiam
1139 1800 1447 1864 affectata.
1480 1799 1667 1883 Ergo¹
1692 1798 2048 1862 materiales
2084 1798 2204 1863 dici
2250 1800 2512 1882 possunt
2541 1798 2856 1871 haeretici,
2889 1798 3136 1863 etiamsi

670 1904 952 1985 ipsorum
994 1903 1352 1986 ignorantia
1408 1902 1492 1967 sit
1534 1901 1811 1985 graviter
1856 1900 2182 1983 culpabilis
2221 1904 2409 1982 atque
2457 1901 2608 1966 adeo
2654 1919 2779 1965 non
2824 1902 2922 1965 est
2958 1918 3131 1984 opus,

672 2006 749 2071 ut
791 2005 1060 2069 facultas
1091 2005 1374 2086 specialis
1406 2004 1484 2068 ad
1521 2023 1624 2068 eos
1657 2003 2062 2068 absolvendos
2098 2005 2472 2085 requiratur,
2505 2004 2731 2086 quippe
2762 2003 2872 2084 qui
2902 2022 3140 2070 excom·

672 2109 1155 2173 manicationem
1201 2107 1378 2170 illam
1423 2108 1488 2169 in
1535 2106 1878 2169 haereticos
1925 2106 2217 2170 formales
2262 2107 2461 2170 latam
2506 2125 2628 2171 non
2675 2107 3066 2173 incurrerint.

777 2209 954 2290 Quod
1008 2229 1156 2294 ergo
1211 2210 1399 2274 habet
1459 2208 1785 2292 Laymann
1840 2208 1948 2272 lib.
1992 2209 2052 2271 2.
2102 2209 2284 2273 tract.
2337 2210 2398 2272 2.
2447 2227 2579 2291 cap.
2634 2210 2737 2275 13.
2787 2227 2846 2273 11.
2896 2210 2983 2288 4.,
3030 2212 3139 2293 qui

665 2312 989 2396 restringit
1025 2312 1184 2376 hanc
1228 2311 1576 2377 doctrinam
1613 2310 1692 2374 ad
1720 2329 1846 2386 666,
1882 2312 1993 2391 qui
2029 2312 2377 2374 examinati
2404 2310 2767 2375 invincibili
2797 2310 2893 2375 vel
2914 2311 3138 2377 saltem

667 2414 1018 2480 mortaliter
1045 2434 1175 2479 non
1218 2413 1519 2493 culpabili
1547 2414 1914 2495 iynorantia
1945 2413 2262 2478 laborasse
2293 2413 2604 2488 videntur,
2632 2415 2818 2481 nimis
2850 2434 3136 2482 severum

671 2519 766 2586 ent
802 2520 867 2584 et
895 2537 967 2584 ex
998 2537 1166 2601 supr.
1199 2517 1381 2583 dictis
1416 2517 1750 2582 reficimus,

760 2619 939 2700 Quod
984 2639 1127 2686 vero
1164 2620 1294 2702 ipse
1332 2619 1653 2703 Laymann
1700 2619 1741 2682 1.
1777 2639 1828 2681 c.
1864 2618 2055 2696 addit,
2096 2643 2131 2676 «
2165 2619 2520 2700 aliquarum
2564 2621 2963 2687 ecclesiarum
2998 2641 3141 2688 con·

670 2722 1060 2789 suetudinem
1104 2722 1363 2805 exigere,
1398 2723 1471 2786 ut
1519 2720 1695 2797 taleS,
1729 2720 1922 2785 etiam
1968 2721 2322 2786 materiales
2368 2722 2681 2800 haeretici,
2724 2723 2801 2788 ad
2847 2743 2952 2789 eos
2990 2726 3133 2791 mit·

668 2815 905 2902 tantur,
939 2826 1049 2906 qui
1095 2825 1173 2888 ab
1218 2823 1459 2889 haeresi
1493 2823 1853 2888 absolvendi
1896 2823 2263 2890 facultatem
2307 2824 2540 2890 habent
2584 2826 2649 2890 et
2694 2828 2808 2890 aut
2843 2827 3133 2911 Episcopi

667 2930 781 2994 aut
825 2927 1061 2993 Vicarii
1105 2927 1371 2992 examini
1408 2927 1596 3007 atque
1642 2926 1871 2990 iudicio
1921 2927 2352 3007 relinquantur
2384 2951 2455 3002 »ς
2488 2927 2760 3012 intelligi
2792 2948 2914 2995 non
2950 2929 3138 2995 debet

668 3030 742 3097 de
771 3029 1114 3095 necessaria
1149 3027 1227 3091 ad
1258 3027 1703 3092 absolvendum
1733 3028 2057 3092 facultate.

756 3132 976 3198 Potius
1000 3130 1062 3194 id
1100 3128 1484 3193 referendum
1517 3128 1595 3192 ad
1626 3129 1817 3195 aliam
1840 3130 2150 3194 cautelam
2182 3149 2290 3193 seu
2316 3129 2392 3194 ad
2423 3130 2898 3198 instructionem
2932 3152 3136 3200 neces·

666 3235 828 3300 sario
874 3231 1432 3316 praemittendam;
1482 3231 1608 3296 imo
1647 3233 1859 3296 mouet
1903 3232 2131 3296 ibidem
2176 3232 2499 3316 Laymann
2536 3235 3005 3303 absolutionem
3051 3238 3132 3303 ab

662 3333 1292 3400 excommunicatione
1337 3352 1461 3399 non
1506 3334 1791 3398 absolute
1839 3333 1942 3398 sed
1990 3334 2412 3400 conditionate
2463 3336 2960 3419 impertiendam.
3011 3338 3129 3406 Sed

661 3437 868 3521 quoad
925 3419 1421 3512 instructionem,
1477 3437 1640 3501 recte
1700 3437 1833 3519 ipse
1879 3435 2168 3513 advertit,
2219 3457 2357 3500 eam
2405 3437 2654 3504 omuino
2722 3441 2975 3521 requiri,
3032 3461 3140 3508 an-

660 3544 915 3626 tequam
947 3540 1053 3604 isti
1086 3539 1243 3623 (sive
1283 3539 1573 3604 formales
1598 3538 1726 3602 sive
1753 3539 2106 3603 materiales
2139 3540 2392 3603 tantum
2426 3540 2724 3606 haeretici
2752 3542 2908 3626 sint)
2936 3544 3017 3608 ad
3043 3564 3142 3610 sa-

664 3665 831 3710 cram
877 3644 1322 3710 confessionem
1370 3641 1804 3706 admittantur.
1853 3641 2150 3725 Alioquin
2182 3641 2386 3704 multa
2416 3642 2808 3707 incommoda
2842 3646 3130 3710 accedent

662 3748 726 3811 et
770 3746 977 3828 plures
1022 3746 1443 3811 inconstantes
1492 3747 1604 3808 aut
1642 3742 2000 3808 dubitantes
2047 3745 2109 3808 in
2143 3743 2259 3807 fide
2292 3744 2599 3810 catholica
2645 3748 3130 3829 permanebunt3

661 3847 1008 3912 instruendi
1039 3866 1184 3930 ergo
1231 3848 1403 3929 prius
1451 3850 1514 3912 et
1558 3846 2002 3930 interrogandi,
2037 3865 2115 3908 an
2148 3865 2220 3909 ex
2257 3846 2464 3911 animo
2513 3846 2692 3913 firma
2723 3848 2842 3915 fide
2874 3850 3138 3917 credant.

658 3967 817 4031 quae
864 3951 1294 4031 proponuntur
1341 3951 1403 4011 et
1450 3968 1529 4012 an
1578 3948 1784 4029 parati
1831 3948 1956 4011 sint
1987 3948 2050 4010 in
2084 3966 2156 4010 ea
2187 3947 2305 4011 fide
2352 3967 2549 4030 usque
2583 3950 2661 4014 ad
2696 3954 2965 4018 mortem
2995 3973 3132 4036 per-

665 4070 963 4118 severare.

747 4155 992 4219 Monita
1038 4155 1247 4217 tamen
1272 4151 1394 4215 ista
1440 4170 1549 4233 pro
1597 4152 1673 4215 iis
1712 4151 2200 4215 circumstantiis
2233 4151 2454 4218 addita
2491 4173 2526 4218 a
2568 4154 2896 4240 Laymann
2925 4159 3136 4225 viden·-

664 4257 787 4332 tur,
837 4257 901 4319 in
937 4255 1163 4337 quibus
1202 4253 1409 4318 timeri
1438 4253 1655 4336 possit,
1689 4273 1771 4317 an
1809 4252 1932 4317 alia
1966 4252 2038 4317 de
2076 4271 2283 4331 causa,
2317 4258 2561 4338 praeter
2605 4257 2747 4323 fidei
2794 4262 2857 4324 et
2904 4261 3132 4327 salutis

663 4365 947 4428 aeternae
979 4379 1272 4436 amorem,
1309 4359 1384 4424 ad
1415 4359 1599 4424 fidem
1637 4360 2013 4425 catholicam
2047 4362 2322 4426 veniant.

750 4460 871 4534 98.
921 4462 1137 4542 Quoad
1184 4462 1424 4544 praxim
1467 4462 1617 4526 haec
1663 4464 1919 4546 suggeri
1966 4464 2184 4529 solent.
2226 4466 2292 4529 1⁰
2330 4466 2494 4533 Ante
2543 4467 3001 4537 absolutionem
3035 4493 3131 4539 sa-

654 4565 1114 4642 cramentalem,
1143 4565 1270 4630 sive
1303 4565 1387 4630 sit
1419 4565 1863 4632 haereticusfor
1899 4567 2084 4633 malis
2123 4569 2251 4633 sive
2292 4570 2498 4634 solum
2542 4571 2905 4651 materiam,
2943 4574 3132 4642 debet
