3497 5147
350 371 458 445 [47]
569 386 653 426 An
690 385 1052 434 mensum
1087 385 1311 429 mensu·
1348 388 1652 431 mmms
1688 389 1882 430 smum
1921 391 2134 433 vunan
2171 391 2423 434 smum
2462 393 2590 435 mc.
2738 381 2814 436 29

1362 573 1635 642 CAPUT
1681 579 1800 643 ΠΙ.

616 728 700 776 AN
746 728 1101 787 ALIQUANDO
1149 730 1366 778 LICEAT
1414 731 1724 781 EXTERIUS
1772 734 1964 782 EIDEM
2011 736 2227 784 VERAM
2274 736 2522 784 NEGARE

1194 834 1316 882 AUT
1363 835 1604 883 FALSAM
1651 838 1977 886 PROFITERI

456 990 592 1045 XIX.
622 992 768 1060 Resp.
798 991 943 1046 Nullo
981 1006 1098 1046 cusu
1136 990 1266 1057 licet,
1294 992 1401 1048 sive
1428 1007 1549 1048 voce
1574 993 1680 1048 sive
1705 994 1802 1048 alio
1827 993 1969 1060 signo
1997 997 2097 1060 fiat,
2123 995 2314 1051 dicente
2341 996 2571 1052 Christo:
2600 996 2698 1067 qui
2724 1009 2811 1051 me

342 1075 633 1145 negaverit
668 1089 861 1132 eoram
897 1075 1214 1132 hominibus
1251 1085 1345 1133 etc.
1384 1077 1581 1133 Interim
1620 1054 1761 1144 vero,
1785 1079 1877 1134 etsi
1916 1079 2101 1135 licitum
2141 1096 2237 1136 uon
2275 1088 2351 1136 est
2388 1080 2580 1136 mentiri
2621 1096 2705 1135 seu
2747 1080 2810 1135 si-

341 1163 547 1224 mulare,
573 1161 702 1226 quod
742 1175 837 1213 non
877 1160 1116 1229 est31icet
1158 1170 1315 1216 tamen
1352 1161 1674 1229 dissimulare,
1712 1166 1844 1231 quod
1882 1172 1972 1230 est,
2002 1172 2163 1221 tacere
2201 1165 2309 1220 sive
2345 1173 2510 1231 tegere
2545 1165 2802 1221 veritatem

343 1244 512 1298 verbis
536 1243 711 1298 aliisve
749 1244 899 1311 signis
929 1246 1171 1310 ambiguis
1207 1254 1257 1301 et
1281 1247 1688 1313 indifferentibus,
1719 1252 1784 1303 ob
1819 1249 1999 1304 iustam
2040 1266 2236 1306 eausam
2276 1259 2323 1306 et
2362 1267 2472 1306 cum
2500 1267 2594 1306 non
2621 1260 2696 1306 est
2727 1265 2806 1304 ne·

342 1328 547 1383 cessitas
584 1329 779 1384 ratendi.
807 1333 893 1385 Est
930 1345 1104 1385 comm.
1131 1347 1170 1384 s.
1199 1334 1374 1386 Tuom.
1400 1332 1521 1389 Cou.
1550 1333 1675 1400 disp.
1702 1335 1786 1387 ⁴5.
1811 1337 1928 1388 dub.
1956 1339 2005 1389 2.
2024 1350 2071 1390 n.
2094 1338 2143 1389 9.
2165 1340 2334 1402 Laym.
2357 1340 2387 1392 Ι.
2416 1341 2465 1392 2.
2483 1346 2518 1391 t.
2544 1340 2589 1392 t.
2612 1354 2656 1391 c.
2688 1338 2701 1387 1
2725 1339 2767 1388 t.

436 1453 559 1527 46.
594 1458 935 1540 Responsio
974 1458 1096 1523 tria
1128 1459 1390 1523 statuit:
1430 1461 1496 1523 1⁰
1542 1481 1862 1543 nunquam
1909 1481 2019 1527 nec
2063 1463 2195 1528 ulla
2231 1465 2471 1530 ratione
2502 1466 2683 1530 licere
2709 1486 2810 1530 ne-

345 1581 495 1648 gare
541 1560 723 1626 fidem
769 1562 885 1625 aut
927 1560 1220 1625 simulare
1266 1561 1491 1626 falsam
1552 1563 2022 1647 professionem:
2072 1568 2144 1629 2⁰
2185 1567 2368 1631 licere
2415 1568 2805 1632 dissimulare

347 1683 454 1729 seu
503 1663 812 1728 occultare
857 1664 1170 1746 propriam
1216 1662 1434 1728 fidem:
1485 1665 1554 1728 3⁰
1599 1665 1756 1729 duas
1792 1668 2002 1732 tamen
2040 1667 2420 1733 conditiones
2457 1670 2705 1750 requiri,
2733 1672 2809 1733 ut

342 1766 520 1831 licita
567 1767 651 1830 sit
693 1765 1131 1831 dissimulatio.
1164 1767 1377 1830 Prima
1423 1768 1537 1844 est,
1584 1771 1660 1831 ut
1689 1768 1866 1831 nulla
1898 1769 2023 1832 alia
2060 1769 2224 1834 ratio
2257 1770 2468 1855 exigat
2498 1769 2643 1834 fidei
2671 1789 2808 1854 pro-

346 1869 707 1945 fessionem:
755 1869 1037 1945 secunda,
1072 1869 1149 1933 ut
1192 1869 1363 1934 iusta
1409 1870 1622 1953 aliqua
1669 1871 1836 1934 adsit
1880 1890 2087 1936 causa.
2123 1871 2204 1936 Et
2234 1872 2385 1937 haec
2432 1873 2681 1954 quidem
2716 1892 2807 1938 re-

347 1974 621 2057 spiciunt
686 1992 914 2052 casum,
963 1991 1086 2055 quo
1159 1973 1398 2038 oecasio
1469 1972 1645 2037 adest
1691 1974 1860 2051 talis,
1911 1977 1985 2039 ut
2041 1973 2371 2038 moraliter
2421 1974 2523 2057 (ut
2575 1975 2800 2057 inquit,

342 2075 573 2141 Suarez
605 2075 757 2159 disp.
794 2077 895 2139 14.
929 2075 1078 2141 sect.
1114 2075 1175 2139 3.
1210 2096 1269 2138 n.
1310 2076 1397 2159 1.)
1420 2075 1581 2140 idest
1612 2076 1951 2141 secundum
1996 2077 2273 2160 aliquam
2310 2077 2805 2144 circumstantia-

337 2197 481 2243 rum
529 2178 902 2262 exigentiam
947 2177 1245 2261 professio
1291 2178 1501 2242 locum
1548 2178 1772 2243 habere
1817 2181 1961 2262 apte
2015 2181 2244 2262 posset.
2307 2178 2470 2244 Nam
2522 2180 2798 2262 alioquin

337 2300 463 2345 non
496 2280 666 2345 omni
695 2282 972 2363 tempore
1002 2300 1199 2363 neque
1236 2280 1464 2362 ubique
1497 2282 1780 2345 tenemur
1815 2280 2167 2364 significare
2204 2280 2389 2345 fidem
2418 2285 2722 2347 nostram.

426 2382 599 2447 Haec
633 2382 932 2465 principia
967 2382 1332 2465 probatione
1361 2400 1486 2446 non
1516 2382 1797 2467 indigent
1835 2384 1900 2447 et
1936 2402 2007 2448 ex
2042 2382 2141 2447 his
2186 2383 2375 2467 longa
2408 2385 2593 2449 series
2639 2404 2804 2451 reso·

337 2484 652 2549 lutionum
683 2484 1024 2550 deducitur.

1293 2626 1470 2694 Unde
1500 2626 1857 2692 resolvitur.

454 2767 567 2820 XX.
597 2769 641 2821 t.
666 2768 887 2831 Rogatus
916 2767 979 2821 de
1016 2768 1113 2820 flde
1148 2764 1198 2819 in
1237 2764 1402 2819 odium
1439 2765 1707 2834 religionis,
1734 2766 1842 2819 sive
1883 2765 2079 2832 publica
2109 2766 2405 2823 auctoritate
2445 2768 2552 2822 sive
2590 2768 2797 2837 privata,

339 2851 476 2904 nullo
512 2853 658 2905 modo
696 2858 877 2919 potest,
903 2853 1083 2906 utendo
1107 2849 1416 2904 restrictione
1457 2849 1654 2904 mentali
1692 2858 1776 2904 aut
1816 2849 1984 2905 verbis
2009 2850 2270 2916 ambiguis,
2297 2851 2365 2905 ita
2404 2855 2720 2919 respondere,
2750 2860 2803 2909 ut

340 2935 680 3001 praesentibus
719 2935 944 2991 videatur
969 2938 1113 2991 fldem
1154 2949 1373 2999 negasse,
1402 2935 1557 2987 multo
1595 2934 1756 2988 minus
1794 2934 1980 3004 dicere,
2007 2949 2060 2989 se
2099 2950 2210 2989 esse
2248 2935 2548 2991 haereticum
2576 2941 2658 2992 vel
2694 2938 2801 2992 Cal-

338 3020 566 3076 vinistam
609 3026 689 3076 vei
728 3038 823 3076 non
860 3022 1183 3077 Catholicum.
1210 3024 1359 3088 Azor,
1387 3020 1496 3075 Fin.
1525 3036 1573 3075 c.
1591 3023 1642 3074 3.
1668 3036 1713 3074 n.
1743 3020 1830 3075 97.

425 3142 551 3217 47.
588 3146 776 3212 Ratio
822 3146 1136 3212 doctrinae
1182 3148 1295 3224 est,
1331 3146 1478 3228 quia
1525 3145 1676 3228 (vid.
1709 3144 1888 3230 Lugo
1921 3144 1996 3209 de
2032 3144 2180 3211 Fid.
2214 3146 2370 3232 disp.
2415 3149 2517 3212 14.
2567 3168 2626 3212 n.
2662 3149 2803 3234 36.)

335 3250 481 3314 licet
528 3250 714 3315 verba
762 3252 874 3315 aut
919 3250 1096 3335 signa
1145 3249 1480 3332 aequivoca
1527 3267 1563 3312 a
1610 3247 1954 3331 proferente
1999 3251 2311 3333 ponantur
2346 3251 2642 3334 quopiam
2675 3251 2798 3317 alio

336 3373 538 3430 sensu,
590 3354 668 3417 ab
712 3353 1137 3440 interrogante
1183 3355 1392 3418 tamen
1440 3351 1831 3435 accipiuntur
1859 3371 1970 3436 pro
2017 3354 2346 3438 negatione
2393 3353 2554 3419 fidei.
2604 3356 2799 3420 Porro

335 3456 443 3538 qui
490 3455 694 3520 utitur
738 3456 940 3520 verbis
988 3454 1318 3540 ambiguis,
1353 3456 1426 3518 ut
1473 3454 1613 3519 aliis
1661 3456 1958 3538 appareat
1978 3454 2263 3532 infidelis,
2289 3456 2343 3520 is
2376 3457 2490 3535 est,
2524 3457 2589 3523 in
2612 3477 2798 3540 quem

334 3557 565 3622 cadunt
608 3558 796 3622 verba
843 3555 1108 3622 Christi:
1154 3557 1278 3638 Qui
1305 3555 1627 3620 erubuerit
1653 3577 1747 3619 me
1785 3576 1995 3620 eoram
2016 3553 2369 3620 hominibus
2399 3559 2515 3622 etc.
2549 3557 2801 3623 Malitia

340 3679 483 3744 ergo
530 3679 652 3725 non
682 3660 818 3725 heic
863 3659 1216 3725 desumitur
1256 3679 1328 3724 ex
1359 3658 1696 3738 mendacio,
1733 3658 1900 3741 quod
1948 3658 2195 3740 quidem
2228 3660 2537 3724 vitaretur
2566 3662 2798 3727 utendo

346 3762 539 3826 verbis
585 3762 923 3848 ambiguis:
990 3761 1093 3827 sed
1141 3762 1488 3827 desumitur
1533 3780 1604 3826 ex
1666 3761 1961 3826 scandalo
2026 3762 2091 3825 et
2137 3780 2207 3825 ex
2255 3762 2674 3828 erubescentia
2736 3767 2803 3829 et

341 3863 566 3930 iniuria
594 3868 811 3931 eontra
855 3866 1132 3931 divinam
1155 3866 1616 3942 auctoritatem,
1657 3864 1834 3929 cuius
1873 3864 2221 3930 doctrinam
2270 3864 2688 3932 erubescimus
2735 3869 2800 3932 et

339 3966 475 4032 ideo
522 3967 713 4033 videri
743 3969 1034 4033 volumus
1073 3968 1205 4033 eius
1236 3969 1719 4050 contemptores,

424 4071 562 4136 Hoc
608 4071 787 4157 Lugo
834 4071 1161 4137 confirmat
1206 4071 1480 4154 exemplo
1527 4070 1719 4144 iliius,
1754 4071 1863 4152 qui
1907 4071 2215 4154 impulsus
2249 4071 2327 4134 ad
2371 4070 2801 4154 blaspheman-

338 4173 484 4240 dum
531 4176 757 4240 utatur
803 4175 1003 4240 verbis
1051 4174 1381 4259 ambiguis,
1432 4193 1590 4256 quae
1644 4175 1884 4257 possint
1945 4173 2170 4239 habere
2227 4173 2458 4239 bonum
2529 4193 2800 4256 sensum,

337 4297 473 4344 cum
523 4280 734 4343 tamen
780 4295 903 4342 non
948 4277 1012 4342 in
1058 4278 1176 4343 hoc
1221 4296 1404 4342 sensu
1441 4277 1547 4342 sed
1576 4276 1642 4340 in
1673 4296 1857 4341 sensu
1889 4276 2249 4360 blasphemo
2299 4277 2648 4360 accipienda
2672 4278 2803 4341 sint

334 4381 397 4444 et
417 4380 483 4446 in
507 4381 673 4446 hune
702 4380 885 4444 finem
916 4380 1327 4463 proferantur,
1367 4381 1442 4445 ut
1470 4378 1782 4464 proferens
1808 4379 2104 4463 appareat
2133 4378 2557 4462 blasphemus:
2586 4378 2799 4444 eadem

334 4486 427 4547 est
473 4483 640 4548 enim
687 4482 1085 4546 irreverentia
1132 4483 1380 4547 externa
1435 4483 1652 4547 contra
1708 4483 1929 4560 Deum,
1994 4500 2136 4545 cum
2196 4481 2358 4545 alius
2413 4481 2520 4546 ilie
2582 4499 2798 4545 sensus

332 4588 587 4651 maneat
630 4585 698 4648 in
747 4584 1007 4649 occulto.
1070 4585 1151 4649 Et
1209 4585 1373 4649 idem
1417 4604 1489 4648 ex
1535 4585 1851 4649 communi
1895 4584 2218 4649 hominum
2266 4602 2449 4647 sensu
2515 4584 2793 4656 constat:
