3497 5147
692 319 796 373 172
865 333 1078 374 τιιΑοΤ.
1105 334 1159 375 v.
1186 332 1353 374 sncr.
1381 333 1470 373 111.
1497 332 1583 372 mn
1606 332 1925 373 marmus
1948 332 2340 375 manemus.
2365 331 2566 373 CAPUr
2590 332 2655 372 11.
2682 332 2825 372 mm.
2857 331 2939 372 ιν.
3000 315 3155 390 [230]

689 449 797 512 per
827 449 925 493 me
962 429 1325 513 corrigetur,
1360 431 1510 493 tunc
1538 447 1662 493 non
1694 429 1881 493 debeo
1929 430 2044 493 1100
2093 429 2454 494 denuntiare
2492 428 2792 511 praelato.
2827 425 2893 490 Si
2941 428 3152 492 autem

695 531 957 608 videtur,
992 531 1158 613 quod
1190 531 1306 595 hoc
1337 532 1558 595 melius
1588 531 1702 595 fiat
1739 551 1846 614 per
1876 532 2225 612 praelatum
2271 535 2334 594 et
2379 530 2696 614 praelatus
2741 528 3148 595 nihilominus

690 632 774 696 sit
813 633 971 715 piuS,
1006 633 1308 697 discretus
1339 634 1402 696 et
1432 633 1798 716 spiritualia
1831 652 1954 698 non
1998 634 2231 698 habens
2276 652 2594 698 rancorem
2639 651 2749 696 seu
2798 631 3011 696 odium
3051 630 3152 694 ad-

688 754 903 799 versus
935 736 1118 799 illum
1150 735 1490 814 subditum,
1525 736 1675 798 tunc
1717 735 1887 799 licite
1935 738 2141 818 potest
2184 737 2302 799 hoc
2347 735 2707 800 denuntiare
2755 734 2874 798 sibi
2906 735 2972 797 et
3002 735 3150 798 tunc

687 856 812 902 non
845 838 996 901 dicit
1028 837 1364 912 Ecclesiae;
1399 837 1545 918 quia
1581 855 1703 901 non
1737 837 1887 901 dicit
1917 837 1972 902 ei
2004 838 2168 901 sicut
2197 838 2496 920 praelate,
2530 836 2635 902 sed
2666 837 2830 901 sicut
2853 855 3147 919 personae

689 942 1033 1024 proficienti
1063 942 1139 1006 ad
1177 942 1582 1008 corretionem
1615 942 1877 1024 proximi
1900 944 1963 1005 et
1986 942 2325 1006 emendam.
2367 939 2484 1005 Sed
2504 941 2649 1022 quia
2676 941 2925 1023 propter
2950 939 3150 1004 condi-

691 1044 891 1108 tiones
949 1044 1223 1108 diversas
1278 1044 1702 1127 praelatorum
1746 1046 1811 1109 et
1855 1044 2244 1108 subditorum
2298 1062 2421 1107 non
2477 1043 2685 1125 potest
2729 1042 2791 1105 in
2838 1042 2955 1106 hoc
3014 1041 3147 1106 dari

692 1147 976 1229 generale
1023 1145 1347 1222 iudicium3
1397 1146 1544 1226 quia
1591 1145 1922 1227 aliquando
1970 1146 2287 1229 praelatus
2333 1144 2431 1210 vel
2475 1146 2763 1209 movetur
2809 1143 2886 1207 ad
2937 1144 3146 1208 odium

689 1247 984 1312 adversus
1021 1247 1338 1312 subditum
1385 1248 1484 1311 vel
1529 1248 1817 1312 subditus
1862 1266 1984 1312 non
2030 1249 2181 1312 bene
2226 1248 2414 1312 ferret
2451 1248 2637 1311 verba
2683 1246 2975 1329 praelati;
3009 1246 3145 1310 ideo

689 1350 1022 1414 tenendum
1059 1351 1154 1414 est
1183 1352 1300 1414 hoc
1331 1369 1440 1433 pro
1475 1350 1711 1434 regula,
1747 1351 1912 1432 quod
1944 1352 2008 1414 in
2046 1351 2329 1415 omnibus
2375 1350 2515 1414 istis
2562 1369 2799 1432 semper
2846 1349 3146 1414 servanda

686 1455 781 1516 est
819 1453 1047 1517 caritas
1072 1455 1136 1517 et
1159 1452 1324 1534 quod
1354 1452 1576 1517 melius
1609 1455 1670 1516 et
1693 1453 1897 1538 magis
1928 1453 2205 1536 expedire
2235 1453 2498 1527 videtur,
2525 1454 2589 1516 et
2621 1452 2676 1516 si
2698 1453 2815 1516 hoc
2842 1451 3141 1528 intendat,

692 1555 821 1618 scil.
856 1555 1176 1618 emendam
1200 1554 1464 1637 proximi
1495 1556 1558 1618 et
1586 1557 1789 1620 servet
1812 1558 2119 1637 quantum
2150 1556 2356 1637 potest
2385 1555 2618 1619 bonum
2650 1554 2951 1628 caritatiS‚
2996 1556 3145 1618 tunc

683 1657 1102 1721 denuntiando
1135 1676 1256 1722 non
1288 1658 1519 1740 peccat,
1553 1657 1605 1721 si
1643 1676 1789 1721 vero
1825 1657 2149 1722 denuntiet
2192 1658 2557 1737 cuicumque
2587 1673 2882 1738 personae
2918 1655 3041 1721 hoc
3072 1674 3141 1720 ex

684 1760 928 1825 malitia
966 1762 1028 1824 et
1065 1762 1139 1823 ut
1175 1760 1491 1842 proximus
1537 1760 1952 1825 confundatur
1996 1761 2095 1824 vel
2140 1759 2544 1842 deprimatur,
2570 1760 2718 1823 tunc
2764 1758 3136 1823 denuntians

684 1864 782 1927 vel
830 1881 1122 1928 accusans
1169 1863 1382 1944 peccat
1423 1863 1776 1927 mortaliter
1814 1888 1875 1925 ».

768 1965 849 2027 Et
881 1964 958 2027 ad
990 1965 1087 2027 3.:
1130 1963 1253 2027 «Si
1285 1964 1511 2046 aliquis
1544 1964 1770 2028 referat
1803 1965 2080 2047 praelato
2113 1966 2361 2046 culpam
2393 1963 2655 2046 proximi
2691 1961 3016 2025 intendens
3042 1960 3139 2025 vel

680 2065 1036 2130 cautelam
1020 2085 1085 2129 1n
1108 2065 1392 2129 futurum
1415 2066 1513 2129 vel
1547 2066 1783 2147 aliquid
1815 2066 2187 2143 huiusmodi,
2222 2066 2384 2147 quod
2422 2065 2495 2129 ad
2530 2063 2852 2129 emendam
2874 2062 3141 2146 proximi

683 2168 919 2233 videret
936 2167 1232 2250 expedire,
1248 2185 1371 2231 non
1388 2169 1620 2250 peccat.
1640 2167 1705 2233 Si
1730 2171 1942 2233 autem
1964 2170 2087 2233 hoc
2108 2171 2237 2233 sive
2260 2169 2540 2281 praelato
2573 2168 2702 2233 sive
2734 2166 2923 2231 alicui
2941 2167 3138 2231 amico

679 2290 792 2336 suo
825 2290 896 2334 ex
919 2269 1164 2334 malitia
1186 2268 1431 2348 referat,
1451 2271 1598 2334 tunc
1622 2273 1836 2353 peccat
1858 2272 2227 2335 mortaliter.
2248 2270 2424 2349 Quod
2449 2270 2503 2335 si
2525 2289 2598 2334 ex
2611 2269 2927 2333 incautela
2950 2268 3141 2333 alicui

678 2373 901 2437 dixerit
930 2373 1066 2444 hoc,
1099 2371 1193 2435 ita
1224 2371 1432 2435 tamen
1463 2373 1628 2454 quod
1673 2392 1795 2437 non
1831 2374 2155 2456 proveniat
2190 2373 2329 2437 inde
2367 2372 2558 2448 aliud,
2591 2372 2690 2437 vel
2734 2371 2996 2435 infamia
3041 2372 3139 2436 vel

683 2475 1062 2559 vituperium
1092 2475 1369 2557 proximo
1419 2475 1816 2556 delinquenti,
1856 2478 2006 2540 tunc
2052 2495 2172 2540 non
2219 2476 2433 2558 peccat
2466 2474 2836 2549 mortaliter,
2870 2473 3022 2537 licet
3050 2473 3139 2537 in·

673 2581 855 2644 caute
888 2580 1040 2663 agat
1069 2604 1130 2640 ».

767 2677 948 2750 230.
981 2680 1272 2762 Exceptio
1304 2679 1570 2744 secunda
1601 2684 1728 2746 est:
1756 2679 2014 2761 Quando
2048 2684 2143 2746 est
2173 2683 2496 2764 peccatum
2525 2680 2864 2762 publicum,
2891 2680 3135 2761 publice

683 2783 890 2865 potest
920 2782 1145 2865 corripi
1176 2802 1284 2845 nec
1315 2802 1555 2847 necesse
1587 2785 1684 2848 est
1713 2784 2108 2866 praemittere
2140 2785 2440 2847 secretam
2487 2781 2993 2846 admonitionem.
3035 2782 3135 2846 Ita

672 2904 883 2949 omnes
920 2884 1240 2968 Theologi.
1275 2883 1500 2950 Suarez
1534 2886 1688 2969 disp.
1724 2888 1785 2950 8.
1825 2888 1970 2951 sect.
2008 2888 2067 2950 6.
2104 2907 2163 2950 n.
2198 2887 2258 2949 3.

763 2988 882 3052 Per
927 2988 1044 3052 hoc
1092 3006 1214 3052 non
1260 2987 1606 3052 excluditur
1652 2989 1928 3054 officium
1972 2988 2255 3052 caritatis
2301 2987 2507 3070 quoad
2552 2987 2891 3051 fraternam
2939 3006 3134 3053 corre-

672 3092 968 3175 ptionem,
1002 3091 1097 3155 uti
1127 3092 1334 3173 patet3
1370 3092 1474 3155 sed
1506 3093 1710 3156 solum
1741 3091 2150 3175 significatur,
2189 3091 2353 3173 quod
2392 3092 2446 3155 si
2479 3091 2557 3155 ad
2592 3090 2823 3173 publici
2854 3091 3132 3156 scandali

679 3194 1133 3276 reparationem
1164 3194 1227 3256 et
1258 3194 1335 3257 ad
1373 3212 1695 3258 commune
1728 3195 1961 3259 bonum
1989 3193 2330 3258 necessaria
2364 3194 2449 3258 sit
2480 3193 2577 3258 vel
2609 3193 3000 3258 denuntiatio
3047 3192 3135 3256 ad

672 3295 940 3358 iudioem
975 3296 1073 3359 vel
1103 3296 1350 3378 publica
1376 3296 1847 3372 animadversio,
1874 3315 2115 3360 necesse
2139 3315 2261 3360 non
2294 3296 2395 3369 sit,
2423 3298 2496 3360 ut
2518 3295 2790 3360 fraterna
2821 3296 3127 3379 correptio

675 3397 1135 3480 praemittatur.
1170 3398 1358 3462 Ratio
1387 3400 1594 3481 patet;
1634 3399 1783 3480 quia
1813 3400 2049 3463 secreta
2070 3399 2181 3463 1113
2206 3398 2507 3481 correptio
2542 3398 2690 3462 tunc
2721 3396 2929 3462 solum
2960 3418 3129 3481 prae-

675 3501 847 3565 mitti
884 3501 1082 3578 debet,
1108 3500 1355 3583 quando
1387 3502 1615 3567 caritas
1646 3502 1949 3584 postulat,
1974 3504 2049 3566 ut
2080 3502 2171 3566 ita
2203 3522 2410 3567 curem
2442 3502 2671 3565 bonum
2703 3500 3025 3583 publicum
3055 3506 3127 3567 ut

671 3604 860 3668 simul
906 3603 1279 3687 prospiciam
1323 3602 1526 3668 famae
1571 3603 1818 3681 fratris3
1853 3604 2019 3686 quod
2063 3606 2399 3686 utrumque
2447 3603 2780 3681 obtinetur,
2829 3604 2883 3668 si
2931 3625 3129 3670 emen-

670 3706 841 3769 datio
876 3706 1143 3786 perfecta
1189 3708 1254 3770 et
1298 3724 1476 3770 omne
1524 3707 1865 3789 periculum
1913 3727 2020 3789 per
2065 3708 2265 3771 solam
2310 3707 2609 3770 secretam
2639 3705 3127 3772 admonitionem

670 3806 903 3889 sperari
937 3807 1152 3888 possit.
1185 3807 1382 3888 Atqui
1416 3808 1481 3872 in
1519 3827 1668 3872 casu
1713 3810 1942 3873 crimen
1989 3813 2084 3872 est
2129 3809 2465 3890 publicum.
2502 3809 2665 3892 Ergo
2712 3813 2913 3873 cessat
2959 3810 3124 3875 ratio

667 3906 950 3991 parcendi
981 3907 1202 3971 famae.
1229 3908 1371 3972 Huc
1401 3908 1551 3972 facit
1580 3909 1738 3973 illud
1768 3911 1953 3974 Pauli
1994 3912 2051 3973 1.
2086 3910 2244 3973 Tim.
2272 3908 2350 3972 V.
2378 3911 2490 3973 20:
2517 3910 2892 3975 Peccantem
2914 3932 3126 3977 coram

662 4008 948 4073 omnibus
976 4028 1192 4089 arque,
1231 4014 1302 4071 ut
1336 4012 1524 4072 ceteri
1555 4011 1833 4074 timorem
1869 4010 2154 4074 habeant.

746 4112 1015 4176 Adverte
1047 4113 1276 4186 tamen,
1312 4111 1477 4192 quod
1509 4111 1755 4193 publica
1787 4112 2235 4179 animadversio
2270 4116 2419 4191 tunc
2453 4116 2658 4181 solum
2682 4116 2845 4192 licet,
2872 4117 3119 4198 quando

665 4215 896 4277 crimen
927 4216 1025 4277 est
1054 4212 1371 4277 notorium
1403 4213 1779 4278 notorietate
1812 4214 1986 4291 facti3
2022 4216 2169 4297 quia
2199 4216 2291 4281 ita
2316 4216 2483 4280 fama
2522 4217 2595 4281 de
2641 4236 2713 4282 eo
2751 4220 3115 4301 percrebuit,

660 4317 735 4380 ut
765 4316 937 4379 nulla
969 4315 1480 4396 tergiversatione
1510 4316 1696 4382 celari
1727 4319 1944 4400 possit.

743 4417 919 4497 Quod
965 4420 1019 4484 si
1066 4419 1384 4483 notorium
1428 4420 1512 4484 sit
1555 4418 1760 4484 solum
1803 4422 2077 4501 iuridice‚
2111 4425 2276 4506 quod
2306 4426 2423 4490 hoc
2460 4426 2641 4507 pacto
2682 4425 3111 4511 intelligimus,

667 4521 911 4603 quando
945 4522 1180 4587 scilicet
1208 4523 1435 4588 natura
1472 4523 1744 4589 criminis
1784 4526 2162 4607 postulabat,
2197 4531 2271 4592 ut
2308 4528 2536 4592 crimen
2567 4528 2908 4595 deferretur
2944 4550 3115 4613 supe-
