3497 5147
388 326 539 405 1912]
1433 342 1519 383 nn
1556 341 1797 385 ,4wa
2745 332 2853 391 677

391 439 765 526 gestationis
790 457 1082 516 mensem,
1107 438 1236 504 sive
1258 439 1411 503 haec
1439 439 1763 524 contingat
1792 440 2187 506 membranae
2209 441 2447 507 foetum
2479 444 2875 510 continentis·

389 543 708 620 scissione,
748 542 877 607 sive
913 541 1036 606 alio
1077 540 1283 620 mode,
1317 559 1440 623 quo
1473 542 1677 606 foetus
1708 543 1977 626 egressio
2009 542 2476 609 determinatur.

568 645 641 709 3⁰
674 646 812 709 Iam
842 643 984 709 inde
1016 644 1093 708 ab
1130 644 1337 708 aetate
1384 663 1495 708 sua
1534 644 1843 708 scribebat
1871 663 1920 709 s.
1953 645 2310 727 Alphonsus
2337 646 2445 711 lib.
2481 647 2541 711 6.
2575 667 2635 711 n.
2678 649 2848 712 124.:

400 746 563 813 Cum
599 746 779 811 hodie
804 747 1017 828 vi9eat
1049 746 1278 827 opime,
1302 765 1429 808 mm
1451 746 1588 809 sine
1613 745 1852 825 plausu
1872 767 1916 811 a
1931 748 2165 827 peritis
2186 755 2451 830 recepta,
2470 751 2637 831 quod
2653 748 2852 829 foetus

387 849 469 915 ab
514 850 701 913 initio
748 849 1182 930 conceptionis,
1230 848 1326 911 vel
1370 846 1591 911 saltem-
1624 853 1778 928 post
1816 849 2065 930 aliquos
2108 849 2261 927 dies,
2298 852 2516 915 anim
2560 850 2852 931 informe·

394 956 499 1016 tur
528 953 665 1030 etc.;
699 970 856 1035 quos
902 950 1151 1033 quidem
1188 950 1434 1032 aliquos
1477 951 1611 1015 dies
1638 951 1702 1014 in
1741 951 2074 1016 editionem
2123 954 2267 1018 anni
2307 955 2499 1018 1748.
2534 953 2688 1019 dicit
2725 959 2851 1019 brec

390 1055 488 1120 vel
510 1060 795 1137 quatuor.
829 1054 1001 1118 Haec
1023 1070 1206 1136 porro
1230 1053 1558 1125 sententia,
1576 1053 1882 1134 quatenus
1906 1054 2150 1118 nullum
2173 1054 2411 1120 foetum
2433 1056 2850 1121 inanimatum

392 1157 694 1232 admittit,
721 1174 863 1220 cum
893 1154 1285 1220 communius
1305 1154 1512 1229 mode,
1540 1155 1904 1238 praesertim
1935 1157 2078 1238 post
2110 1157 2522 1222 accuratiores
2547 1176 2584 1221 a
2607 1158 2852 1242 physio-

390 1260 557 1344 logis
586 1258 913 1323 institutas
945 1257 1424 1336 observationeS,
1458 1258 1701 1341 recepta
1734 1257 1819 1321 sit
1857 1276 1928 1321 ac
1958 1256 2321 1325 defendatur
2350 1260 2448 1324 uti
2479 1261 2683 1345 magis
2713 1279 2851 1325 con·

390 1363 687 1427 sentanea
732 1379 854 1425 non
901 1360 1106 1425 solum
1150 1359 1610 1443 philosophiciS,
1659 1359 1765 1423 sed
1811 1360 2003 1425 etiam
2063 1360 2432 1445 theologicis
2485 1362 2846 1445 principiis,

391 1462 811 1545 consequitur,
859 1462 961 1526 vix
1006 1479 1259 1526 causam
1307 1461 1573 1537 subesse,
1622 1481 1732 1525 cur
1778 1461 1851 1525 de
1898 1461 2227 1546 hypothesi
2270 1461 2474 1527 foetus
2519 1462 2849 1527 inanimati

387 1566 672 1648 quaestio
705 1563 986 1649 specialis
1017 1564 1149 1628 fiat.

566 1667 638 1732 4⁰
676 1666 836 1732 Cum
870 1686 971 1732 ars
1002 1666 1351 1751 chirurgica
1397 1664 1583 1730 modo
1627 1664 2115 1730 instrumentum
2142 1666 2456 1749 repererit,
2491 1684 2614 1748 quo
2659 1684 2848 1731 mem-

391 1772 619 1836 branae
677 1769 917 1835 foetum
961 1769 1347 1834 involventes
1394 1768 1485 1831 ita
1530 1767 1914 1844 scinduntur,
1963 1770 2037 1831 ut
2097 1787 2278 1851 aqua,
2329 1786 2443 1853 ope
2495 1770 2846 1852 siphunculi

398 1872 643 1950 iniecta,
675 1873 915 1938 foetum
945 1871 1303 1936 immediate
1335 1872 1589 1954 tangere
1635 1872 1803 1934 certo
1850 1869 2048 1952 possit
2078 1871 2265 1952 atque
2312 1869 2464 1935 adeo
2495 1889 2635 1936 cum
2667 1872 2845 1937 iuxta

391 1995 483 2051 ea,
519 1994 679 2057 quae
726 1993 774 2040 s.
809 1974 1166 2058 Alphonsus
1211 1973 1318 2037 lib.
1361 1972 1421 2037 6.
1456 1991 1515 2036 n.
1554 1972 1699 2035 107.
1735 1974 1880 2054 post
1924 1971 2325 2036 Benedictum
2371 1971 2541 2036 XIV.
2577 1968 2844 2049 disserit,

392 2078 467 2143 de
503 2078 830 2142 validitate
861 2076 1159 2160 baptismi
1188 2075 1532 2140 infantibus
1563 2075 1741 2139 utero
1774 2075 2003 2138 clausis
2035 2072 2123 2139 sic
2153 2073 2366 2139 collati
2412 2092 2664 2158 prorsus
2694 2076 2847 2142 cerii

389 2198 522 2245 esse
557 2179 865 2261 possimus
895 2178 1024 2263 (a),
1058 2178 1311 2260 proinde
1356 2177 1481 2242 fere
1526 2178 1769 2242 cessant
1814 2176 2216 2241 difficultates
2262 2178 2327 2241 et
2370 2178 2761 2259 quaestiones
2808 2196 2844 2242 a

391 2281 702 2346 veteribus
748 2281 883 2346 DD.
923 2282 1132 2345 motae
1168 2280 1330 2345 circa
1377 2278 1671 2362 pericula,
1718 2297 1878 2361 quae
1922 2280 2125 2343 mater
2168 2279 2374 2345 subire
2418 2282 2723 2358 teneatur,
2770 2283 2848 2346 ut

390 2385 674 2449 aeternae
703 2383 897 2448 saluti
925 2382 1119 2466 prolis
1155 2382 1587 2464 prospiciatur.

477 2483 632 2558 912.
677 2486 749 2550 5⁰
779 2484 937 2550 Cum
971 2484 1131 2550 nihil
1161 2484 1335 2549 dubii
1367 2484 1578 2550 adesse
1620 2485 1822 2575 possit
1851 2484 2054 2566 quoad
2100 2503 2204 2550 eas
2235 2503 2474 2564 causas,
2508 2486 2734 2568 quibus
2768 2486 2844 2550 ad

384 2591 626 2656 foetum
672 2589 936 2674 positive
981 2588 1349 2653 laedendum
1395 2606 1466 2652 ac
1510 2588 1933 2670 perimendum
1978 2589 2205 2652 dih-ecte
2258 2587 2572 2666 tendatur,
2621 2590 2845 2673 quippe

389 2693 629 2757 directa
659 2691 980 2758 occisionis
1011 2691 1275 2756 intentio
1307 2709 1625 2772 nunquam
1656 2689 1833 2755 licita
1871 2709 2001 2754 esse
2032 2691 2252 2773 quavis
2281 2709 2354 2755 ex
2385 2709 2573 2755 causa
2608 2693 2843 2775 potest;

386 2795 613 2860 idcirco
638 2794 846 2878 potior
875 2792 1330 2859 controversiae
1360 2791 1544 2857 cardo
1574 2793 1641 2855 in
1666 2810 1736 2856 eo
1768 2791 2080 2869 residebit,
2113 2813 2266 2858 num
2297 2795 2360 2857 et
2383 2793 2629 2875 quando
2658 2794 2845 2858 liceat

387 2900 637 2981 partum
661 2898 998 2963 accelerare
1014 2897 1078 2960 et
1099 2895 1349 2978 quidem
1370 2913 1480 2978 per
1501 2894 1657 2960 illud
1681 2895 2051 2979 gestationis
2075 2895 2341 2979 tempuS,
2359 2915 2482 2978 quo
2508 2898 2843 2980 utcumque

390 3001 535 3065 viva
566 3001 631 3064 in
660 3002 863 3065 lucem
897 2998 1103 3082 proles
1131 2996 1410 3082 prodeat,
1445 2997 1570 3062 cito
1607 2999 1818 3061 tamen
1855 2999 2250 3063 succumbere
2282 3000 2478 3064 morti
2512 2999 2750 3065 debeat.

567 3104 637 3168 6⁰
667 3103 839 3168 Haec
873 3104 1085 3167 autem
1116 3102 1335 3184 partus
1368 3100 1752 3176 acceleratio,
1786 3101 1996 3183 prouti
2032 3100 2314 3166 doctores
2345 3104 2481 3167 tum
2514 3102 2587 3166 de
2618 3103 2842 3167 abortu

384 3210 522 3274 tum
553 3206 899 3293 generatim
919 3204 994 3269 de
1024 3202 1287 3287 proximi
1319 3201 1620 3268 occisione
1646 3203 1823 3284 loqui
1851 3203 2072 3279 solent,
2097 3203 2470 3268 considerari
2493 3205 2700 3287 potest
2731 3206 2843 3269 aut

383 3311 613 3375 directe
637 3310 751 3373 aut
771 3306 1073 3371 indirecte
1095 3305 1293 3370 excita
1316 3323 1425 3369 seu
1449 3306 1757 3387 promota.
1770 3303 2082 3368 Indirecte
2106 3306 2304 3370 excita
2327 3305 2584 3383 dicetur,
2595 3306 2842 3388 quando

389 3413 467 3478 ad
511 3413 799 3478 morbum
843 3409 1065 3474 matris
1109 3407 1452 3473 curandum
1499 3426 1571 3470 ea
1629 3405 1899 3470 remedia
1955 3406 2299 3471 adhibenda
2344 3406 2490 3479 sint,
2538 3427 2570 3470 e
2616 3409 2841 3489 quibus

388 3517 630 3599 praeter
674 3514 1082 3579 intentionem
1119 3511 1275 3575 illud
1322 3512 1637 3592 sequatur,
1677 3511 1930 3591 propter
1973 3509 2140 3591 quod
2186 3512 2403 3591 partus
2450 3515 2843 3591 praemature

388 3618 701 3700 sequatur.
736 3616 991 3681 Direete
1022 3632 1190 3692 vero,
1229 3612 1475 3696 quando
1506 3611 1709 3676 media
1739 3612 2139 3693 usurpentur,
2171 3629 2328 3692 quae
2359 3627 2468 3692 per
2513 3628 2576 3673 se
2607 3629 2732 3675 non
2765 3617 2840 3679 ad

389 3719 755 3784 medendum
785 3718 1008 3783 matris
1038 3717 1273 3793 morbo,
1308 3714 1415 3779 sed
1443 3732 1608 3778 mere
1641 3713 1718 3776 ad
1763 3713 1966 3795 ipsam
2003 3731 2110 3796 per
2143 3711 2551 3776 acceleratum
2589 3715 2843 3794 partum

382 3823 555 3890 foetu
601 3820 1048 3886 exonerandam
1094 3818 1471 3903 diriguntur.
1504 3815 1680 3896 Quod
1712 3814 1962 3897 quidem
2008 3814 2236 3897 duplici
2269 3813 2341 3879 de
2373 3832 2562 3878 causa
2610 3825 2843 3891 contin.

462 4113 527 4166 (ει)
558 4112 628 4155 At
654 4122 811 4165 quam
837 4108 1199 4153 certitudinem
1227 4111 1391 4163 potest
1419 4107 1542 4150 haee
1572 4106 1743 4161 praxis
1770 4105 2130 4159 suppeditare?
2159 4105 2290 4156 Quid
2320 4105 2363 4149 si
2390 4117 2525 4159 aqua
2558 4107 2711 4159 capnt
2740 4118 2840 4148 non

381 4177 729 4234 wastinam
746 4177 894 4219 iuxta
911 4189 952 4220 s.
970 4175 1214 4218 'rhomam
1223 4173 1265 4217 3.
1283 4175 1466 4226 p.q.68.
1488 4174 1616 4217 mll.
1630 4174 1692 4216 ad
1705 4175 1748 4217 4.
1767 4173 1974 4216 Rituale
1988 4173 2273 4216 Romanum
2290 4177 2337 4216 et
2359 4171 2689 4216 Benedictum
2705 4170 2840 4224 XIV,

378 4247 436 4291 de
454 4247 568 4300 syn.
589 4244 625 4287 1.
648 4244 688 4286 Ἰ.
710 4256 754 4286 e.
770 4243 812 4287 5.
832 4256 884 4286 n.
906 4242 949 4286 Ἰ.
968 4252 1104 4295 seqq.
1127 4239 1408 4294 baptismus
1436 4253 1536 4283 non
1566 4245 1642 4284 est
1668 4245 1840 4284 certus
1869 4239 1951 4283 vel
1978 4240 2103 4285 adeo
2130 4246 2315 4295 certus,
2337 4240 2379 4283 si
2399 4239 2563 4284 solum
2593 4239 2697 4282 alia
2725 4251 2842 4293 para

379 4312 601 4368 eorporis
628 4309 927 4364 praesertim
957 4306 1127 4350 minus
1146 4305 1443 4359 principalis
1460 4307 1717 4352 abluatur.
1753 4307 1882 4357 Quid
1902 4307 1945 4350 ni
1963 4308 2267 4351 secundinae
2286 4319 2422 4362 aqu·
2440 4307 2604 4350 solnm
2622 4307 2805 4360 tangat
2819 4306 2842 4348 Ὶ

376 4381 501 4424 nam
529 4380 623 4422 hu
649 4389 754 4421 esee
782 4379 953 4431 partes
970 4374 1192 4427 eorporis
1209 4373 1391 4425 foetus,
1421 4373 1609 4428 absque
1637 4379 1777 4419 certa
1805 4376 2002 4419 ratione
2028 4374 2334 4418 affirmares:
2355 4375 2480 4428 quid
2508 4374 2550 4418 si
2580 4374 2745 4418 foetus
2772 4374 2843 4417 sit

378 4450 528 4490 extr·
555 4448 763 4489 uterum
778 4442 932 4498 (qnod
961 4440 1238 4484 identidem
1259 4440 1527 4494 contingit)
1539 4440 1560 4482 ἲ
1578 4441 1701 4493 quid
1720 4442 1765 4484 si
1785 4443 1889 4485 siut
1907 4443 2008 4485 duo
2030 4441 2197 4485 foetus
2212 4442 2234 4484 P
2250 4440 2491 4485 videntur
2511 4454 2629 4496 ergo
2646 4445 2841 4484 veteres

374 4512 715 4569 quaestiones,
736 4523 862 4565 quas
889 4508 1065 4553 innuit
1084 4508 1139 4551 B.
1154 4518 1253 4550 nou
1285 4518 1488 4558 prorsus
1514 4518 1620 4550 esse
1649 4508 1896 4552 sublatae.
1917 4509 1996 4551 Of.
2009 4510 2063 4553 P.
2085 4510 2132 4553 J.
2155 4509 2208 4553 0.
2232 4508 2494 4560 Debreyne
2523 4507 2843 4562 Rmbryoloqio

375 4586 531 4626 neree
556 4579 769 4636 quelques
796 4580 1035 4632 remoue
1061 4577 1281 4628 critique:
1306 4587 1391 4618 aur
1419 4573 1665 4627 &opuscula
1692 4575 1901 4620 ἐπέψω.-
1933 4578 2013 4620 Du
2040 4577 2246 4631 baptdme
2275 4577 2598 4620 intra-uterin.
2620 4576 2678 4620 E.
