<?xml version="1.0" encoding="UTF-8"?>
<!DOCTYPE html PUBLIC "-//W3C//DTD XHTML 1.0 Transitional//EN"
    "http://www.w3.org/TR/xhtml1/DTD/xhtml1-transitional.dtd">
<html xmlns="http://www.w3.org/1999/xhtml" xml:lang="en" lang="en">
 <head>
  <title>
</title>
<meta http-equiv="Content-Type" content="text/html;charset=utf-8" />
  <meta name='ocr-system' content='tesseract 3.04.00' />
  <meta name='ocr-capabilities' content='ocr_page ocr_carea ocr_par ocr_line ocrx_word'/>
</head>
<body>
  <div class='ocr_page' id='page_1' title='image "./opustheologicum00ballgoog/opustheologicum00ballgoog_0788.png"; bbox 0 0 3497 5147; ppageno 0'>
   <div class='ocr_carea' id='block_1_1' title="bbox 365 350 2828 547">
    <p class='ocr_par' dir='ltr' id='par_1_1' title="bbox 365 350 2828 547">
     <span class='ocr_line' id='line_1_1' title="bbox 365 350 2827 427; baseline 0 -19"><span class='ocrx_word' id='word_1_1' title='bbox 365 350 548 427; x_wconf 84' lang='lat'>[1054]</span> <span class='ocrx_word' id='word_1_2' title='bbox 1384 365 1471 405; x_wconf 73' lang='lat' dir='ltr'>nn</span> <span class='ocrx_word' id='word_1_3' title='bbox 1506 364 1828 406; x_wconf 71' lang='lat' dir='ltr'>mmmm</span> <span class='ocrx_word' id='word_1_4' title='bbox 2723 353 2827 409; x_wconf 77' lang='lat'>781</span> 
     </span>
     <span class='ocr_line' id='line_1_2' title="bbox 456 462 2828 547; baseline 0 -17"><span class='ocrx_word' id='word_1_5' title='bbox 456 464 700 530; x_wconf 76' lang='lat' dir='ltr'>Divisio</span> <span class='ocrx_word' id='word_1_6' title='bbox 748 462 1050 528; x_wconf 91' lang='lat' dir='ltr'>mendacii</span> <span class='ocrx_word' id='word_1_7' title='bbox 1096 482 1219 528; x_wconf 94' lang='lat' dir='ltr'>non</span> <span class='ocrx_word' id='word_1_8' title='bbox 1267 482 1391 528; x_wconf 94' lang='lat' dir='ltr'>uno</span> <span class='ocrx_word' id='word_1_9' title='bbox 1460 463 1645 528; x_wconf 89' lang='lat' dir='ltr'>modo</span> <span class='ocrx_word' id='word_1_10' title='bbox 1708 464 1842 529; x_wconf 86' lang='lat' dir='ltr'>fieri</span> <span class='ocrx_word' id='word_1_11' title='bbox 1911 466 2136 547; x_wconf 88' lang='lat' dir='ltr'>potest.</span> <span class='ocrx_word' id='word_1_12' title='bbox 2186 465 2304 529; x_wconf 90' lang='lat' dir='ltr'>Per</span> <span class='ocrx_word' id='word_1_13' title='bbox 2351 483 2433 541; x_wconf 90' lang='lat' dir='ltr'>se,</span> <span class='ocrx_word' id='word_1_14' title='bbox 2492 467 2828 532; x_wconf 87' lang='lat' dir='ltr'>secundum</span> 
     </span>
    </p>
   </div>
   <div class='ocr_carea' id='block_1_2' title="bbox 362 565 2855 651">
    <p class='ocr_par' dir='ltr' id='par_1_2' title="bbox 362 565 2855 651">
     <span class='ocr_line' id='line_1_3' title="bbox 362 565 2855 651; baseline 0.001 -19"><span class='ocrx_word' id='word_1_15' title='bbox 362 567 567 651; x_wconf 82' lang='lat' dir='ltr'>ipsam</span> <span class='ocrx_word' id='word_1_16' title='bbox 627 566 933 631; x_wconf 88' lang='lat' dir='ltr'>mendacii</span> <span class='ocrx_word' id='word_1_17' title='bbox 996 565 1322 642; x_wconf 89' lang='lat' dir='ltr'>rationem,</span> <span class='ocrx_word' id='word_1_18' title='bbox 1385 566 1774 630; x_wconf 82' lang='lat' dir='ltr'>mendacium</span> <span class='ocrx_word' id='word_1_19' title='bbox 1827 568 1893 630; x_wconf 91' lang='lat' dir='ltr'>in</span> <span class='ocrx_word' id='word_1_20' title='bbox 1940 567 2062 632; x_wconf 90' lang='lat' dir='ltr'>duo</span> <span class='ocrx_word' id='word_1_21' title='bbox 2112 566 2433 645; x_wconf 85' lang='lat' dir='ltr'>dividitur,</span> <span class='ocrx_word' id='word_1_22' title='bbox 2485 568 2718 633; x_wconf 88' lang='lat' dir='ltr'>scilicet</span> <span class='ocrx_word' id='word_1_23' title='bbox 2762 571 2855 640; x_wconf 78' lang='lat' dir='ltr'>in,</span> 
     </span>
    </p>
   </div>
   <div class='ocr_carea' id='block_1_3' title="bbox 360 667 2828 1470">
    <p class='ocr_par' dir='ltr' id='par_1_3' title="bbox 360 667 2828 1245">
     <span class='ocr_line' id='line_1_4' title="bbox 362 667 2828 754; baseline 0.001 -20"><span class='ocrx_word' id='word_1_24' title='bbox 362 669 775 746; x_wconf 79' lang='lat' dir='ltr'>mendacium,</span> <span class='ocrx_word' id='word_1_25' title='bbox 815 668 980 750; x_wconf 92' lang='lat' dir='ltr'>quod</span> <span class='ocrx_word' id='word_1_26' title='bbox 1012 667 1423 732; x_wconf 85' lang='lat' dir='ltr'>transscendit</span> <span class='ocrx_word' id='word_1_27' title='bbox 1469 669 1798 733; x_wconf 85' lang='lat' dir='ltr'>veritatem</span> <span class='ocrx_word' id='word_1_28' title='bbox 1842 671 1905 735; x_wconf 90' lang='lat' dir='ltr'>in</span> <span class='ocrx_word' id='word_1_29' title='bbox 1952 671 2175 748; x_wconf 77' lang='lat' dir='ltr'>maiuS,</span> <span class='ocrx_word' id='word_1_30' title='bbox 2227 671 2391 752; x_wconf 91' lang='lat' dir='ltr'>quod</span> <span class='ocrx_word' id='word_1_31' title='bbox 2437 672 2704 754; x_wconf 77' lang='lat' dir='ltr'>pertinet</span> <span class='ocrx_word' id='word_1_32' title='bbox 2751 674 2828 737; x_wconf 83' lang='lat' dir='ltr'>ad</span> 
     </span>
     <span class='ocr_line' id='line_1_5' title="bbox 362 770 2827 856; baseline 0.001 -21"><span class='ocrx_word' id='word_1_33' title='bbox 362 771 729 837; x_wconf 86' lang='lat' dir='ltr'>iactantiam</span> <span class='ocrx_word' id='word_1_34' title='bbox 778 772 841 834; x_wconf 90' lang='lat' dir='ltr'>et</span> <span class='ocrx_word' id='word_1_35' title='bbox 885 771 949 834; x_wconf 92' lang='lat' dir='ltr'>in</span> <span class='ocrx_word' id='word_1_36' title='bbox 996 770 1403 847; x_wconf 84' lang='lat' dir='ltr'>mendacium,</span> <span class='ocrx_word' id='word_1_37' title='bbox 1439 771 1603 853; x_wconf 90' lang='lat' dir='ltr'>quod</span> <span class='ocrx_word' id='word_1_38' title='bbox 1650 771 1858 836; x_wconf 87' lang='lat' dir='ltr'>deficit</span> <span class='ocrx_word' id='word_1_39' title='bbox 1890 792 1926 836; x_wconf 90' lang='lat' dir='ltr'>a</span> <span class='ocrx_word' id='word_1_40' title='bbox 1973 773 2236 837; x_wconf 84' lang='lat' dir='ltr'>veritate</span> <span class='ocrx_word' id='word_1_41' title='bbox 2282 773 2347 836; x_wconf 92' lang='lat' dir='ltr'>in</span> <span class='ocrx_word' id='word_1_42' title='bbox 2394 774 2620 851; x_wconf 87' lang='lat' dir='ltr'>minus,</span> <span class='ocrx_word' id='word_1_43' title='bbox 2661 775 2827 856; x_wconf 85' lang='lat' dir='ltr'>quod</span> 
     </span>
     <span class='ocr_line' id='line_1_6' title="bbox 362 873 2826 958; baseline 0 -18"><span class='ocrx_word' id='word_1_44' title='bbox 362 875 632 958; x_wconf 75' lang='lat' dir='ltr'>pertinet</span> <span class='ocrx_word' id='word_1_45' title='bbox 678 873 754 938; x_wconf 90' lang='lat' dir='ltr'>ad</span> <span class='ocrx_word' id='word_1_46' title='bbox 801 874 1087 952; x_wconf 82' lang='lat' dir='ltr'>ironiam,</span> <span class='ocrx_word' id='word_1_47' title='bbox 1143 876 1218 938; x_wconf 90' lang='lat' dir='ltr'>ut</span> <span class='ocrx_word' id='word_1_48' title='bbox 1264 875 1439 957; x_wconf 88' lang='lat' dir='ltr'>patet</span> <span class='ocrx_word' id='word_1_49' title='bbox 1484 894 1592 957; x_wconf 92' lang='lat' dir='ltr'>per</span> <span class='ocrx_word' id='word_1_50' title='bbox 1636 875 1871 939; x_wconf 91' lang='lat' dir='ltr'>Philos.</span> <span class='ocrx_word' id='word_1_51' title='bbox 1923 875 1987 939; x_wconf 89' lang='lat' dir='ltr'>in</span> <span class='ocrx_word' id='word_1_52' title='bbox 2041 877 2102 939; x_wconf 88' lang='lat'>4.</span> <span class='ocrx_word' id='word_1_53' title='bbox 2150 875 2353 939; x_wconf 88' lang='lat' dir='ltr'>Ethic.</span> <span class='ocrx_word' id='word_1_54' title='bbox 2394 876 2567 941; x_wconf 87' lang='lat' dir='ltr'>Haec</span> <span class='ocrx_word' id='word_1_55' title='bbox 2613 878 2826 941; x_wconf 90' lang='lat' dir='ltr'>autem</span> 
     </span>
     <span class='ocr_line' id='line_1_7' title="bbox 364 975 2828 1063; baseline 0.001 -23"><span class='ocrx_word' id='word_1_56' title='bbox 364 976 584 1041; x_wconf 80' lang='lat' dir='ltr'>divisio</span> <span class='ocrx_word' id='word_1_57' title='bbox 630 976 768 1042; x_wconf 90' lang='lat' dir='ltr'>ideo</span> <span class='ocrx_word' id='word_1_58' title='bbox 818 977 913 1041; x_wconf 88' lang='lat' dir='ltr'>est</span> <span class='ocrx_word' id='word_1_59' title='bbox 958 995 1065 1060; x_wconf 88' lang='lat' dir='ltr'>per</span> <span class='ocrx_word' id='word_1_60' title='bbox 1101 994 1165 1040; x_wconf 88' lang='lat' dir='ltr'>se</span> <span class='ocrx_word' id='word_1_61' title='bbox 1211 976 1408 1059; x_wconf 84' lang='lat' dir='ltr'>ipsius</span> <span class='ocrx_word' id='word_1_62' title='bbox 1459 975 1784 1052; x_wconf 89' lang='lat' dir='ltr'>mendacii,</span> <span class='ocrx_word' id='word_1_63' title='bbox 1816 978 2190 1060; x_wconf 76' lang='lat' dir='ltr'>inquantum</span> <span class='ocrx_word' id='word_1_64' title='bbox 2237 978 2593 1043; x_wconf 86' lang='lat' dir='ltr'>huiusmodi</span> <span class='ocrx_word' id='word_1_65' title='bbox 2644 998 2828 1063; x_wconf 92' lang='lat' dir='ltr'>oppo-</span> 
     </span>
     <span class='ocr_line' id='line_1_8' title="bbox 363 1078 2827 1165; baseline 0.001 -22"><span class='ocrx_word' id='word_1_66' title='bbox 363 1080 534 1143; x_wconf 85' lang='lat' dir='ltr'>nitur</span> <span class='ocrx_word' id='word_1_67' title='bbox 579 1079 864 1142; x_wconf 86' lang='lat' dir='ltr'>veritati:</span> <span class='ocrx_word' id='word_1_68' title='bbox 891 1078 1124 1143; x_wconf 79' lang='lat' dir='ltr'>veritas</span> <span class='ocrx_word' id='word_1_69' title='bbox 1170 1079 1334 1143; x_wconf 90' lang='lat' dir='ltr'>enim</span> <span class='ocrx_word' id='word_1_70' title='bbox 1381 1079 1727 1160; x_wconf 84' lang='lat' dir='ltr'>aequalitas</span> <span class='ocrx_word' id='word_1_71' title='bbox 1762 1079 2066 1161; x_wconf 85' lang='lat' dir='ltr'>quaedam</span> <span class='ocrx_word' id='word_1_72' title='bbox 2104 1082 2220 1157; x_wconf 91' lang='lat' dir='ltr'>est,</span> <span class='ocrx_word' id='word_1_73' title='bbox 2258 1079 2359 1143; x_wconf 94' lang='lat' dir='ltr'>cui</span> <span class='ocrx_word' id='word_1_74' title='bbox 2391 1100 2497 1162; x_wconf 92' lang='lat' dir='ltr'>per</span> <span class='ocrx_word' id='word_1_75' title='bbox 2530 1100 2594 1145; x_wconf 92' lang='lat' dir='ltr'>se</span> <span class='ocrx_word' id='word_1_76' title='bbox 2643 1099 2827 1165; x_wconf 91' lang='lat' dir='ltr'>oppo-</span> 
     </span>
     <span class='ocr_line' id='line_1_9' title="bbox 360 1179 1871 1245; baseline 0.001 -2"><span class='ocrx_word' id='word_1_77' title='bbox 360 1180 532 1244; x_wconf 89' lang='lat' dir='ltr'>nitur</span> <span class='ocrx_word' id='word_1_78' title='bbox 568 1179 772 1244; x_wconf 84' lang='lat' dir='ltr'>maius</span> <span class='ocrx_word' id='word_1_79' title='bbox 820 1182 884 1245; x_wconf 89' lang='lat' dir='ltr'>et</span> <span class='ocrx_word' id='word_1_80' title='bbox 927 1180 1153 1245; x_wconf 87' lang='lat' dir='ltr'>minus.</span> <span class='ocrx_word' id='word_1_81' title='bbox 1188 1181 1291 1245; x_wconf 89' lang='lat' dir='ltr'>Ita</span> <span class='ocrx_word' id='word_1_82' title='bbox 1323 1199 1372 1244; x_wconf 77' lang='lat' dir='ltr'>s,</span> <span class='ocrx_word' id='word_1_83' title='bbox 1408 1181 1681 1245; x_wconf 83' lang='lat' dir='ltr'>Thomas</span> <span class='ocrx_word' id='word_1_84' title='bbox 1716 1201 1773 1244; x_wconf 91' lang='lat' dir='ltr'>a.</span> <span class='ocrx_word' id='word_1_85' title='bbox 1811 1183 1871 1244; x_wconf 82' lang='lat'>2.</span> 
     </span>
    </p>

    <p class='ocr_par' dir='ltr' id='par_1_4' title="bbox 362 1281 2825 1470">
     <span class='ocr_line' id='line_1_10' title="bbox 458 1281 2822 1366; baseline 0.003 -24"><span class='ocrx_word' id='word_1_86' title='bbox 458 1307 493 1341; x_wconf 83' lang='lat'>‹</span> <span class='ocrx_word' id='word_1_87' title='bbox 524 1281 668 1347; x_wconf 83' lang='lat' dir='ltr'>Alio</span> <span class='ocrx_word' id='word_1_88' title='bbox 716 1282 900 1348; x_wconf 91' lang='lat' dir='ltr'>modo</span> <span class='ocrx_word' id='word_1_89' title='bbox 946 1283 1156 1366; x_wconf 88' lang='lat' dir='ltr'>potest</span> <span class='ocrx_word' id='word_1_90' title='bbox 1186 1281 1380 1347; x_wconf 84' lang='lat' dir='ltr'>dividi</span> <span class='ocrx_word' id='word_1_91' title='bbox 1416 1282 1826 1358; x_wconf 89' lang='lat' dir='ltr'>mendacium,</span> <span class='ocrx_word' id='word_1_92' title='bbox 1859 1283 1926 1346; x_wconf 87' lang='lat' dir='ltr'>in</span> <span class='ocrx_word' id='word_1_93' title='bbox 1957 1286 2263 1366; x_wconf 87' lang='lat' dir='ltr'>quantum</span> <span class='ocrx_word' id='word_1_94' title='bbox 2297 1283 2486 1348; x_wconf 90' lang='lat' dir='ltr'>habet</span> <span class='ocrx_word' id='word_1_95' title='bbox 2516 1285 2822 1349; x_wconf 89' lang='lat' dir='ltr'>rationem</span> 
     </span>
     <span class='ocr_line' id='line_1_11' title="bbox 362 1385 2825 1470; baseline 0 -21"><span class='ocrx_word' id='word_1_96' title='bbox 362 1387 597 1468; x_wconf 86' lang='lat' dir='ltr'>culpae,</span> <span class='ocrx_word' id='word_1_97' title='bbox 646 1385 983 1449; x_wconf 91' lang='lat' dir='ltr'>secundum</span> <span class='ocrx_word' id='word_1_98' title='bbox 1030 1404 1102 1449; x_wconf 91' lang='lat' dir='ltr'>ea</span> <span class='ocrx_word' id='word_1_99' title='bbox 1140 1403 1298 1467; x_wconf 90' lang='lat' dir='ltr'>quae</span> <span class='ocrx_word' id='word_1_100' title='bbox 1346 1387 1697 1470; x_wconf 82' lang='lat' dir='ltr'>aggravant</span> <span class='ocrx_word' id='word_1_101' title='bbox 1727 1385 1826 1449; x_wconf 79' lang='lat' dir='ltr'>vel</span> <span class='ocrx_word' id='word_1_102' title='bbox 1859 1385 2217 1450; x_wconf 88' lang='lat' dir='ltr'>diminuunt</span> <span class='ocrx_word' id='word_1_103' title='bbox 2247 1386 2496 1469; x_wconf 89' lang='lat' dir='ltr'>culpam</span> <span class='ocrx_word' id='word_1_104' title='bbox 2521 1387 2825 1451; x_wconf 90' lang='lat' dir='ltr'>mendacii</span> 
     </span>
    </p>
   </div>
   <div class='ocr_carea' id='block_1_4' title="bbox 244 1485 2825 1574">
    <p class='ocr_par' dir='ltr' id='par_1_5' title="bbox 244 1485 2825 1574">
     <span class='ocr_line' id='line_1_12' title="bbox 244 1485 2825 1574; baseline 0.001 -23"><span class='ocrx_word' id='word_1_105' title='bbox 244 1485 255 1492; x_wconf 88' lang='grc'><strong>’</strong></span> <span class='ocrx_word' id='word_1_106' title='bbox 362 1507 432 1551; x_wconf 90' lang='lat' dir='ltr'>ex</span> <span class='ocrx_word' id='word_1_107' title='bbox 478 1490 653 1570; x_wconf 89' lang='lat' dir='ltr'>parte</span> <span class='ocrx_word' id='word_1_108' title='bbox 701 1487 841 1552; x_wconf 89' lang='lat' dir='ltr'>finis</span> <span class='ocrx_word' id='word_1_109' title='bbox 887 1488 1113 1552; x_wconf 89' lang='lat' dir='ltr'>intenti</span> <span class='ocrx_word' id='word_1_110' title='bbox 1158 1512 1222 1550; x_wconf 80' lang='lat'>».</span> <span class='ocrx_word' id='word_1_111' title='bbox 1255 1487 1410 1551; x_wconf 89' lang='lat' dir='ltr'>Ibid.</span> <span class='ocrx_word' id='word_1_112' title='bbox 1460 1488 1669 1569; x_wconf 87' lang='lat' dir='ltr'>Atque</span> <span class='ocrx_word' id='word_1_113' title='bbox 1715 1487 1836 1552; x_wconf 92' lang='lat' dir='ltr'>huc</span> <span class='ocrx_word' id='word_1_114' title='bbox 1883 1489 2123 1570; x_wconf 88' lang='lat' dir='ltr'>spectat</span> <span class='ocrx_word' id='word_1_115' title='bbox 2160 1490 2456 1552; x_wconf 85' lang='lat' dir='ltr'>consueta</span> <span class='ocrx_word' id='word_1_116' title='bbox 2491 1489 2825 1574; x_wconf 85' lang='lat' dir='ltr'>Theologis</span> 
     </span>
    </p>
   </div>
   <div class='ocr_carea' id='block_1_5' title="bbox 358 1588 2824 1985">
    <p class='ocr_par' dir='ltr' id='par_1_6' title="bbox 358 1588 2338 1669">
     <span class='ocr_line' id='line_1_13' title="bbox 358 1588 2338 1669; baseline 0.001 -17"><span class='ocrx_word' id='word_1_117' title='bbox 358 1588 581 1654; x_wconf 82' lang='lat' dir='ltr'>divisio</span> <span class='ocrx_word' id='word_1_118' title='bbox 627 1590 691 1653; x_wconf 91' lang='lat' dir='ltr'>in</span> <span class='ocrx_word' id='word_1_119' title='bbox 738 1589 1128 1655; x_wconf 89' lang='lat' dir='ltr'>mendacium</span> <span class='ocrx_word' id='word_1_120' title='bbox 1159 1591 1446 1665; x_wconf 80' lang='lat' dir='ltr'>iocoswm,</span> <span class='ocrx_word' id='word_1_121' title='bbox 1497 1589 1866 1669; x_wconf 70' lang='lat' dir='ltr'>officiosum,</span> <span class='ocrx_word' id='word_1_122' title='bbox 1890 1591 2338 1669; x_wconf 78' lang='lat' dir='ltr'>perniciosum.</span> 
     </span>
    </p>

    <p class='ocr_par' dir='ltr' id='par_1_7' title="bbox 358 1690 2824 1985">
     <span class='ocr_line' id='line_1_14' title="bbox 450 1690 2820 1775; baseline 0.001 -20"><span class='ocrx_word' id='word_1_123' title='bbox 450 1691 733 1756; x_wconf 82' lang='lat' dir='ltr'>Iocosum</span> <span class='ocrx_word' id='word_1_124' title='bbox 762 1693 876 1768; x_wconf 89' lang='lat' dir='ltr'>est,</span> <span class='ocrx_word' id='word_1_125' title='bbox 909 1693 1071 1775; x_wconf 89' lang='lat' dir='ltr'>quod</span> <span class='ocrx_word' id='word_1_126' title='bbox 1107 1692 1431 1756; x_wconf 87' lang='lat' dir='ltr'>ordinatur</span> <span class='ocrx_word' id='word_1_127' title='bbox 1462 1692 1539 1755; x_wconf 89' lang='lat' dir='ltr'>ad</span> <span class='ocrx_word' id='word_1_128' title='bbox 1572 1690 1809 1773; x_wconf 88' lang='lat' dir='ltr'>aliquid</span> <span class='ocrx_word' id='word_1_129' title='bbox 1855 1691 2248 1756; x_wconf 88' lang='lat' dir='ltr'>delectabile:</span> <span class='ocrx_word' id='word_1_130' title='bbox 2289 1692 2654 1772; x_wconf 73' lang='lat' dir='ltr'>officiosum,</span> <span class='ocrx_word' id='word_1_131' title='bbox 2696 1713 2820 1774; x_wconf 91' lang='lat' dir='ltr'>quo</span> 
     </span>
     <span class='ocr_line' id='line_1_15' title="bbox 358 1794 2824 1878; baseline 0 -20"><span class='ocrx_word' id='word_1_132' title='bbox 358 1794 705 1860; x_wconf 86' lang='lat' dir='ltr'>intenditur</span> <span class='ocrx_word' id='word_1_133' title='bbox 748 1796 1183 1860; x_wconf 85' lang='lat' dir='ltr'>iuvamentum</span> <span class='ocrx_word' id='word_1_134' title='bbox 1229 1794 1486 1859; x_wconf 88' lang='lat' dir='ltr'>alterius</span> <span class='ocrx_word' id='word_1_135' title='bbox 1534 1794 1756 1874; x_wconf 89' lang='lat' dir='ltr'>(etiam</span> <span class='ocrx_word' id='word_1_136' title='bbox 1807 1794 1904 1859; x_wconf 92' lang='lat' dir='ltr'>sui</span> <span class='ocrx_word' id='word_1_137' title='bbox 1933 1795 2158 1878; x_wconf 88' lang='lat' dir='ltr'>ipsius)</span> <span class='ocrx_word' id='word_1_138' title='bbox 2198 1796 2296 1858; x_wconf 85' lang='lat' dir='ltr'>vel</span> <span class='ocrx_word' id='word_1_139' title='bbox 2341 1797 2605 1860; x_wconf 89' lang='lat' dir='ltr'>remotio</span> <span class='ocrx_word' id='word_1_140' title='bbox 2640 1813 2824 1861; x_wconf 90' lang='lat' dir='ltr'>nocu-</span> 
     </span>
     <span class='ocr_line' id='line_1_16' title="bbox 359 1898 2820 1985; baseline 0 -21"><span class='ocrx_word' id='word_1_141' title='bbox 359 1900 552 1964; x_wconf 91' lang='lat' dir='ltr'>menti</span> <span class='ocrx_word' id='word_1_142' title='bbox 599 1902 661 1964; x_wconf 90' lang='lat' dir='ltr'>et</span> <span class='ocrx_word' id='word_1_143' title='bbox 705 1920 813 1985; x_wconf 93' lang='lat' dir='ltr'>per</span> <span class='ocrx_word' id='word_1_144' title='bbox 842 1901 993 1965; x_wconf 92' lang='lat' dir='ltr'>haec</span> <span class='ocrx_word' id='word_1_145' title='bbox 1038 1899 1409 1964; x_wconf 85' lang='lat' dir='ltr'>diminuitur</span> <span class='ocrx_word' id='word_1_146' title='bbox 1439 1899 1621 1982; x_wconf 85' lang='lat' dir='ltr'>culpa</span> <span class='ocrx_word' id='word_1_147' title='bbox 1668 1899 1991 1964; x_wconf 89' lang='lat' dir='ltr'>mendacii.</span> <span class='ocrx_word' id='word_1_148' title='bbox 2039 1898 2485 1964; x_wconf 65' lang='lat' dir='ltr'>Perniciacum</span> <span class='ocrx_word' id='word_1_149' title='bbox 2529 1902 2643 1974; x_wconf 81' lang='lat' dir='ltr'>est,</span> <span class='ocrx_word' id='word_1_150' title='bbox 2694 1919 2820 1982; x_wconf 92' lang='lat' dir='ltr'>quo</span> 
     </span>
    </p>
   </div>
   <div class='ocr_carea' id='block_1_6' title="bbox 222 2001 2823 2087">
    <p class='ocr_par' dir='ltr' id='par_1_8' title="bbox 222 2001 2823 2087">
     <span class='ocr_line' id='line_1_17' title="bbox 222 2001 2823 2087; baseline 0.002 -27"><span class='ocrx_word' id='word_1_151' title='bbox 222 2055 225 2060; x_wconf 86' lang='lat'>.</span> <span class='ocrx_word' id='word_1_152' title='bbox 356 2001 701 2067; x_wconf 86' lang='lat' dir='ltr'>intenditur</span> <span class='ocrx_word' id='word_1_153' title='bbox 746 2002 1003 2067; x_wconf 87' lang='lat' dir='ltr'>alterius</span> <span class='ocrx_word' id='word_1_154' title='bbox 1055 2002 1499 2067; x_wconf 87' lang='lat' dir='ltr'>nocumentum</span> <span class='ocrx_word' id='word_1_155' title='bbox 1546 2002 1610 2064; x_wconf 91' lang='lat' dir='ltr'>et</span> <span class='ocrx_word' id='word_1_156' title='bbox 1655 2021 1764 2084; x_wconf 91' lang='lat' dir='ltr'>per</span> <span class='ocrx_word' id='word_1_157' title='bbox 1812 2003 1928 2066; x_wconf 94' lang='lat' dir='ltr'>hoc</span> <span class='ocrx_word' id='word_1_158' title='bbox 1975 2003 2361 2087; x_wconf 85' lang='lat' dir='ltr'>aggravatur</span> <span class='ocrx_word' id='word_1_159' title='bbox 2413 2002 2599 2085; x_wconf 89' lang='lat' dir='ltr'>culpa</span> <span class='ocrx_word' id='word_1_160' title='bbox 2657 2021 2823 2066; x_wconf 89' lang='lat' dir='ltr'>men-</span> 
     </span>
    </p>
   </div>
   <div class='ocr_carea' id='block_1_7' title="bbox 346 2102 2822 4646">
    <p class='ocr_par' dir='ltr' id='par_1_9' title="bbox 358 2102 2822 2290">
     <span class='ocr_line' id='line_1_18' title="bbox 358 2102 2822 2187; baseline 0.001 -19"><span class='ocrx_word' id='word_1_161' title='bbox 358 2102 535 2169; x_wconf 88' lang='lat' dir='ltr'>dacii.</span> <span class='ocrx_word' id='word_1_162' title='bbox 572 2106 672 2170; x_wconf 88' lang='lat' dir='ltr'>Ita</span> <span class='ocrx_word' id='word_1_163' title='bbox 721 2125 770 2170; x_wconf 90' lang='lat' dir='ltr'>s.</span> <span class='ocrx_word' id='word_1_164' title='bbox 805 2105 1077 2169; x_wconf 89' lang='lat' dir='ltr'>Th0mas</span> <span class='ocrx_word' id='word_1_165' title='bbox 1122 2104 1271 2169; x_wconf 90' lang='lat' dir='ltr'>ibid.</span> <span class='ocrx_word' id='word_1_166' title='bbox 1311 2102 1574 2168; x_wconf 83' lang='lat' dir='ltr'>Constat</span> <span class='ocrx_word' id='word_1_167' title='bbox 1620 2104 1786 2186; x_wconf 88' lang='lat' dir='ltr'>quod</span> <span class='ocrx_word' id='word_1_168' title='bbox 1817 2105 1980 2169; x_wconf 89' lang='lat' dir='ltr'>idem</span> <span class='ocrx_word' id='word_1_169' title='bbox 2011 2105 2401 2170; x_wconf 88' lang='lat' dir='ltr'>mendacium</span> <span class='ocrx_word' id='word_1_170' title='bbox 2433 2106 2641 2187; x_wconf 90' lang='lat' dir='ltr'>potest</span> <span class='ocrx_word' id='word_1_171' title='bbox 2688 2124 2822 2170; x_wconf 85' lang='lat' dir='ltr'>esse</span> 
     </span>
     <span class='ocr_line' id='line_1_19' title="bbox 358 2205 1985 2290; baseline 0.001 -20"><span class='ocrx_word' id='word_1_172' title='bbox 358 2205 545 2271; x_wconf 88' lang='lat' dir='ltr'>simul</span> <span class='ocrx_word' id='word_1_173' title='bbox 593 2209 772 2273; x_wconf 84' lang='lat' dir='ltr'>alteri</span> <span class='ocrx_word' id='word_1_174' title='bbox 820 2208 1165 2273; x_wconf 89' lang='lat' dir='ltr'>officiosum</span> <span class='ocrx_word' id='word_1_175' title='bbox 1213 2210 1275 2271; x_wconf 91' lang='lat' dir='ltr'>et</span> <span class='ocrx_word' id='word_1_176' title='bbox 1320 2208 1735 2290; x_wconf 89' lang='lat' dir='ltr'>perniciosum</span> <span class='ocrx_word' id='word_1_177' title='bbox 1784 2208 1985 2272; x_wconf 87' lang='lat' dir='ltr'>alteri.</span> 
     </span>
    </p>

    <p class='ocr_par' dir='ltr' id='par_1_10' title="bbox 356 2306 2817 2887">
     <span class='ocr_line' id='line_1_20' title="bbox 451 2306 2815 2395; baseline -0.002 -16"><span class='ocrx_word' id='word_1_178' title='bbox 451 2306 657 2380; x_wconf 83' lang='lat' dir='ltr'>1n53.</span> <span class='ocrx_word' id='word_1_179' title='bbox 705 2311 1098 2376; x_wconf 88' lang='lat' dir='ltr'>Mendacium</span> <span class='ocrx_word' id='word_1_180' title='bbox 1146 2330 1219 2375; x_wconf 92' lang='lat' dir='ltr'>ex</span> <span class='ocrx_word' id='word_1_181' title='bbox 1264 2329 1485 2395; x_wconf 87' lang='lat' dir='ltr'>genere</span> <span class='ocrx_word' id='word_1_182' title='bbox 1530 2329 1643 2375; x_wconf 90' lang='lat' dir='ltr'>suo</span> <span class='ocrx_word' id='word_1_183' title='bbox 1682 2313 1778 2375; x_wconf 87' lang='lat' dir='ltr'>est</span> <span class='ocrx_word' id='word_1_184' title='bbox 1807 2312 2137 2375; x_wconf 85' lang='lat' dir='ltr'>intrinsece</span> <span class='ocrx_word' id='word_1_185' title='bbox 2175 2310 2434 2374; x_wconf 89' lang='lat' dir='ltr'>malum.</span> <span class='ocrx_word' id='word_1_186' title='bbox 2463 2311 2652 2375; x_wconf 86' lang='lat' dir='ltr'>Ratio</span> <span class='ocrx_word' id='word_1_187' title='bbox 2702 2315 2815 2389; x_wconf 88' lang='lat' dir='ltr'>est,</span> 
     </span>
     <span class='ocr_line' id='line_1_21' title="bbox 358 2412 2809 2496; baseline 0 -20"><span class='ocrx_word' id='word_1_188' title='bbox 358 2412 450 2476; x_wconf 85' lang='lat' dir='ltr'>ait</span> <span class='ocrx_word' id='word_1_189' title='bbox 471 2431 521 2477; x_wconf 74' lang='lat' dir='ltr'>s,</span> <span class='ocrx_word' id='word_1_190' title='bbox 548 2413 820 2478; x_wconf 86' lang='lat' dir='ltr'>Thomas</span> <span class='ocrx_word' id='word_1_191' title='bbox 852 2432 907 2477; x_wconf 88' lang='lat' dir='ltr'>a.</span> <span class='ocrx_word' id='word_1_192' title='bbox 935 2414 1019 2490; x_wconf 87' lang='lat'>3.,</span> <span class='ocrx_word' id='word_1_193' title='bbox 1039 2412 1185 2495; x_wconf 88' lang='lat' dir='ltr'>quia</span> <span class='ocrx_word' id='word_1_194' title='bbox 1224 2436 1259 2470; x_wconf 84' lang='lat'>‹</span> <span class='ocrx_word' id='word_1_195' title='bbox 1284 2415 1379 2477; x_wconf 88' lang='lat' dir='ltr'>est</span> <span class='ocrx_word' id='word_1_196' title='bbox 1403 2415 1580 2476; x_wconf 89' lang='lat' dir='ltr'>actus</span> <span class='ocrx_word' id='word_1_197' title='bbox 1613 2412 1833 2477; x_wconf 86' lang='lat' dir='ltr'>cadens</span> <span class='ocrx_word' id='word_1_198' title='bbox 1873 2432 2056 2496; x_wconf 90' lang='lat' dir='ltr'>super</span> <span class='ocrx_word' id='word_1_199' title='bbox 2091 2412 2429 2477; x_wconf 88' lang='lat' dir='ltr'>indebitam</span> <span class='ocrx_word' id='word_1_200' title='bbox 2461 2414 2809 2478; x_wconf 88' lang='lat' dir='ltr'>materiam.</span> 
     </span>
     <span class='ocr_line' id='line_1_22' title="bbox 356 2511 2816 2601; baseline 0.001 -22"><span class='ocrx_word' id='word_1_201' title='bbox 356 2511 513 2581; x_wconf 85' lang='lat' dir='ltr'>Cum</span> <span class='ocrx_word' id='word_1_202' title='bbox 561 2517 723 2581; x_wconf 90' lang='lat' dir='ltr'>enim</span> <span class='ocrx_word' id='word_1_203' title='bbox 771 2534 950 2581; x_wconf 86' lang='lat' dir='ltr'>voces</span> <span class='ocrx_word' id='word_1_204' title='bbox 995 2515 1368 2580; x_wconf 84' lang='lat' dir='ltr'>naturaliter</span> <span class='ocrx_word' id='word_1_205' title='bbox 1412 2516 1541 2581; x_wconf 89' lang='lat' dir='ltr'>sint</span> <span class='ocrx_word' id='word_1_206' title='bbox 1586 2516 1764 2601; x_wconf 86' lang='lat' dir='ltr'>signa</span> <span class='ocrx_word' id='word_1_207' title='bbox 1811 2515 2263 2592; x_wconf 86' lang='lat' dir='ltr'>intellectuum,</span> <span class='ocrx_word' id='word_1_208' title='bbox 2317 2514 2672 2580; x_wconf 87' lang='lat' dir='ltr'>innaturale</span> <span class='ocrx_word' id='word_1_209' title='bbox 2719 2519 2816 2581; x_wconf 90' lang='lat' dir='ltr'>est</span> 
     </span>
     <span class='ocr_line' id='line_1_23' title="bbox 356 2616 2814 2703; baseline 0.001 -22"><span class='ocrx_word' id='word_1_210' title='bbox 356 2619 418 2681; x_wconf 91' lang='lat' dir='ltr'>et</span> <span class='ocrx_word' id='word_1_211' title='bbox 460 2618 828 2693; x_wconf 89' lang='lat' dir='ltr'>indebitum,</span> <span class='ocrx_word' id='word_1_212' title='bbox 897 2616 1063 2699; x_wconf 91' lang='lat' dir='ltr'>quod</span> <span class='ocrx_word' id='word_1_213' title='bbox 1112 2618 1339 2700; x_wconf 87' lang='lat' dir='ltr'>aliquis</span> <span class='ocrx_word' id='word_1_214' title='bbox 1405 2637 1553 2683; x_wconf 83' lang='lat' dir='ltr'>voce</span> <span class='ocrx_word' id='word_1_215' title='bbox 1614 2617 1925 2703; x_wconf 82' lang='lat' dir='ltr'>significet</span> <span class='ocrx_word' id='word_1_216' title='bbox 2004 2618 2068 2681; x_wconf 92' lang='lat' dir='ltr'>id</span> <span class='ocrx_word' id='word_1_217' title='bbox 2117 2618 2280 2700; x_wconf 91' lang='lat' dir='ltr'>quod</span> <span class='ocrx_word' id='word_1_218' title='bbox 2334 2636 2456 2683; x_wconf 91' lang='lat' dir='ltr'>non</span> <span class='ocrx_word' id='word_1_219' title='bbox 2504 2619 2694 2682; x_wconf 89' lang='lat' dir='ltr'>habet</span> <span class='ocrx_word' id='word_1_220' title='bbox 2751 2620 2814 2683; x_wconf 92' lang='lat' dir='ltr'>in</span> 
     </span>
     <span class='ocr_line' id='line_1_24' title="bbox 356 2720 2817 2806; baseline 0.001 -23"><span class='ocrx_word' id='word_1_221' title='bbox 356 2722 625 2784; x_wconf 87' lang='lat' dir='ltr'>mente...</span> <span class='ocrx_word' id='word_1_222' title='bbox 659 2721 835 2786; x_wconf 90' lang='lat' dir='ltr'>Unde</span> <span class='ocrx_word' id='word_1_223' title='bbox 867 2740 1047 2785; x_wconf 92' lang='lat' dir='ltr'>omne</span> <span class='ocrx_word' id='word_1_224' title='bbox 1067 2720 1455 2785; x_wconf 89' lang='lat' dir='ltr'>mendacium</span> <span class='ocrx_word' id='word_1_225' title='bbox 1489 2723 1585 2785; x_wconf 89' lang='lat' dir='ltr'>est</span> <span class='ocrx_word' id='word_1_226' title='bbox 1614 2724 1957 2804; x_wconf 88' lang='lat' dir='ltr'>peccatum,</span> <span class='ocrx_word' id='word_1_227' title='bbox 1991 2722 2154 2787; x_wconf 86' lang='lat' dir='ltr'>sicut</span> <span class='ocrx_word' id='word_1_228' title='bbox 2200 2722 2390 2786; x_wconf 88' lang='lat' dir='ltr'>etiam</span> <span class='ocrx_word' id='word_1_229' title='bbox 2422 2721 2817 2806; x_wconf 85' lang='lat' dir='ltr'>Augustinus</span> 
     </span>
     <span class='ocr_line' id='line_1_25' title="bbox 358 2822 1851 2887; baseline 0.001 -2"><span class='ocrx_word' id='word_1_230' title='bbox 358 2822 578 2885; x_wconf 85' lang='lat' dir='ltr'>asserit</span> <span class='ocrx_word' id='word_1_231' title='bbox 623 2823 688 2886; x_wconf 91' lang='lat' dir='ltr'>in</span> <span class='ocrx_word' id='word_1_232' title='bbox 735 2823 894 2887; x_wconf 87' lang='lat' dir='ltr'>libro</span> <span class='ocrx_word' id='word_1_233' title='bbox 924 2827 1141 2887; x_wconf 76' lang='lat' dir='ltr'>contra</span> <span class='ocrx_word' id='word_1_234' title='bbox 1174 2822 1581 2887; x_wconf 78' lang='lat' dir='ltr'>Mendacium</span> <span class='ocrx_word' id='word_1_235' title='bbox 1618 2823 1661 2887; x_wconf 96' lang='lat' dir='ltr'>l.</span> <span class='ocrx_word' id='word_1_236' title='bbox 1700 2842 1751 2887; x_wconf 91' lang='lat' dir='ltr'>c.</span> <span class='ocrx_word' id='word_1_237' title='bbox 1791 2849 1851 2886; x_wconf 85' lang='grc'>».</span> 
     </span>
    </p>

    <p class='ocr_par' dir='ltr' id='par_1_11' title="bbox 352 2922 2815 3416">
     <span class='ocr_line' id='line_1_26' title="bbox 446 2922 2815 3009; baseline 0 -20"><span class='ocrx_word' id='word_1_238' title='bbox 446 2922 746 2990; x_wconf 78' lang='lat' dir='ltr'>Convenit</span> <span class='ocrx_word' id='word_1_239' title='bbox 792 2926 954 2990; x_wconf 90' lang='lat' dir='ltr'>inter</span> <span class='ocrx_word' id='word_1_240' title='bbox 1000 2945 1229 3002; x_wconf 90' lang='lat' dir='ltr'>omnes,</span> <span class='ocrx_word' id='word_1_241' title='bbox 1272 2925 1661 2989; x_wconf 84' lang='lat' dir='ltr'>mendacium</span> <span class='ocrx_word' id='word_1_242' title='bbox 1708 2926 1977 2989; x_wconf 75' lang='lat' dir='ltr'>iocosum</span> <span class='ocrx_word' id='word_1_243' title='bbox 2022 2945 2158 2991; x_wconf 90' lang='lat' dir='ltr'>esse</span> <span class='ocrx_word' id='word_1_244' title='bbox 2205 2928 2459 2991; x_wconf 90' lang='lat' dir='ltr'>tantum</span> <span class='ocrx_word' id='word_1_245' title='bbox 2492 2927 2815 3009; x_wconf 90' lang='lat' dir='ltr'>peccatum</span> 
     </span>
     <span class='ocr_line' id='line_1_27' title="bbox 353 3028 2814 3113; baseline 0.001 -24"><span class='ocrx_word' id='word_1_246' title='bbox 353 3028 621 3092; x_wconf 84' lang='lat' dir='ltr'>veniale:</span> <span class='ocrx_word' id='word_1_247' title='bbox 671 3047 795 3094; x_wconf 92' lang='lat' dir='ltr'>non</span> <span class='ocrx_word' id='word_1_248' title='bbox 844 3029 1005 3093; x_wconf 92' lang='lat' dir='ltr'>enim</span> <span class='ocrx_word' id='word_1_249' title='bbox 1053 3028 1418 3093; x_wconf 84' lang='lat' dir='ltr'>adversatur</span> <span class='ocrx_word' id='word_1_250' title='bbox 1462 3028 1732 3092; x_wconf 89' lang='lat' dir='ltr'>caritati.</span> <span class='ocrx_word' id='word_1_251' title='bbox 1775 3029 1857 3092; x_wconf 84' lang='lat' dir='ltr'>Et</span> <span class='ocrx_word' id='word_1_252' title='bbox 1904 3030 2173 3111; x_wconf 90' lang='lat' dir='ltr'>quidem,</span> <span class='ocrx_word' id='word_1_253' title='bbox 2221 3031 2296 3093; x_wconf 92' lang='lat' dir='ltr'>ut</span> <span class='ocrx_word' id='word_1_254' title='bbox 2339 3030 2663 3113; x_wconf 90' lang='lat' dir='ltr'>peccatum</span> <span class='ocrx_word' id='word_1_255' title='bbox 2709 3029 2814 3103; x_wconf 90' lang='lat' dir='ltr'>sit,</span> 
     </span>
     <span class='ocr_line' id='line_1_28' title="bbox 354 3130 2814 3213; baseline 0 -20"><span class='ocrx_word' id='word_1_256' title='bbox 354 3132 601 3213; x_wconf 82' lang='lat' dir='ltr'>oportet</span> <span class='ocrx_word' id='word_1_257' title='bbox 646 3150 776 3197; x_wconf 89' lang='lat' dir='ltr'>esse</span> <span class='ocrx_word' id='word_1_258' title='bbox 807 3150 1023 3196; x_wconf 84' lang='lat' dir='ltr'>verum</span> <span class='ocrx_word' id='word_1_259' title='bbox 1068 3130 1486 3206; x_wconf 64' lang='lat' dir='ltr'>mendacium</span> <span class='ocrx_word' id='word_1_260' title='bbox 1537 3130 1591 3195; x_wconf 89' lang='lat' dir='ltr'>si</span> <span class='ocrx_word' id='word_1_261' title='bbox 1638 3131 1805 3194; x_wconf 91' lang='lat' dir='ltr'>enim</span> <span class='ocrx_word' id='word_1_262' title='bbox 1853 3131 2241 3196; x_wconf 84' lang='lat' dir='ltr'>auditoribus</span> <span class='ocrx_word' id='word_1_263' title='bbox 2290 3132 2538 3196; x_wconf 90' lang='lat' dir='ltr'>constat</span> <span class='ocrx_word' id='word_1_264' title='bbox 2585 3134 2648 3195; x_wconf 88' lang='lat' dir='ltr'>te</span> <span class='ocrx_word' id='word_1_265' title='bbox 2693 3149 2814 3195; x_wconf 91' lang='lat' dir='ltr'>non</span> 
     </span>
     <span class='ocr_line' id='line_1_29' title="bbox 352 3232 2815 3316; baseline -0 -20"><span class='ocrx_word' id='word_1_266' title='bbox 352 3233 507 3298; x_wconf 83' lang='lat' dir='ltr'>velle</span> <span class='ocrx_word' id='word_1_267' title='bbox 555 3234 776 3311; x_wconf 77' lang='lat' dir='ltr'>verbiS,</span> <span class='ocrx_word' id='word_1_268' title='bbox 818 3252 976 3316; x_wconf 88' lang='lat' dir='ltr'>quae</span> <span class='ocrx_word' id='word_1_269' title='bbox 1008 3232 1262 3315; x_wconf 79' lang='lat' dir='ltr'>proferS,</span> <span class='ocrx_word' id='word_1_270' title='bbox 1303 3232 1648 3316; x_wconf 84' lang='lat' dir='ltr'>significare</span> <span class='ocrx_word' id='word_1_271' title='bbox 1681 3232 1848 3314; x_wconf 92' lang='lat' dir='ltr'>quod</span> <span class='ocrx_word' id='word_1_272' title='bbox 1879 3233 2066 3296; x_wconf 86' lang='lat' dir='ltr'>habes</span> <span class='ocrx_word' id='word_1_273' title='bbox 2113 3232 2176 3295; x_wconf 91' lang='lat' dir='ltr'>in</span> <span class='ocrx_word' id='word_1_274' title='bbox 2210 3233 2435 3310; x_wconf 90' lang='lat' dir='ltr'>mente,</span> <span class='ocrx_word' id='word_1_275' title='bbox 2472 3233 2576 3297; x_wconf 91' lang='lat' dir='ltr'>sed</span> <span class='ocrx_word' id='word_1_276' title='bbox 2609 3233 2815 3298; x_wconf 91' lang='lat' dir='ltr'>solum</span> 
     </span>
     <span class='ocr_line' id='line_1_30' title="bbox 352 3334 1888 3416; baseline -0.001 -19"><span class='ocrx_word' id='word_1_277' title='bbox 352 3336 508 3399; x_wconf 82' lang='lat' dir='ltr'>velle</span> <span class='ocrx_word' id='word_1_278' title='bbox 537 3337 768 3411; x_wconf 89' lang='lat' dir='ltr'>ludere,</span> <span class='ocrx_word' id='word_1_279' title='bbox 804 3336 1048 3399; x_wconf 91' lang='lat' dir='ltr'>nullum</span> <span class='ocrx_word' id='word_1_280' title='bbox 1095 3336 1192 3398; x_wconf 90' lang='lat' dir='ltr'>est</span> <span class='ocrx_word' id='word_1_281' title='bbox 1226 3353 1439 3416; x_wconf 88' lang='lat' dir='ltr'>reapse</span> <span class='ocrx_word' id='word_1_282' title='bbox 1478 3334 1888 3398; x_wconf 81' lang='lat' dir='ltr'>mendacium.</span> 
     </span>
    </p>

    <p class='ocr_par' dir='ltr' id='par_1_12' title="bbox 351 3434 2817 3720">
     <span class='ocr_line' id='line_1_31' title="bbox 467 3434 2817 3517; baseline -0 -17"><span class='ocrx_word' id='word_1_283' title='bbox 467 3438 624 3502; x_wconf 89' lang='lat' dir='ltr'>Item</span> <span class='ocrx_word' id='word_1_284' title='bbox 684 3437 1077 3503; x_wconf 87' lang='lat' dir='ltr'>mendacium</span> <span class='ocrx_word' id='word_1_285' title='bbox 1141 3435 1486 3515; x_wconf 73' lang='lat' dir='ltr'>officiosum</span> <span class='ocrx_word' id='word_1_286' title='bbox 1534 3437 1630 3499; x_wconf 89' lang='lat' dir='ltr'>est</span> <span class='ocrx_word' id='word_1_287' title='bbox 1676 3454 1784 3517; x_wconf 88' lang='lat' dir='ltr'>per</span> <span class='ocrx_word' id='word_1_288' title='bbox 1830 3454 1893 3498; x_wconf 90' lang='lat' dir='ltr'>se</span> <span class='ocrx_word' id='word_1_289' title='bbox 1954 3434 2192 3498; x_wconf 82' lang='lat' dir='ltr'>veniale</span> <span class='ocrx_word' id='word_1_290' title='bbox 2248 3435 2591 3516; x_wconf 82' lang='lat' dir='ltr'>peccatum,</span> <span class='ocrx_word' id='word_1_291' title='bbox 2642 3436 2817 3499; x_wconf 89' lang='lat' dir='ltr'>iuxta</span> 
     </span>
     <span class='ocr_line' id='line_1_32' title="bbox 354 3535 2814 3619; baseline 0 -20"><span class='ocrx_word' id='word_1_292' title='bbox 354 3553 589 3615; x_wconf 79' lang='lat' dir='ltr'>omnes3</span> <span class='ocrx_word' id='word_1_293' title='bbox 632 3560 754 3605; x_wconf 91' lang='lat' dir='ltr'>non</span> <span class='ocrx_word' id='word_1_294' title='bbox 793 3541 888 3603; x_wconf 90' lang='lat' dir='ltr'>est</span> <span class='ocrx_word' id='word_1_295' title='bbox 919 3538 1084 3602; x_wconf 90' lang='lat' dir='ltr'>enim</span> <span class='ocrx_word' id='word_1_296' title='bbox 1121 3540 1337 3602; x_wconf 89' lang='lat' dir='ltr'>contra</span> <span class='ocrx_word' id='word_1_297' title='bbox 1360 3538 1688 3601; x_wconf 88' lang='lat' dir='ltr'>caritatem</span> <span class='ocrx_word' id='word_1_298' title='bbox 1723 3537 1838 3599; x_wconf 93' lang='lat' dir='ltr'>Dei</span> <span class='ocrx_word' id='word_1_299' title='bbox 1872 3538 1936 3599; x_wconf 93' lang='lat' dir='ltr'>et</span> <span class='ocrx_word' id='word_1_300' title='bbox 1965 3535 2251 3619; x_wconf 87' lang='lat' dir='ltr'>proximi,</span> <span class='ocrx_word' id='word_1_301' title='bbox 2278 3535 2405 3600; x_wconf 92' lang='lat' dir='ltr'>imo</span> <span class='ocrx_word' id='word_1_302' title='bbox 2442 3554 2513 3599; x_wconf 91' lang='lat' dir='ltr'>ex</span> <span class='ocrx_word' id='word_1_303' title='bbox 2544 3536 2814 3617; x_wconf 89' lang='lat' dir='ltr'>quadam</span> 
     </span>
     <span class='ocr_line' id='line_1_33' title="bbox 351 3637 1881 3720; baseline -0.001 -19"><span class='ocrx_word' id='word_1_304' title='bbox 351 3638 631 3717; x_wconf 87' lang='lat' dir='ltr'>caritate,</span> <span class='ocrx_word' id='word_1_305' title='bbox 666 3642 816 3705; x_wconf 88' lang='lat' dir='ltr'>licet</span> <span class='ocrx_word' id='word_1_306' title='bbox 858 3659 982 3705; x_wconf 92' lang='lat' dir='ltr'>non</span> <span class='ocrx_word' id='word_1_307' title='bbox 1028 3641 1193 3704; x_wconf 89' lang='lat' dir='ltr'>recte</span> <span class='ocrx_word' id='word_1_308' title='bbox 1240 3638 1543 3714; x_wconf 89' lang='lat' dir='ltr'>ordinata,</span> <span class='ocrx_word' id='word_1_309' title='bbox 1579 3637 1881 3720; x_wconf 85' lang='lat' dir='ltr'>procedit.</span> 
     </span>
    </p>

    <p class='ocr_par' dir='ltr' id='par_1_13' title="bbox 349 3739 2815 3909">
     <span class='ocr_line' id='line_1_34' title="bbox 441 3739 2815 3823; baseline 0.001 -20"><span class='ocrx_word' id='word_1_310' title='bbox 441 3739 834 3807; x_wconf 88' lang='lat' dir='ltr'>Mendacium</span> <span class='ocrx_word' id='word_1_311' title='bbox 858 3761 1003 3807; x_wconf 84' lang='lat' dir='ltr'>vero</span> <span class='ocrx_word' id='word_1_312' title='bbox 1022 3741 1523 3823; x_wconf 75' lang='lat' dir='ltr'>pcrm&#39;ciosumin</span> <span class='ocrx_word' id='word_1_313' title='bbox 1549 3758 1614 3803; x_wconf 91' lang='lat' dir='ltr'>re</span> <span class='ocrx_word' id='word_1_314' title='bbox 1645 3739 1844 3823; x_wconf 83' lang='lat' dir='ltr'>gravi,</span> <span class='ocrx_word' id='word_1_315' title='bbox 1872 3741 2137 3803; x_wconf 89' lang='lat' dir='ltr'>mortale</span> <span class='ocrx_word' id='word_1_316' title='bbox 2169 3741 2489 3822; x_wconf 85' lang='lat' dir='ltr'>peccatum</span> <span class='ocrx_word' id='word_1_317' title='bbox 2516 3740 2639 3815; x_wconf 76' lang='lat' dir='ltr'>est3</span> <span class='ocrx_word' id='word_1_318' title='bbox 2668 3742 2815 3822; x_wconf 86' lang='lat' dir='ltr'>quia</span> 
     </span>
     <span class='ocr_line' id='line_1_35' title="bbox 349 3843 1005 3909; baseline 0.003 -2"><span class='ocrx_word' id='word_1_319' title='bbox 349 3843 682 3908; x_wconf 89' lang='lat' dir='ltr'>caritatem</span> <span class='ocrx_word' id='word_1_320' title='bbox 716 3845 1005 3909; x_wconf 86' lang='lat' dir='ltr'>excludit.</span> 
     </span>
    </p>

    <p class='ocr_par' dir='ltr' id='par_1_14' title="bbox 346 3943 2814 4541">
     <span class='ocr_line' id='line_1_36' title="bbox 444 3943 2812 4022; baseline -0.003 -5"><span class='ocrx_word' id='word_1_321' title='bbox 444 3943 654 4017; x_wconf 73' lang='lat'>1⁰54.</span> <span class='ocrx_word' id='word_1_322' title='bbox 695 3948 790 4011; x_wconf 88' lang='lat' dir='ltr'>Ad</span> <span class='ocrx_word' id='word_1_323' title='bbox 833 3949 1214 4013; x_wconf 87' lang='lat' dir='ltr'>mendacium</span> <span class='ocrx_word' id='word_1_324' title='bbox 1264 3949 1591 4012; x_wconf 83' lang='lat' dir='ltr'>revocatur</span> <span class='ocrx_word' id='word_1_325' title='bbox 1634 3946 1993 4022; x_wconf 55' lang='lat' dir='ltr'>simulatae,-</span> <span class='ocrx_word' id='word_1_326' title='bbox 2046 3970 2082 4005; x_wconf 86' lang='lat'>‹&lt;</span> <span class='ocrx_word' id='word_1_327' title='bbox 2129 3946 2291 4010; x_wconf 89' lang='lat' dir='ltr'>sicut</span> <span class='ocrx_word' id='word_1_328' title='bbox 2338 3946 2501 4010; x_wconf 89' lang='lat' dir='ltr'>enim</span> <span class='ocrx_word' id='word_1_329' title='bbox 2559 3947 2812 4011; x_wconf 84' lang='lat' dir='ltr'>veritati</span> 
     </span>
     <span class='ocr_line' id='line_1_37' title="bbox 352 4048 2814 4135; baseline -0.002 -20"><span class='ocrx_word' id='word_1_330' title='bbox 352 4051 686 4135; x_wconf 89' lang='lat' dir='ltr'>opponitur</span> <span class='ocrx_word' id='word_1_331' title='bbox 732 4050 898 4131; x_wconf 90' lang='lat' dir='ltr'>quod</span> <span class='ocrx_word' id='word_1_332' title='bbox 945 4050 1167 4131; x_wconf 88' lang='lat' dir='ltr'>aliquis</span> <span class='ocrx_word' id='word_1_333' title='bbox 1198 4070 1305 4134; x_wconf 89' lang='lat' dir='ltr'>per</span> <span class='ocrx_word' id='word_1_334' title='bbox 1338 4050 1525 4115; x_wconf 85' lang='lat' dir='ltr'>verba</span> <span class='ocrx_word' id='word_1_335' title='bbox 1571 4049 1876 4114; x_wconf 83' lang='lat' dir='ltr'>exteriora</span> <span class='ocrx_word' id='word_1_336' title='bbox 1926 4049 2094 4113; x_wconf 92' lang='lat' dir='ltr'>aliud</span> <span class='ocrx_word' id='word_1_337' title='bbox 2134 4048 2442 4133; x_wconf 84' lang='lat' dir='ltr'>significet</span> <span class='ocrx_word' id='word_1_338' title='bbox 2481 4067 2671 4129; x_wconf 88' lang='lat' dir='ltr'>quam</span> <span class='ocrx_word' id='word_1_339' title='bbox 2709 4049 2814 4111; x_wconf 89' lang='lat' dir='ltr'>ha-</span> 
     </span>
     <span class='ocr_line' id='line_1_38' title="bbox 348 4150 2813 4236; baseline -0 -20"><span class='ocrx_word' id='word_1_340' title='bbox 348 4152 454 4217; x_wconf 90' lang='lat' dir='ltr'>het</span> <span class='ocrx_word' id='word_1_341' title='bbox 503 4153 667 4235; x_wconf 91' lang='lat' dir='ltr'>apud</span> <span class='ocrx_word' id='word_1_342' title='bbox 714 4170 798 4229; x_wconf 88' lang='lat' dir='ltr'>se,</span> <span class='ocrx_word' id='word_1_343' title='bbox 833 4151 999 4233; x_wconf 91' lang='lat' dir='ltr'>quod</span> <span class='ocrx_word' id='word_1_344' title='bbox 1046 4151 1122 4215; x_wconf 87' lang='lat' dir='ltr'>ad</span> <span class='ocrx_word' id='word_1_345' title='bbox 1169 4153 1557 4218; x_wconf 87' lang='lat' dir='ltr'>mendacium</span> <span class='ocrx_word' id='word_1_346' title='bbox 1610 4152 1907 4236; x_wconf 86' lang='lat' dir='ltr'>pertinet;</span> <span class='ocrx_word' id='word_1_347' title='bbox 1960 4151 2049 4215; x_wconf 89' lang='lat' dir='ltr'>ita</span> <span class='ocrx_word' id='word_1_348' title='bbox 2096 4152 2284 4215; x_wconf 88' lang='lat' dir='ltr'>etiam</span> <span class='ocrx_word' id='word_1_349' title='bbox 2336 4150 2671 4234; x_wconf 89' lang='lat' dir='ltr'>opponitur</span> <span class='ocrx_word' id='word_1_350' title='bbox 2715 4170 2813 4215; x_wconf 84' lang='lat' dir='ltr'>ve-</span> 
     </span>
     <span class='ocr_line' id='line_1_39' title="bbox 347 4253 2813 4340; baseline -0.001 -20"><span class='ocrx_word' id='word_1_351' title='bbox 347 4255 544 4331; x_wconf 88' lang='lat' dir='ltr'>ritati,</span> <span class='ocrx_word' id='word_1_352' title='bbox 578 4255 745 4337; x_wconf 91' lang='lat' dir='ltr'>quod</span> <span class='ocrx_word' id='word_1_353' title='bbox 793 4254 1019 4336; x_wconf 90' lang='lat' dir='ltr'>aliquis</span> <span class='ocrx_word' id='word_1_354' title='bbox 1051 4273 1157 4335; x_wconf 88' lang='lat' dir='ltr'>per</span> <span class='ocrx_word' id='word_1_355' title='bbox 1190 4253 1401 4336; x_wconf 85' lang='lat' dir='ltr'>aliqua</span> <span class='ocrx_word' id='word_1_356' title='bbox 1447 4256 1627 4340; x_wconf 84' lang='lat' dir='ltr'>signa</span> <span class='ocrx_word' id='word_1_357' title='bbox 1674 4254 1982 4320; x_wconf 87' lang='lat' dir='ltr'>factorum</span> <span class='ocrx_word' id='word_1_358' title='bbox 2032 4254 2131 4318; x_wconf 87' lang='lat' dir='ltr'>vel</span> <span class='ocrx_word' id='word_1_359' title='bbox 2177 4273 2404 4330; x_wconf 90' lang='lat' dir='ltr'>rerum,</span> <span class='ocrx_word' id='word_1_360' title='bbox 2450 4253 2702 4335; x_wconf 91' lang='lat' dir='ltr'>aliquod</span> <span class='ocrx_word' id='word_1_361' title='bbox 2734 4254 2813 4317; x_wconf 88' lang='lat' dir='ltr'>si-</span> 
     </span>
     <span class='ocr_line' id='line_1_40' title="bbox 348 4356 2813 4441; baseline -0 -19"><span class='ocrx_word' id='word_1_362' title='bbox 348 4358 601 4441; x_wconf 87' lang='lat' dir='ltr'>gnificet</span> <span class='ocrx_word' id='word_1_363' title='bbox 644 4357 1027 4423; x_wconf 87' lang='lat' dir='ltr'>contrarium</span> <span class='ocrx_word' id='word_1_364' title='bbox 1074 4356 1226 4434; x_wconf 88' lang='lat' dir='ltr'>eius,</span> <span class='ocrx_word' id='word_1_365' title='bbox 1288 4357 1453 4439; x_wconf 90' lang='lat' dir='ltr'>quod</span> <span class='ocrx_word' id='word_1_366' title='bbox 1523 4357 1586 4421; x_wconf 91' lang='lat' dir='ltr'>in</span> <span class='ocrx_word' id='word_1_367' title='bbox 1657 4377 1727 4423; x_wconf 89' lang='lat' dir='ltr'>eo</span> <span class='ocrx_word' id='word_1_368' title='bbox 1794 4360 1908 4435; x_wconf 89' lang='lat' dir='ltr'>est,</span> <span class='ocrx_word' id='word_1_369' title='bbox 1971 4357 2138 4440; x_wconf 91' lang='lat' dir='ltr'>quod</span> <span class='ocrx_word' id='word_1_370' title='bbox 2193 4357 2439 4440; x_wconf 91' lang='lat' dir='ltr'>proprie</span> <span class='ocrx_word' id='word_1_371' title='bbox 2493 4357 2813 4421; x_wconf 77' lang='lat' dir='ltr'>simulatio</span> 
     </span>
     <span class='ocr_line' id='line_1_41' title="bbox 346 4457 1681 4541; baseline 0.001 -21"><span class='ocrx_word' id='word_1_372' title='bbox 346 4457 574 4524; x_wconf 89' lang='lat' dir='ltr'>dicitur</span> <span class='ocrx_word' id='word_1_373' title='bbox 612 4487 672 4537; x_wconf 86' lang='lat'>»,</span> <span class='ocrx_word' id='word_1_374' title='bbox 715 4460 808 4526; x_wconf 90' lang='lat' dir='ltr'>ait</span> <span class='ocrx_word' id='word_1_375' title='bbox 838 4478 886 4525; x_wconf 92' lang='lat' dir='ltr'>s.</span> <span class='ocrx_word' id='word_1_376' title='bbox 924 4460 1197 4524; x_wconf 87' lang='lat' dir='ltr'>Thomas</span> <span class='ocrx_word' id='word_1_377' title='bbox 1230 4479 1289 4541; x_wconf 94' lang='lat' dir='ltr'>q.</span> <span class='ocrx_word' id='word_1_378' title='bbox 1343 4459 1490 4523; x_wconf 92' lang='grc'><strong>111.</strong></span> <span class='ocrx_word' id='word_1_379' title='bbox 1528 4479 1583 4523; x_wconf 91' lang='lat' dir='ltr'>a.</span> <span class='ocrx_word' id='word_1_380' title='bbox 1624 4461 1681 4523; x_wconf 90' lang='lat'>1.</span> 
     </span>
    </p>

    <p class='ocr_par' dir='ltr' id='par_1_15' title="bbox 438 4561 2815 4646">
     <span class='ocr_line' id='line_1_42' title="bbox 438 4561 2815 4646; baseline 0 -19"><span class='ocrx_word' id='word_1_381' title='bbox 438 4561 754 4641; x_wconf 84' lang='lat' dir='ltr'>Quaedam</span> <span class='ocrx_word' id='word_1_382' title='bbox 787 4566 999 4629; x_wconf 87' lang='lat' dir='ltr'>autem</span> <span class='ocrx_word' id='word_1_383' title='bbox 1030 4563 1351 4627; x_wconf 84' lang='lat' dir='ltr'>simulatio</span> <span class='ocrx_word' id='word_1_384' title='bbox 1377 4564 1473 4626; x_wconf 89' lang='lat' dir='ltr'>est</span> <span class='ocrx_word' id='word_1_385' title='bbox 1501 4562 1865 4646; x_wconf 75' lang='lat' dir='ltr'>hypocrisiS,</span> <span class='ocrx_word' id='word_1_386' title='bbox 1899 4563 2009 4626; x_wconf 90' lang='lat' dir='ltr'>illa</span> <span class='ocrx_word' id='word_1_387' title='bbox 2040 4581 2279 4645; x_wconf 90' lang='lat' dir='ltr'>nempe,</span> <span class='ocrx_word' id='word_1_388' title='bbox 2321 4586 2357 4621; x_wconf 87' lang='lat'>‹&lt;</span> <span class='ocrx_word' id='word_1_389' title='bbox 2405 4580 2530 4645; x_wconf 91' lang='lat' dir='ltr'>qua</span> <span class='ocrx_word' id='word_1_390' title='bbox 2562 4563 2702 4645; x_wconf 87' lang='lat' dir='ltr'>quis</span> <span class='ocrx_word' id='word_1_391' title='bbox 2734 4563 2815 4627; x_wconf 84' lang='lat' dir='ltr'>si-</span> 
     </span>
    </p>
   </div>
  </div>
 </body>
</html>
