3497 5147
731 334 837 388 542
1058 345 1268 387 rarior.
1296 345 1376 387 vr.
1401 344 1564 387 sno-r.
1590 346 1680 386 111.
1705 345 1792 385 mr
1814 345 2036 386 ‘mmm
2060 344 2290 415 namq
2303 345 2631 387 Dmanoer.
2661 346 2800 388 mm.
2827 345 2866 386 1.
3047 329 3193 407 [717]

732 444 1030 520 locorum,
1082 445 1156 507 ut
1199 442 1264 507 in
1319 441 1691 524 quibusdam
1736 443 1912 506 festis
1961 461 2144 526 opera
2198 442 2447 507 servilia
2499 445 2751 526 possent
2810 461 3082 508 exemere
3127 446 3191 508 et

732 546 936 612 solum
974 545 1260 610 audi1ent
1290 544 1568 610 Missam.
1956 626 1962 631 ,

822 649 999 712 Hanc
1031 647 1277 712 veniam
1309 647 1540 712 factam
1573 666 1704 713 esse
1727 648 1935 732 regnis
1960 648 2284 729 utriusque
2318 646 2561 712 Siciliae
2594 666 2631 711 a
2661 647 2995 713 Benedicto
3018 647 3188 714 XIV.

738 752 842 814 22.
874 751 1016 815 Dec.
1058 751 1248 814 1748.
1274 753 1583 815 memorat
1605 769 1654 814 s.
1685 750 1871 833 Alph.
1905 750 2013 814 lib.
2041 751 2102 814 3.
2128 770 2188 814 n.
2225 749 2397 826 268„
2432 752 2505 814 ut
2537 768 2721 832 opera
2753 749 3003 814 servilia
3033 769 3193 814 exer·

737 853 859 916 ceri
896 853 1148 935 possent
1179 852 1241 915 in
1267 851 1461 927 festis,
1500 875 1537 910 ‹
1569 852 1835 934 exceptis
1868 852 2082 916 diebus
2120 851 2442 917 dominicis
2467 851 2778 934 paschatis
2801 851 3193 917 resurrectio·

738 955 855 1027 nis,
889 956 1273 1037 pentecostes
1305 955 1369 1018 et
1400 954 1539 1018 aliis
1571 953 1894 1018 dominicis
1926 973 2032 1036 per
2064 972 2295 1018 annum
2331 972 2442 1017 nec
2471 971 2593 1017 non
2624 952 2841 1017 diebus
2863 951 3192 1018 Circumci-

734 1057 945 1133 sionis‚
981 1056 1381 1139 Epiphaniae,
1413 1056 1825 1132 Ascensionis‚
1852 1053 2142 1138 Corporis
2166 1053 2398 1119 Christi
2429 1057 2494 1118 et
2521 1054 2579 1118 N
2584 1054 2892 1119 ativitatis
2917 1055 3188 1128 Domini,

737 1159 952 1223 diebus
1013 1158 1500 1234 Purificationis,
1556 1158 2088 1234 AnnuntiationiS,
2143 1157 2634 1240 AssumptioniS,
2690 1156 3062 1222 Nativitatis
3128 1161 3190 1223 et

734 1258 1168 1344 Conceptionis
1215 1260 1288 1324 B.
1338 1259 1425 1323 M.
1459 1259 1537 1324 V.
1586 1260 2055 1338 Immaculatae,
2106 1260 2276 1324 Festi
2307 1279 2386 1324 ss.
2420 1260 2866 1343 Apostolorum
2912 1260 3084 1324 Petri
3127 1262 3190 1325 et

739 1364 940 1438 Pauli,
1000 1364 1275 1428 omnium
1323 1363 1692 1427 Sanctorum
1740 1381 1812 1427 ac
1856 1362 2170 1447 praecipui
2214 1381 2746 1445 quorumcumque
2790 1363 3071 1428 locorum
3122 1366 3185 1430 et

743 1465 1090 1531 dioecesum
1137 1465 1384 1549 patroni
1429 1488 1499 1530 »z
1550 1484 1660 1549 pro
1708 1465 1848 1528 aliis
1894 1465 2108 1529 diebus
2155 1465 2329 1530 festis
2381 1467 2706 1548 praecepta
2759 1465 2881 1529 fuit
2940 1467 3190 1531 tantum

741 1570 979 1634 auditio
1034 1568 1224 1633 Sacri.
1281 1568 1560 1652 Idipsum
1614 1587 1725 1652 pro
1774 1568 2146 1649 quibusdam
2200 1567 2374 1632 festis
2426 1567 2742 1631 indultum
2796 1567 2918 1633 fnit
2969 1568 3186 1633 ditioni

740 1672 1046 1748 Etruriae,
1081 1691 1240 1752 quae
1269 1691 1432 1736 nunc
1464 1671 1613 1735 alibi
1644 1671 1793 1734 sunt
1820 1689 2168 1754 suppressa.

826 1774 1190 1839 Doctrinam
1223 1776 1434 1838 autem
1470 1774 1546 1836 A.
1581 1772 1870 1837 brevibus
1915 1772 2321 1857 paragraphis
2360 1772 2819 1854 explicabimus.
2858 1774 3101 1855 Itaque.

1635 1963 1982 2029 Distinotz‘o
2014 1985 2284 2045 operum.

819 2107 972 2180 ΊΙΊ.
1023 2111 1342 2194 Distingui
1390 2111 1590 2173 solent
1640 2109 1706 2172 1⁰
1742 2108 2018 2186 servilia,
2069 2111 2135 2172 2⁰
2170 2107 2478 2183 liberalia,
2530 2107 2600 2171 3⁰
2630 2110 2836 2174 media
2881 2129 2994 2176 seu
3038 2131 3187 2175 com-

726 2234 962 2277 mama.

818 2316 1077 2383 Servilia
1112 2317 1263 2380 bene
1293 2316 1584 2380 describit
1615 2315 1690 2378 A.
1724 2315 1852 2378 Alii
1879 2314 2132 2391 addunt,
2172 2333 2245 2378 ea
2270 2315 2408 2393 dici,
2435 2336 2593 2398 quae
2627 2317 2894 2381 utilitati
2916 2317 3188 2400 corporis

731 2421 1076 2484 inserviunt
1113 2420 1176 2483 et
1222 2418 1494 2501 corporis
1542 2417 1771 2501 potius,
1822 2435 2010 2498 quam
2043 2416 2234 2480 animi
2280 2418 2516 2483 viribus
2549 2423 2921 2484 exercentur.
2963 2417 3186 2484 Suarez
3235 2405 3242 2411 ’

729 2525 803 2589 de
834 2522 1048 2605 Relz'y.
1083 2524 1160 2586 tr.
1197 2523 1256 2586 2.
1292 2521 1398 2586 lib.
1438 2522 1497 2584 2.
1539 2539 1670 2604 cap.
1707 2520 1811 2583 23.
1849 2539 1905 2584 n.
1944 2520 1979 2582 7
1988 2569 2001 2583 .
2053 2538 2207 2603 opus
2240 2521 2460 2586 servile
2493 2521 2660 2600 dicit,
2708 2547 2744 2582 ‹
2783 2522 2949 2606 quod
2981 2539 3189 2607 corpo-

736 2627 864 2691 rale
895 2627 978 2690 sit
1010 2627 1073 2689 et
1105 2625 1263 2688 circa
1310 2623 1638 2688 materiam
1670 2624 1733 2686 et
1766 2623 2049 2687 effectum
2085 2625 2465 2706 corporalem
2498 2627 2779 2690 versetur
2824 2628 2886 2690 et
2933 2644 3058 2691 non
3107 2626 3187 2691 sit

732 2729 910 2811 quasi
943 2728 1345 2792 connaturale
1378 2745 1531 2809 opus
1580 2725 1658 2789 ad
1703 2726 2253 2803 conservationem,
2288 2729 2798 2811 propagationem
2845 2731 2906 2792 et
2943 2732 3187 2815 vegeta·

732 2831 964 2894 tionem
997 2830 1270 2911 corporis
1310 2829 1387 2892 ab
1425 2830 1559 2911 ipsa
1606 2828 1832 2891 natura
1866 2827 2102 2905 datum,
2144 2828 2248 2892 sed
2279 2829 2586 2894 industria
2617 2831 2885 2895 hominis
2924 2831 3024 2895 vel
3057 2832 3186 2896 arte

731 2931 1090 2996 adiunctum
1148 2934 1211 2995 et
1259 2931 1613 2995 ordinatum
1659 2930 2083 3012 principaliter
2129 2930 2205 2994 ad
2252 2930 2603 2995 sensibilem
2650 2950 2759 2996 seu
2804 2934 3186 3015 corporalem

732 3054 915 3098 usum
950 3058 1009 3097 ».
1045 3031 1238 3097 Cuius
1270 3032 1696 3115 descriptionis
1734 3032 2040 3095 rationem
2078 3031 2303 3097 Suarez
2334 3033 2538 3097 reddit
2566 3053 2765 3116 praec.
2800 3054 2932 3118 cap.
2968 3036 3075 3100 20.
3125 3038 3186 3100 et

723 3157 834 3203 nos
882 3144 1211 3222 tangemus
1244 3155 1314 3199 ex
1346 3135 1422 3199 iis
1454 3135 1752 3199 nonnulla
1784 3134 1847 3197 in
1882 3134 2408 3201 Resolutionibus.

814 3240 1142 3316 Liberalia,
1171 3258 1329 3320 quae
1354 3238 1592 3301 viribus
1618 3237 1828 3319 potius
1856 3236 2045 3299 animi
2071 3240 2455 3321 peraguntur
2478 3240 2541 3303 et
2574 3239 2646 3303 ad
2673 3240 2953 3305 animum
2976 3242 3183 3323 potius

731 3342 1127 3407 excolendum
1166 3341 1493 3424 pertinent,
1535 3340 1629 3403 uti
1660 3340 1883 3423 legere,
1933 3339 2165 3418 docere,
2200 3359 2415 3405 canere
2455 3344 2569 3406 etc.
2613 3345 2676 3406 et
2706 3342 2989 3408 liberalia
3019 3343 3181 3407 dicta

725 3447 890 3519 sunt,
926 3445 1073 3526 qnia
1108 3464 1141 3507 a
1175 3442 1385 3506 liberis
1410 3442 1546 3523 (qui
1572 3441 1711 3506 aliis
1742 3460 1960 3524 nempe
1992 3461 2113 3507 non
2151 3441 2569 3519 famulantur;
2606 3444 2728 3508 alio
2763 3463 2946 3509 sensu
2980 3446 3059 3510 ab
3089 3464 3177 3522 eo,

726 3568 848 3632 quo
882 3549 1031 3612 haec
1063 3565 1181 3611 vox
1215 3545 1363 3609 olim
1403 3545 1851 3627 usurpabatur)
1889 3546 2097 3627 potius
2128 3548 2501 3610 exercentur.

811 3652 1034 3727 Media,
1070 3669 1229 3732 quae
1263 3669 1298 3714 a
1334 3648 1546 3713 liberis
1573 3668 1763 3730 aeque
1789 3667 1861 3711 ac
1894 3667 1930 3711 a
1962 3649 2152 3713 servis
2186 3652 2559 3728 exercentur,
2594 3653 2667 3715 ut
2699 3651 2817 3714 iter
2841 3651 3041 3716 facere
3065 3653 3176 3716 etc.

814 3755 1038 3819 Suarez
1080 3771 1261 3835 porro
1294 3752 1400 3815 lib.
1438 3753 1497 3814 2.
1548 3770 1679 3833 cap.
1717 3751 1822 3814 23.
1861 3750 2295 3814 excludendam
2335 3753 2521 3833 putat
2552 3754 2804 3818 tertiam
2841 3755 3002 3820 hanc
3034 3755 3180 3819 clas·

722 3876 869 3931 sem,
906 3854 1131 3935 quippe
1162 3872 1320 3933 quae
1352 3853 1508 3917 nihil
1553 3853 1618 3916 in
1665 3872 1794 3917 rem
1826 3855 2106 3917 nostram
2142 3851 2293 3915 facit
2324 3854 2386 3916 et
2422 3854 2666 3920 invecta
2699 3856 2776 3919 ab
2813 3856 2891 3920 iis
2923 3858 3040 3936 est,
3073 3858 3176 3940 qui

725 3954 1029 4038 quaedam
1069 3972 1251 4035 opera
1286 3954 1574 4018 volebant
1621 3954 1868 4017 servilia
1917 3953 2012 4016 vel
2047 3972 2168 4017 non
2199 3955 2448 4019 servilia
2480 3958 2776 4022 censenda
2808 3977 2957 4035 esse,
2994 3960 3176 4043 prout

718 4059 933 4124 fierent
970 4057 1063 4119 vel
1097 4072 1217 4117 non
1253 4055 1329 4119 oh
1361 4056 1602 4119 lucrum
1636 4074 1743 4117 seu
1790 4053 2191 4137 stipendium:
2242 4077 2432 4138 quam
2478 4060 2847 4126 sententiam
2885 4061 3048 4127 infra
3095 4063 3175 4127 vi-

718 4162 998 4227 debimus
1036 4156 1446 4221 reiiciendam.

798 4262 887 4325 Ex
908 4260 1391 4326 resolutionibus
1410 4259 1667 4342 patebit,
1688 4258 1849 4323 hanc
1865 4260 2322 4326 distinctionem
2340 4263 2593 4344 aliquid,
2613 4264 2923 4331 modicum
2944 4268 3167 4343 tamen,

721 4362 1002 4445 prodesse
1036 4364 1111 4427 ad
1146 4362 1579 4437 definiendum,
1613 4361 1762 4442 quid
1795 4362 1977 4426 liceat
2016 4366 2274 4428 autnon
2319 4365 2522 4428 liceat.
2551 4365 2630 4429 Et
2663 4367 2913 4447 quidem
2951 4369 3014 4433 in
3060 4370 3170 4433 hac

716 4485 778 4529 re
814 4465 1154 4547 plurimum
1179 4465 1399 4530 deferri
1424 4464 1602 4529 debet
1636 4465 2096 4541 consuetudini3
2133 4486 2204 4531 ex
2229 4485 2352 4548 qua
2377 4466 2468 4543 fit,
2503 4470 2575 4531 ut
2607 4469 2920 4548 quaedam
2946 4470 3167 4535 alicubi

717 4569 887 4633 licite
918 4569 1092 4646 fiant,
1133 4589 1293 4652 quae
1333 4568 1482 4633 alibi
1513 4568 1804 4634 scandalo
1843 4588 1964 4634 non
1996 4572 2291 4646 carerent,
2331 4572 2406 4633 ut
2437 4589 2547 4634 suo
2580 4570 2717 4636 loco
2749 4573 3123 4639 notabimus.
