3497 5147
681 342 795 399 700
862 356 1075 398 macr.
1104 356 1185 398 vr.
1212 354 1374 397 εισι.
1402 356 1459 396 v.
1490 355 1573 395 nn
1594 353 1825 402 ans‘ro
1852 353 2071 395 paam.
2093 352 2424 395 nncanom.
2450 352 2584 393 car».
2611 353 2700 393 111.
2726 353 2871 395 nun.
2899 354 2939 394 1.
3001 336 3147 413 [942]

877 449 947 512 8ει
982 448 1072 513 Ut
1102 447 1343 512 iustum
1377 446 1561 512 sociis
1592 446 1898 511 auxilium
1931 446 2261 511 afferatur:
2299 444 2466 528 quod
2497 444 2553 509 si
2589 444 2667 508 ab
2697 445 2984 510 hostibus
3017 446 3166 510 infe-

688 551 938 615 stentur
979 548 1313 625 auxiliarii,
1355 550 1504 613 tnnc
1542 550 1605 613 et
1636 548 1758 631 ipsi
1802 549 1901 613 ius
1947 549 2278 630 acquirunt
2323 547 2554 611 bellum
2602 546 2972 613 adversariis
3015 547 3167 613 infe-

695 654 886 732 rendi,
924 655 996 718 ut
1030 653 1221 718 babes
1245 650 1399 719 Gen.
1438 651 1610 715 XIV.
1659 651 1733 715 de
1772 651 1935 715 bello
1981 650 2322 715 Abrahami
2369 650 2663 715 adversus
2692 668 2891 734 reges,
2923 651 3032 733 qui
3059 652 3164 716 tot

690 758 751 822 in
781 756 1152 822 servitutem
1185 754 1569 819 adduxerant
1599 754 1878 835 aliosque
1900 772 2095 838 reges

867 861 941 924 9·
978 857 1045 923 Si
1077 858 1290 942 populi
1321 856 1585 922 subiecti
1612 856 1740 921 sint
1787 856 2173 931 idololatrae,
2223 857 2389 921 iusta
2436 855 2557 919 erit
2599 874 2789 920 causa
2826 874 2931 920 eos
2961 875 3160 939 perse-

681 961 915 1044 quendi
946 961 1131 1039 bello,
1167 961 1243 1024 ut
1290 959 1368 1023 ad
1414 960 1617 1044 legem
1662 959 2015 1024 naturalem
2061 957 2427 1023 servandam
2465 958 2920 1039 compellantur
2964 962 3154 1042 atque

684 1065 842 1129 adeo
878 1064 955 1129 ad
985 1064 1292 1129 falsorum
1315 1063 1589 1127 Deorum
1623 1061 1865 1127 cultum
1897 1064 1961 1126 et
1992 1061 2336 1144 quamlibet
2365 1060 2733 1146 sacrilegam
2765 1061 3154 1144 impietatem

684 1165 1117 1241 deserendam3
1166 1165 1241 1228 ut
1288 1165 1465 1247 patet
1510 1183 1581 1228 ex
1627 1163 1912 1248 plurimis
1960 1164 2122 1229 Iuris
2169 1162 2463 1228 Canonici
2517 1164 2671 1229 locis
2718 1163 2884 1246 apud
2929 1164 3147 1249 Laym.

682 1267 790 1332 lib.
831 1268 893 1330 3.
928 1267 1007 1330 tr.
1046 1268 1104 1331 1.
1137 1285 1271 1349 cap.
1315 1267 1417 1331 17.
1451 1286 1511 1330 11.
1552 1267 1613 1330 3.

773 1370 1057 1452 Itemque
1072 1370 1168 1435 fas
1188 1371 1285 1434 est
1307 1368 1646 1434 christiano
1671 1368 1933 1452 principi
1956 1387 2233 1453 paganos
2257 1387 2329 1432 ac
2351 1367 2605 1434 iudaeos
2624 1371 2877 1451 propter
2899 1370 3150 1452 peecata

682 1475 898 1538 contra
931 1473 1137 1556 legem
1167 1474 1430 1537 naturae
1462 1474 1526 1538 et
1560 1491 1636 1536 ne
1682 1471 2007 1536 christiani
2039 1470 2264 1536 damna
2298 1471 2377 1536 ab
2422 1472 2548 1535 illis
2587 1472 2929 1554 patiantur,
2968 1473 3152 1538 terris

681 1575 812 1640 suis
844 1575 1166 1658 expellere.

865 1678 979 1740 10⁸
1016 1677 1178 1741 Item
1202 1677 1255 1742 si
1283 1677 1519 1743 subditi
1549 1677 1611 1741 in
1644 1677 1950 1742 haeresim
1984 1677 2081 1741 rel
2098 1676 2528 1742 infidelitatem
2550 1676 2732 1760 lapsi,
2761 1677 2919 1742 alios
2940 1696 3153 1743 secum

682 1779 939 1844 trahant
971 1782 1161 1861 atque
1191 1779 1285 1844 ita
1315 1779 1758 1845 dissensionem
1791 1780 1854 1844 in
1885 1799 2075 1864 regno
2107 1780 2207 1844 vel
2243 1779 2558 1863 provincia
2589 1779 2877 1845 excitent.

864 1882 978 1944 11⁸
1008 1880 1295 1946 Infideles
1326 1901 1492 1960 vero,
1519 1900 1640 1946 non
1666 1881 1970 1958 subditos
1997 1882 2158 1947 bello
2197 1882 2479 1965 persequi
2509 1881 2878 1964 quandoque
2914 1882 3149 1960 licebit,

686 2001 903 2065 nempe
946 1984 1013 2046 1⁰
1053 1983 1107 2047 si
1142 1982 1352 2066 impiis
1399 1983 1530 2048 suis
1573 1983 1802 2049 ritibus
1833 1983 2058 2049 damno
2092 1984 2370 2048 afficiant
2405 1984 2779 2061 innocenteS‚
2813 2004 2872 2048 v,
2911 2004 3007 2069 gr.
3054 2003 3152 2048 ra·

686 2083 927 2166 piendo,
977 2084 1358 2150 immolando
1405 2085 1671 2150 infantes
1719 2088 1783 2150 et
1827 2087 2050 2151 moniti
2099 2106 2134 2150 a
2181 2086 2534 2151 christianis
2581 2087 2784 2152 nolint
2815 2086 3145 2152 desistere:

687 2186 757 2249 2⁰
788 2187 840 2251 si
872 2187 1278 2252 christianam
1308 2187 1492 2253 fidem
1523 2189 1916 2254 contumeliis
1950 2191 2137 2272 atque
2168 2189 2566 2272 blasphemiis
2603 2190 3002 2273 proscindant
3034 2191 3149 2255 aut

683 2289 1056 2357 christianos
1094 2293 1438 2375 pervertere
1484 2295 1816 2358 conentur:
1853 2294 1923 2356 3ο
1955 2293 2006 2357 si
2038 2293 2391 2358 christianis
2438 2293 2985 2376 praedicatoribus,
3034 2293 3144 2375 qui

681 2393 890 2458 divino
924 2413 994 2458 ex
1026 2396 1353 2478 praecepto
1384 2394 1586 2459 lucem
1618 2394 2039 2479 evangelicam
2061 2414 2406 2479 propagare
2437 2396 2677 2473 volunt,
2705 2394 2946 2461 aditum
2970 2396 3146 2460 clan-

678 2497 830 2562 dant
853 2499 915 2562 in
940 2498 1222 2582 regiones
1247 2516 1415 2572 suas,
1442 2497 1539 2560 vel
1563 2497 1830 2562 subditis
1855 2499 1983 2562 suis
2008 2499 2332 2564 concedere
2355 2502 2640 2564 recusent
2660 2499 2918 2565 liberam
2948 2498 3139 2563 facul·

676 2603 874 2666 tatem
902 2600 1190 2666 audiendi
1208 2602 1274 2665 et
1298 2600 1705 2682 amplectendi
1731 2601 2055 2686 evangelii.
2071 2602 2210 2667 Vid.
2238 2622 2286 2669 s.
2314 2604 2535 2668 Thom.
2564 2605 2623 2668 2.
2644 2606 2705 2668 2.
2724 2624 2783 2686 q.
2809 2606 2911 2668 10.
2937 2604 3055 2668 art.
3075 2603 3139 2667 8.

860 2700 973 2766 12·
1024 2702 1206 2778 Item,
1256 2702 1312 2766 si
1356 2721 1460 2766 rex
1506 2703 1606 2768 vel
1651 2703 1884 2769 subditi
1933 2705 2117 2792 unius
2148 2706 2322 2790 regni
2368 2726 2406 2770 a
2443 2726 2589 2772 vera
2620 2706 2739 2771 fide
2770 2706 3140 2784 deficientes,

680 2805 963 2869 subditos
1014 2803 1272 2869 alterius
1319 2804 1492 2889 regni
1540 2805 1612 2870 ad
1663 2806 1920 2871 eandem
1972 2806 2373 2874 defectionem
2421 2810 2772 2892 pertrahere
2820 2811 3137 2888 conentur,

677 2907 912 2970 iustam
944 2925 1196 2971 causam
1223 2907 1410 2972 habet
1433 2928 1535 2973 rex
1561 2909 1799 2973 vicinus
1824 2910 1984 2974 bello
2020 2930 2082 2974 se
2108 2910 2464 2976 defendendi
2489 2914 2552 2978 et
2574 2912 2822 2977 illatam
2844 2912 3138 2978 iniuriam

675 3008 1045 3072 vindicandi.

765 3106 952 3181 942.
993 3110 1052 3176 S.
1089 3111 1310 3176 Thom.
1352 3115 1413 3176 2.
1451 3115 1509 3176 2.
1544 3133 1603 3195 q.
1638 3114 1743 3178 40.
1781 3117 1897 3178 art.
1947 3117 2001 3179 1.
2050 3141 2082 3170 «
2117 3115 2370 3180 tertiam
2407 3117 2824 3183 conditionem
2854 3117 3135 3200 requirit,

673 3216 747 3280 ut
777 3215 1041 3280 intentio
1073 3211 1440 3280 bellantium
1478 3217 1563 3282 sit
1594 3219 1760 3281 recta
1788 3243 1848 3280 ».
1878 3217 2035 3282 Sane
2066 3244 2100 3276 «
2129 3221 2354 3302 potest,
2389 3223 2464 3284 ut
2499 3222 2610 3294 ait,
2650 3221 3028 3306 contingere,
3061 3221 3136 3285 ut

676 3318 762 3382 sit
792 3317 1075 3403 legitima
1124 3319 1467 3384 auctoritas
1513 3320 1839 3386 indicentis
1887 3321 2119 3386 bellum
2166 3322 2230 3385 et
2266 3341 2452 3388 causa
2491 3323 2696 3398 iusta3
2729 3323 3133 3389 nihilominus

677 3424 927 3504 propter
951 3441 1208 3505 pravam
1239 3422 1646 3487 intentionem
1681 3423 1914 3488 bellum
1951 3423 2246 3488 reddatur
2275 3424 2587 3489 illicitum.
2622 3425 2792 3490 Dicit
2822 3426 2986 3491 enim
3006 3424 3132 3491 Au-

670 3525 963 3610 gustinus
1000 3530 1194 3589 contr.
1230 3524 1454 3588 Faust.
1494 3525 1601 3589 lib.
1637 3527 1740 3590 22.
1777 3547 1909 3610 cap.
1949 3528 2088 3590 10.:
2128 3525 2403 3591 Nocendi
2438 3527 2767 3610 cupiditaS,
2800 3528 3130 3594 ulciscendi

670 3627 1025 3705 crudelitaS,
1074 3628 1444 3710 impacatus,
1491 3628 1905 3711 implacabilis
1954 3629 2218 3704 animuS,
2267 3629 2482 3694 feritas
2536 3630 2893 3708 rebellandi,
2941 3631 3130 3697 libido

666 3728 1025 3794 dominandi
1073 3732 1136 3794 et
1182 3731 1235 3795 si
1282 3749 1405 3812 qua
1442 3733 1591 3796 sunt
1636 3732 1886 3807 similia,
1920 3731 2068 3796 haec
2117 3733 2282 3808 sunt,
2324 3751 2483 3814 quae
2519 3732 2584 3797 in
2621 3733 2797 3797 bellis
2829 3733 2962 3797 iure
3009 3734 3132 3798 cul-

668 3833 897 3913 pantur
931 3855 992 3894 ».
1028 3832 1192 3896 Bene
1225 3834 1437 3898 autem
1468 3838 1681 3900 monet
1711 3833 1786 3899 A.
1822 3834 1986 3917 quod
2020 3835 2071 3898 si
2104 3834 2252 3898 haec
2286 3834 2418 3899 sola
2442 3833 2713 3899 conditio
2746 3834 2925 3912 desit,
2961 3837 3132 3902 nulla

669 3932 753 3995 sit
792 3932 1095 4018 obligatio
1129 3935 1452 4018 reparandi
1484 3936 1727 4001 damna.

1641 4111 1819 4176 Unde
1867 4111 2150 4177 resolves.

769 4250 935 4304 XLlll.
984 4251 1023 4302 l.
1064 4248 1117 4302 Si
1156 4248 1264 4317 quis
1301 4249 1485 4303 iustum
1525 4252 1704 4303 bellum
1742 4257 1894 4315 gerat,
1935 4266 2029 4305 non
2069 4257 2231 4319 potest
2269 4255 2387 4307 alter
2426 4253 2554 4307 licite
2594 4268 2648 4308 se
2684 4256 2945 4310 detendere
2959 4270 2976 4324 3
3016 4255 3124 4322 qui·

662 4332 787 4387 circa
814 4336 1017 4387 eandem
1044 4348 1149 4387 rem
1176 4349 1271 4389 non
1300 4342 1504 4400 possunt
1534 4335 1630 4387 duo
1669 4337 1851 4388 habere
1889 4335 2133 4391 contraria
2173 4336 2293 4389 iura.
2321 4337 2445 4391 Fieri
2485 4346 2644 4392 tamen
2671 4345 2849 4404 potest,
2877 4348 2931 4394 ul
2957 4348 3120 4395 neutra

662 4431 777 4483 pars
802 4423 985 4483 peccet,
1016 4420 1079 4469 ob
1107 4417 1433 4481 ignorantiam
1460 4416 1806 4472 invincibilem.
1838 4420 1944 4474 Fill.
1971 4436 2017 4474 n.
2051 4422 2165 4474 ⁴85.

752 4519 928 4595 943.
961 4525 1177 4604 Quoad
1208 4528 1293 4590 10.
1320 4527 1403 4605 Ia,
1432 4526 1539 4609 qui
1566 4526 1731 4593 iusto
1760 4529 1921 4595 bello
1946 4530 2292 4608 lacessitur,
2321 4531 2501 4597 debet
2533 4532 2886 4598 satisfacere
2912 4535 3121 4618 aequis

664 4627 1193 4710 postulationibus
1213 4628 1471 4691 alterius
1492 4632 1686 4712 partis
1713 4635 1774 4695 et
1794 4633 2019 4696 iniuste
2038 4633 2280 4716 repellit
2305 4636 2451 4712 vim,
2479 4655 2636 4717 quae
2661 4635 2822 4700 iuste
2839 4636 3116 4702 infertur.
