3497 5147
321 341 431 430 [67]
539 369 623 409 An
659 367 1018 416 Anrouanno
1057 368 1278 410 121anoe
1316 367 1620 409 narramus
1658 368 1855 408 mmm
1893 369 2106 409 vunan
2144 369 2396 412 umnam
2432 369 2562 410 mc.
2707 354 2780 411 43

323 486 372 532 s.
405 467 668 531 Doctor:
711 490 747 525 ‹
779 466 844 529 et
873 462 1057 530 Croix
1088 466 1399 530 consentit
1429 485 1571 530 cnm
1618 463 1776 530 Gob.
1811 466 1879 529 et
1914 465 2152 543 Tamb.,
2204 465 2256 530 si
2303 486 2410 550 per
2447 468 2563 532 hoc
2608 468 2785 533 nullo

321 568 506 635 modo
552 568 930 652 approbetur
977 566 1138 632 ritus
1184 568 1637 633 haereticorum
1684 568 2036 633 contrarius
2083 567 2226 634 fidei
2285 594 2347 633 ».
2398 568 2555 634 Sane
2602 567 2786 636 Croix

322 672 427 736 lib.
463 671 524 734 6.
560 690 618 734 n.
655 669 806 733 370.
832 669 924 734 ita
955 669 1265 751 loquitur:
1305 694 1342 729 ⁴<
1374 669 1712 746 Navarrus‚
1746 669 1931 749 Azor,
1969 670 2221 737 Lessius
2252 673 2484 757 negant
2509 691 2787 758 unquam

321 774 537 850 licere3
586 774 726 835 tum
772 771 919 852 quia
950 771 1189 836 multae
1227 771 1747 856 interrogationes
1797 773 2081 838 dissonae
2127 792 2164 837 a
2211 774 2518 838 catholica
2556 774 2675 839 fide
2706 775 2784 839 ab

320 875 472 959 ipsis
503 873 855 959 exiguntur,
889 874 1027 937 tum
1075 873 1265 937 etiam
1313 875 1461 955 quia
1507 877 1602 938 est
1648 875 1844 940 tacita
1875 875 2241 959 approbatio
2274 876 2435 942 ritus
2483 877 2783 959 ipsorum.

322 981 545 1061 Itaque
600 977 848 1041 videtur
901 977 1435 1061 distinguendum:
1500 998 1646 1041 nam
1708 978 1762 1043 si
1817 998 2030 1045 revera
2091 980 2243 1044 haec
2288 979 2624 1065 exiguntur
2669 983 2783 1046 aut

325 1080 697 1165 prudentum
757 1079 984 1144 iudicio
1034 1078 1320 1143 videatur
1367 1080 1697 1163 approbari
1757 1080 1919 1146 ritus
1981 1082 2384 1160 acatholicus,
2434 1086 2610 1167 patet
2663 1101 2785 1147 non

322 1185 536 1258 licere;
586 1202 728 1247 cum
776 1183 926 1247 haec
973 1182 1099 1246 sint
1146 1182 1474 1247 intrinsece
1510 1183 1707 1246 mala:
1758 1183 1813 1247 si
1859 1185 2073 1249 autem
2119 1185 2270 1250 haec
2318 1186 2544 1263 absint,
2585 1188 2659 1252 ut
2697 1205 2790 1251 or-

324 1286 557 1351 dinarie
603 1284 893 1349 videntur
939 1285 1150 1349 abesse
1196 1283 1269 1375 in
1308 1284 1663 1363 Germania,
1713 1284 2040 1351 dicendum
2086 1288 2183 1352 est
2219 1288 2400 1353 licere
2426 1313 2487 1351 ».

415 1387 650 1453 Verum
695 1387 821 1451 iam
870 1386 947 1450 ab
993 1387 1129 1469 ipsa
1174 1406 1223 1451 e.
1258 1388 1669 1469 Inquisitione
1715 1387 1779 1452 id
1826 1389 2092 1453 vetitum
2141 1390 2393 1455 tandem
2439 1391 2588 1468 fuit3
2640 1392 2788 1473 quia

325 1491 607 1575 patrinus
653 1490 716 1554 in
748 1490 1056 1573 responsis
1095 1490 1414 1555 reddendis
1464 1490 1591 1554 vice
1630 1490 2008 1574 baptizandi,
2058 1492 2362 1573 quaedam
2394 1493 2656 1558 debebat
2700 1514 2789 1558 re-

326 1593 619 1677 spondere
667 1595 779 1657 aut
833 1592 1215 1675 promittere,
1266 1611 1424 1674 quae
1474 1592 1551 1656 ab
1599 1593 1911 1657 Ecclesiae
1955 1593 2299 1658 catholicae
2344 1613 2562 1658 norma
2610 1597 2789 1660 erant

327 1696 547 1760 aliena.
575 1697 675 1760 lta
698 1695 760 1758 in
786 1694 1028 1759 decreto
1068 1695 1350 1777 superius
1390 1695 1582 1759 allato
1617 1714 1688 1759 ex
1734 1693 1929 1780 Cong.
1957 1714 2006 1759 S.
2042 1695 2216 1759 Offic.
2262 1697 2363 1759 10.
2403 1696 2557 1759 maii
2592 1697 2781 1760 1770.

329 1798 635 1874 subditur,
669 1796 1142 1862 Sanctissimum
1174 1795 1513 1862 decrevisse
1551 1821 1587 1856 «
1619 1797 1906 1862 absolute
1929 1798 2143 1862 autem
2169 1817 2290 1862 non
2321 1798 2503 1863 licere
2541 1817 2650 1862 nec
2682 1817 2790 1881 per

332 1919 399 1965 se
443 1919 553 1965 nec
596 1919 702 1982 per
747 1899 900 1963 alios
947 1899 1124 1983 fungi
1174 1898 1377 1963 officio
1424 1899 1656 1981 patrini
1701 1899 1766 1963 in
1799 1899 2145 1982 baptismiS,
2196 1899 2304 1981 qui
2335 1900 2788 1965 haereticorum

328 2002 477 2067 filiis
509 2002 589 2066 ab
618 2002 937 2067 haereticis
975 2001 1414 2066 ministrantur
1451 2026 1511 2065 ».

416 2105 580 2169 Item
610 2123 659 2168 s.
694 2101 762 2168 C.
795 2103 870 2168 de
900 2103 968 2167 P.
1010 2103 1079 2166 F.
1109 2103 1169 2166 8.
1196 2104 1351 2186 sept.
1394 2104 1583 2168 1869.
1630 2128 1666 2162 «
1697 2102 1918 2183 Quoad
1954 2105 2218 2170 abusum
2253 2104 2619 2170 admittendi
2649 2106 2789 2170 hae-

322 2206 548 2272 reticos
582 2208 655 2270 ut
686 2206 965 2289 patrinos
1011 2206 1074 2271 in
1123 2207 1508 2289 sacramento
1557 2206 1873 2289 baptismi,
1905 2207 2090 2272 iussit
2119 2206 2185 2272 in
2222 2208 2587 2272 memoriam
2617 2228 2789 2274 revo-

321 2310 448 2374 cari
497 2308 784 2374 omnibus
831 2307 1097 2374 Vicariis
1142 2309 1363 2392 Apost.
1414 2308 1734 2373 decretum
1781 2327 1862 2374 ss.
1911 2306 2095 2375 Conc.
2144 2310 2318 2374 Trid.
2358 2329 2506 2375 sess
2559 2310 2663 2375 24.
2712 2309 2788 2375 de

320 2410 602 2491 Reform
636 2437 700 2476 ».
751 2412 851 2477 Ita
898 2411 1161 2477 refertur
1206 2412 1271 2476 in
1329 2410 1804 2476 CollectavaeiS...
1852 2410 1943 2475 ad
1984 2432 2225 2476 usum...
2266 2411 2596 2477 Societatis
2625 2413 2790 2478 Mis-

324 2516 573 2581 sionum
601 2515 719 2581 sub
749 2535 811 2580 n.
847 2515 997 2580 269.

413 2619 496 2683 Et
527 2620 634 2683 22.
675 2619 831 2701 sept.
876 2618 1065 2681 1642.
1099 2618 1486 2701 interrogata
1517 2616 1731 2682 eadem
1756 2636 1804 2681 s.
1832 2614 1901 2682 O.
1933 2642 1968 2675 «
1991 2636 2073 2681 an
2104 2617 2394 2682 haeretici
2428 2617 2632 2684 levare
2656 2638 2791 2702 pos-

328 2721 458 2785 sint
500 2720 579 2784 ad
623 2719 1007 2802 baptismum
1052 2718 1215 2784 filios
1262 2718 1540 2783 fidelium
1572 2721 1635 2784 et
1682 2738 1714 2783 e
1760 2720 2024 2785 contra?
2054 2743 2091 2778 »
2127 2720 2489 2803 respondet:
2545 2746 2579 2780 «
2610 2721 2789 2787 Alias

327 2823 587 2889 dubium
623 2821 813 2887 fuisse
850 2822 1197 2887 resolutum
1235 2821 1525 2906 negative
1557 2845 1617 2884 ».
1653 2821 1813 2885 Ibid.
1846 2842 1906 2885 n.
1948 2821 2097 2886 267.

415 2921 535 2994 66.
570 2924 744 2989 Licet
775 2944 850 2989 ne
882 2923 1224 3002 catholiciS,
1259 2924 1484 3005 quibus
1517 2922 1742 2988 desunt
1777 2925 2119 2989 necessaria
2151 2925 2230 2989 ad
2262 2925 2453 3008 prolis
2486 2927 2791 2990 sustenta-

324 3030 583 3105 tionem,
615 3027 842 3092 liberos
879 3045 1025 3091 suos
1056 3046 1200 3091 cum
1232 3026 1499 3092 dominis
1535 3026 1862 3091 haereticis
1893 3028 2213 3104 collocare,
2255 3047 2294 3092 a
2323 3028 2550 3110 quibus
2583 3029 2790 3093 timeri

324 3131 527 3215 possit
563 3148 668 3194 eos
701 3129 779 3193 ad
815 3129 1119 3193 haeresim
1149 3129 1590 3212 pertrahendos
1609 3133 1639 3192 ⁴?

419 3258 457 3292 «
488 3231 872 3315 Respondeo‚
893 3231 985 3295 ait
1016 3231 1194 3316 Lugo
1219 3252 1279 3296 n.
1313 3231 1483 3307 166..
1510 3231 1912 3297 durissimum
1937 3231 2150 3310 videri,
2183 3231 2345 3300 filios
2370 3253 2407 3298 a
2431 3234 2791 3317 parentibus

320 3336 385 3400 in
432 3353 507 3400 eo
557 3333 830 3416 periculo
878 3334 1198 3398 constitui.
1250 3333 1471 3398 Posset
1514 3333 1578 3397 id
1625 3334 1961 3416 aliquando
2009 3335 2307 3417 permitti,
2358 3336 2411 3400 si
2458 3338 2793 3402 necessitas

322 3438 490 3504 esset
512 3435 908 3522 gravissima,
947 3436 1096 3501 licet
1125 3454 1247 3501 non
1278 3438 1553 3501 extrema
1584 3439 1649 3503 et
1680 3436 1846 3502 filius
1879 3438 2041 3502 esset
2064 3439 2254 3521 pubes
2291 3441 2357 3503 et
2393 3439 2466 3503 de
2497 3459 2621 3521 quo
2654 3458 2791 3523 pro-

323 3540 618 3605 babiliter
649 3539 932 3622 speratur
962 3540 1500 3622 perseveraturum
1537 3540 1601 3603 in
1633 3539 1771 3613 fide,
1812 3539 1912 3606 vel
1941 3540 1996 3605 si
2033 3540 2181 3604 talis
2212 3543 2465 3606 maneat
2510 3560 2791 3605 commu-

323 3643 557 3708 nicatio
596 3660 742 3707 cum
771 3642 1151 3725 parentibus,
1186 3644 1261 3706 ut
1290 3642 1470 3723 quasi
1518 3642 1632 3706 sub
1680 3660 1895 3706 eorum
1934 3662 2084 3707 cura
2113 3660 2364 3706 manere
2397 3642 2682 3706 videatur
2728 3644 2795 3706 et

329 3745 600 3827 paternis
648 3743 921 3809 consiliis
968 3744 1155 3827 dirigi
1200 3745 1263 3808 et
1307 3744 1511 3808 iuvari
1558 3761 1756 3825 posse.
1805 3743 2102 3825 Alioquin
2150 3744 2354 3809 filium
2407 3745 2790 3829 impuberem

332 3847 575 3930 (quidni
611 3849 676 3912 et
704 3847 1007 3911 minorem
1024 3847 1082 3930 P)
1105 3847 1429 3911 haereticis
1462 3846 1606 3910 dare
1630 3846 1781 3928 quid
1805 3846 1976 3911 aliud
2001 3847 2112 3923 est,
2141 3865 2330 3930 quam
2364 3867 2598 3933 agnum
2629 3849 2796 3932 lupis

329 3949 719 4017 committere
752 3950 851 4014 vel
882 3948 1045 4013 filios
1077 3948 1154 4012 ad
1192 3948 1423 4013 Turcas
1463 3948 1821 4014 nutriendos
1847 3949 2317 4015 transmittere?
2348 3975 2385 4010 »
2418 3948 2510 4015 Of.
2538 3951 2796 4016 dicenda

331 4056 409 4119 tr.
446 4054 506 4117 6.
543 4055 694 4118 sect.
731 4054 793 4116 4.
829 4053 944 4117 sub
985 4051 1042 4135 ξ.
1083 4052 1186 4114 12.

420 4150 540 4224 67.
590 4156 688 4218 An
749 4154 936 4219 liceat
995 4152 1230 4235 templa
1290 4151 1742 4217 haereticorum
1798 4152 2011 4218 adire?
2071 4153 2289 4218 Monet
2350 4154 2550 4236 primo
2612 4154 2795 4238 Lugo

333 4279 389 4323 n.
429 4259 641 4322 171.-1
654 4258 688 4323 7
694 4258 756 4321 3.
784 4257 949 4340 quod
972 4257 1287 4340 ingressus
1317 4254 1438 4320 iste
1462 4257 1558 4318 est
1581 4275 1687 4337 per
1710 4274 1775 4321 se
1800 4258 1865 4320 et
1894 4255 1958 4320 in
1981 4274 2202 4340 genere
2224 4255 2531 4337 loquendo
2557 4256 2794 4339 aliquid

334 4360 681 4426 indifferens
712 4362 776 4425 et
806 4361 1013 4442 potest
1041 4359 1106 4422 in
1140 4357 1359 4422 multis
1390 4358 1633 4426 casibus
1664 4357 1876 4423 licitus
1914 4377 2064 4435 esse,
2089 4377 2307 4441 nempe
2344 4359 2588 4439 quoties
2621 4359 2798 4423 nullo

333 4463 516 4529 modo
547 4464 807 4547 generat
830 4460 1190 4526 scandalum
1223 4461 1336 4524 aut
1358 4459 1546 4525 infert
1574 4460 1873 4524 damnum
1904 4479 2083 4524 verae
2114 4460 2260 4525 fidei
2289 4480 2398 4524 nec
2430 4461 2611 4524 affert
2642 4458 2797 4542 peri-

333 4566 543 4630 culum
574 4563 982 4647 perversionis
1013 4581 1124 4627 nec
1154 4562 1415 4645 denique
1446 4561 1760 4647 significat
1791 4561 2072 4644 explicite
2107 4563 2206 4627 vel
2238 4562 2537 4645 implicite
2571 4562 2791 4626 adhae-
