3497 5147
360 407 468 483 [17]
941 419 1232 469 Quouono
1268 417 1533 461 6011111οΔ
1570 418 1738 466 Qum
1775 417 1962 460 cunm
1996 419 2246 461 mrmm‘r
2749 408 2820 461 13

359 519 637 584 vocalem
668 518 982 603 privatam
1012 516 1185 581 nullo
1233 516 1559 599 praecepto
1607 518 1720 580 aut
1765 516 2040 581 naturali
2074 518 2187 583 aut
2216 517 2427 583 divino
2475 522 2587 583 aut
2635 520 2820 584 eccle·

360 620 612 686 siastico
650 620 887 704 imponi
924 618 1209 684 omnibus
1240 617 1543 689 fidelibus.

447 721 882 790 Descendendo
945 722 1156 789 autem
1202 720 1281 787 ad
1325 721 1671 786 orationem
1728 720 2129 801 dominicam·
2173 723 2337 788 idem
2384 721 2609 788 Suarez
2655 725 2821 789 recte

359 827 541 892 notat
585 824 734 891 ibid.
784 844 843 889 n.
880 826 941 889 9.
982 848 1019 883 «
1048 823 1123 888 de
1160 824 1359 889 vocali
1390 824 1754 890 recitatione
1800 825 1947 891 talis
1995 826 2361 892 orationis...
2409 826 2655 891 nullum
2687 844 2819 890 esse

358 927 741 1012 proprium...
790 924 1275 993 ecclesiasticum
1319 927 1716 1010 praeceptum
1753 952 1813 992 ».

448 1031 539 1095 De
585 1029 802 1095 eadem
847 1029 1059 1094 autem
1102 1028 1461 1094 memoriter
1507 1028 1891 1111 addiscenda,
1947 1054 1982 1089 ‹<
2018 1029 2283 1109 facilius,
2331 1032 2539 1114 inquit
2583 1029 2812 1096 Suarez

357 1152 419 1197 n.
468 1133 550 1211 8.,
598 1133 810 1216 posset
855 1130 1106 1196 admitti
1153 1131 1483 1215 obligatio:
1523 1132 1732 1197 tamen
1779 1134 2192 1199 communiter
2237 1134 2523 1201 doctores
2570 1134 2805 1211 dicunt,

356 1234 515 1299 hanc
581 1233 959 1300 sufficienter
1014 1233 1260 1317 impleri
1321 1233 1564 1299 sciendo
1613 1235 2034 1302 substantiam
2094 1254 2204 1301 seu
2264 1236 2593 1302 materiam
2638 1236 2812 1301 illius

363 1336 661 1403 orationis
693 1360 756 1401 ».

446 1439 657 1519 Addit,
691 1436 967 1505 Concilia
998 1439 1458 1522 (particularia)
1490 1439 1640 1503 dum
1671 1440 2058 1523 praecipiunt
2088 1441 2248 1506 hanc
2278 1441 2531 1519 addisci,
2573 1467 2606 1500 «
2632 1441 2819 1525 expli-

362 1562 529 1609 casse
560 1542 1024 1629 obligationem,
1050 1561 1241 1627 quam
1269 1543 1591 1607 moraliter
1611 1543 1918 1626 loquendo
1949 1543 2271 1609 christiani
2302 1544 2525 1609 habere
2557 1545 2820 1626 possunt

360 1664 431 1711 eo
460 1645 596 1728 ipso
627 1644 795 1727 quod
826 1644 1148 1711 christiani
1180 1646 1346 1723 sunt,
1381 1664 1540 1727 quae
1572 1644 1935 1733 (obligatio)
1966 1664 2090 1711 non
2121 1648 2257 1712 tam
2288 1646 2566 1711 nascitur
2597 1665 2669 1710 ex
2706 1664 2819 1728 po·

361 1746 546 1813 sitivo
578 1749 903 1831 praecepto
936 1746 1488 1829 Ecclesiae,.quam
1533 1767 1604 1812 ex
1650 1748 1785 1830 ipso
1832 1749 1965 1812 iure
2010 1749 2291 1827 naturae,
2332 1748 2654 1832 supposito
2704 1747 2820 1813 tali

363 1851 556 1915 statu.
589 1848 748 1915 Cum
777 1850 941 1915 enim
977 1849 1187 1914 fideles
1221 1868 1394 1915 orare
1428 1852 1819 1915 teneantur...
1854 1855 2296 1934 consequenter
2325 1870 2566 1918 necesse
2599 1852 2711 1928 est,
2748 1853 2823 1916 ut

368 1952 569 2018 sciant
602 1954 668 2018 et
708 1952 1081 2040 intelligant,
1114 1952 1263 2038 quid
1300 1952 1541 2038 possint
1587 1972 1658 2018 ac
1703 1952 1967 2019 debeant
2014 1972 2188 2020 orare
2234 1956 2298 2021 et
2343 1974 2485 2020 cum
2533 1954 2733 2020 oratio
2783 1973 2821 2017 a

358 2055 659 2139 principio
693 2073 840 2119 usus
870 2055 1132 2120 rationis
1170 2055 1369 2139 possit
1400 2074 1531 2120 esse
1568 2056 1929 2134 necessaria,
1971 2058 2220 2140 oportet
2264 2058 2455 2122 etiam
2491 2058 2565 2120 ut
2600 2076 2635 2121 a
2667 2075 2819 2139 pue-

357 2158 507 2224 ritia
543 2158 801 2236 discant,
836 2157 983 2240 quid
1032 2176 1205 2225 orare
1252 2158 1531 2224 debeant.
1564 2157 1708 2225 Non
1746 2162 2006 2244 possunt
2052 2161 2263 2227 autem
2309 2160 2557 2227 brevius
2606 2177 2816 2223 omnes

358 2262 472 2331 aut
499 2262 705 2345 magis
729 2262 1190 2327 accommodate
1221 2262 1283 2325 id
1315 2261 1564 2339 discere,
1591 2281 1783 2344 quam
1813 2282 1920 2346 per
1958 2264 2301 2330 orationem
2347 2262 2723 2329 dominicam
2754 2262 2821 2325 et

355 2365 491 2430 ideo
521 2363 848 2429 moraliter
876 2364 1182 2446 loquendo
1221 2367 1285 2429 et
1315 2367 1598 2446 parentes
1647 2365 1711 2429 et
1757 2366 2035 2448 pastores
2070 2368 2361 2430 tenentur
2406 2365 2556 2430 haec
2600 2364 2820 2429 docere

354 2468 516 2532 fflios
562 2468 663 2532 vel
712 2485 858 2531 oves
902 2486 1113 2531 suas...
1163 2468 1226 2531 et
1271 2465 1480 2530 fideles
1524 2468 1645 2550 ipsi
1691 2469 1981 2532 tenentur
2026 2466 2240 2547 aliquo
2271 2466 2447 2529 modo
2492 2468 2651 2530 hanc
2687 2485 2818 2531 ora-

357 2571 590 2636 tionem
621 2570 872 2646 discere,
906 2570 1129 2635 saltem
1161 2572 1465 2654 quantum
1503 2590 1745 2636 necesse
1779 2572 1873 2635 est
1911 2570 1987 2635 ad
2025 2569 2455 2635 convenienter
2493 2569 2815 2646 orandum,

357 2674 642 2756 quamvis
671 2673 737 2738 in
766 2673 976 2758 rigore
1006 2675 1317 2758 praecepti
1360 2693 1483 2738 non
1521 2675 1851 2738 teneantur
1886 2673 2073 2738 verba
2106 2674 2170 2737 et
2200 2673 2420 2737 seriem
2466 2671 2637 2736 illius
2687 2690 2819 2736 ora-

361 2776 551 2841 tionis
593 2776 894 2841 memoria
941 2776 1205 2841 retinere
1238 2801 1298 2838 ».

449 2877 533 2943 Et
561 2878 636 2943 de
665 2879 1045 2943 salutatione
1092 2878 1369 2964 angelica
1415 2877 1577 2941 idem
1610 2876 1857 2956 SuareZ,
1891 2878 2036 2942 ibid.
2072 2900 2132 2942 n.
2172 2880 2313 2943 10.:
2353 2902 2389 2937 ‹
2420 2878 2596 2943 Unde
2635 2897 2669 2942 a
2701 2876 2822 2942 for—

356 2981 505 3047 tiori
535 2983 803 3061 constat,
829 2981 980 3064 quid
1003 2981 1077 3045 de
1103 2980 1383 3046 oratione
1416 2981 1491 3044 ad
1515 2979 1840 3065 Virginem
1872 3000 1978 3063 per
2001 2980 2445 3045 salutationem
2475 2980 2821 3064 angelicam

354 3085 452 3148 vel
482 3103 590 3168 per
622 3084 1030 3168 antiphonam
1063 3081 1247 3147 Salve
1283 3082 1538 3164 Reyina
1569 3083 1893 3148 dicendum
1940 3083 2042 3148 sit.
2090 3082 2410 3147 Navarrus
2451 3081 2614 3147 enim
2652 3081 2816 3146 idem

356 3187 515 3268 (scil.
551 3186 999 3271 obligationem
1046 3185 1256 3250 adesse
1301 3186 1558 3270 sciendi)
1591 3187 1813 3262 sentit;
1848 3184 1954 3249 sed
1990 3185 2234 3249 nuDum
2272 3184 2535 3270 speciale
2568 3183 2821 3249 adducit

354 3288 830 3353 fundamentum
866 3308 1062 3372 neque
1096 3289 1342 3371 oportet
1375 3289 1786 3374 obligationes
1818 3287 2102 3352 inducere
2140 3307 2263 3354 non
2298 3289 2452 3353 satis
2499 3287 2811 3352 fundatas.

355 3391 471 3456 Est
500 3410 648 3476 ergo
680 3392 1124 3457 consulendum
1162 3393 1465 3468 omnibuS,
1501 3394 1575 3455 ut
1605 3392 1718 3455 has
1753 3391 2062 3455 orationes
2087 3389 2328 3455 discant
2358 3391 2420 3454 et
2452 3390 2698 3473 saepius
2731 3409 2821 3454 re-

354 3497 581 3573 citent;
622 3514 744 3561 non
776 3514 923 3561 vero
953 3499 1049 3562 est
1078 3498 1314 3581 peccati
1346 3495 1672 3578 scrupulus
1702 3493 2066 3559 iniiciendus
2098 3513 2205 3577 per
2227 3494 2427 3558 solam
2459 3490 2816 3558 huiusmodi

355 3599 771 3665 omissionem.
808 3598 872 3664 Si
909 3600 1049 3682 quis
1082 3602 1292 3664 autem
1340 3599 1424 3663 sit
1471 3597 1621 3663 adeo
1672 3598 1991 3683 negligens
2040 3597 2281 3660 animae
2329 3614 2496 3671 suae,
2547 3596 2622 3658 ut
2667 3594 2820 3658 haec

352 3702 706 3767 rudimenta
737 3702 1111 3767 christianae
1143 3702 1309 3767 vitae
1356 3703 1601 3786 ignoret
1638 3701 1736 3764 vel
1769 3718 2086 3780 nunquam
2123 3697 2361 3774 recitet,
2397 3715 2699 3781 magnum
2731 3696 2820 3759 in-

359 3799 587 3869 dicium
618 3806 732 3885 est,
770 3805 978 3890 ipsum
1009 3823 1132 3870 non
1164 3807 1327 3870 recte
1365 3804 1589 3880 vivere,
1627 3803 1874 3866 etiamsi
1922 3800 2171 3866 omissio
2219 3799 2331 3864 illa
2379 3799 2641 3883 speciale
2689 3819 2821 3884 pec-

360 3912 577 3978 catum
606 3932 724 3978 non
754 3914 858 3979 sit.
895 3911 1081 3978 Secus
1126 3932 1272 3977 vero
1321 3913 1501 3989 esset,
1537 3912 1590 3975 si
1623 3910 1760 3992 quis
1809 3908 1948 3972 aliis
1997 3908 2380 3973 orationibus
2414 3906 2816 3984 assuefactus,

358 4017 475 4081 has
507 4035 627 4081 non
658 4017 917 4094 diceret3
951 4035 1098 4080 nam
1127 4016 1193 4080 in
1230 4016 1338 4080 illo
1372 4015 1519 4080 talis
1559 4013 1810 4078 omissio
1861 4031 1968 4076 nec
2016 4014 2176 4076 esset
2221 4013 2542 4094 peccatum
2591 4028 2698 4073 nec
2747 4009 2822 4073 si-

357 4139 553 4206 gnum
590 4121 967 4206 perniciosae
997 4119 1412 4205 negligentiae
1450 4118 1546 4182 vel
1582 4116 1910 4182 oblivionis
1942 4115 2168 4180 salutis
2200 4133 2348 4179 suae
2384 4139 2445 4178 ».

473 4283 555 4333 Vl.
576 4281 627 4333 3.
645 4276 900 4332 nonlicet
923 4278 1236 4336 nihilominus
1259 4275 1587 4331 necessarium
1610 4283 1701 4342 est,
1723 4282 1777 4329 ut
1800 4274 2025 4329 rudiores
2049 4272 2285 4327 memoria
2312 4279 2508 4326 teneant
2530 4274 2820 4337 Symbolum

357 4378 448 4418 sua
486 4363 676 4430 lingum
701 4361 813 4429 quia
852 4362 1068 4430 alioquin
1108 4378 1207 4416 non
1234 4369 1439 4430 possunt
1479 4364 1661 4416 habere
1696 4359 2016 4414 sufficientem
2050 4356 2382 4422 cognitionem
2421 4355 2750 4410 articulorum.

451 4498 550 4574 17.
586 4503 778 4571 Ratio
808 4505 873 4570 in
906 4505 1226 4588 promptim
1262 4502 1409 4585 quia
1440 4521 1616 4568 nosse
1649 4501 1871 4566 debent
1901 4498 2226 4566 credenda.
