3497 5147
305 340 435 416 [585]
581 355 747 402 QUAE:
785 357 864 396 m·
900 355 1147 403 QUANTA
1185 355 1278 395 srr
1315 353 1649 395 onmem-rio
1687 353 2036 395 lunam-mn
2075 352 2461 394 Paomssouu
2641 340 2749 393 449

402 451 503 503 XL.
531 453 580 502 8.
606 450 807 503 Teneris
842 449 1065 516 implere,
1093 464 1180 503 nec
1220 456 1360 516 potes
1385 457 1684 502 commutare
1710 448 1762 501 in
1797 448 1930 502 aliud
1959 463 2085 514 opus
2112 448 2302 512 melius,
2333 456 2385 501 ut
2413 448 2551 502 verbi
2582 447 2750 513 gratia,

309 534 592 600 religionem,
619 535 662 589 si
687 535 867 601 aliquid
908 536 1077 589 iurasti
1102 535 1150 588 in
1190 534 1447 589 utilitatem
1476 541 1556 587 aut
1593 534 1799 598 gratiam
1840 534 2045 588 alicuius
2072 534 2282 588 bominis
2320 540 2404 588 aut
2440 534 2712 600 aliquorum
2733 548 2751 600 ;

306 622 554 673 dummodo
593 619 658 672 sit
687 623 946 674 honestum
972 626 1021 673 et
1048 619 1151 672 sine
1178 627 1377 685 peccato
1402 619 1595 685 impleri
1625 619 1797 685 possit.
1833 622 1987 686 Unde,
2016 619 2159 673 verbi
2198 620 2370 685 gratia,
2397 623 2635 685 111οω11113,
2667 618 2752 683 qui

307 703 473 757 iuravit
509 718 563 758 se
588 703 889 758 serviturum
930 703 1158 770 principi,
1186 710 1268 757 aut
1306 702 1420 756 hnic
1449 706 1525 756 vel
1567 703 1647 756 isti
1679 703 1923 757 Ecclesiae
1962 710 2054 757 etc.
2083 719 2178 756 non
2219 711 2381 771 potest
2417 703 2602 768 ingredi
2638 703 2751 756 reli-

305 788 482 853 gionem
510 788 613 842 sine
639 789 957 843 relaxatione.
974 789 1158 856 Excipe
1184 796 1359 852 tamen,
1383 787 1425 841 si
1448 787 1665 841 iurasses
1690 787 1850 841 Titiae
1876 803 1981 841 eam
2002 790 2206 842 ducere:
2229 803 2340 841 nam
2368 803 2427 842 eo
2453 803 2567 841 casu
2595 795 2753 855 potes,

307 887 355 926 ea
392 873 575 941 relicta,
603 873 793 938 ingredi
820 872 1127 941 religionem3
1154 872 1265 938 quia
1305 871 1624 925 iuramentum
1666 871 1872 925 sortitur
1917 878 2138 925 naturam
2177 879 2330 934 actus,
2360 870 2439 925 cui
2465 871 2752 939 apponitur:

306 956 607 1024 promissioni
630 964 791 1011 antem
818 957 1112 1011 matrimonii
1138 962 1258 1011 baec
1284 956 1427 1010 tacita
1453 957 1669 1010 conditio
1707 956 1849 1019 inest,
1878 955 1972 1010 nisi
2007 955 2254 1020 ingrediar
2291 955 2591 1021 religionem.
2622 955 2750 1008 Vide

305 1043 461 1106 Laym.
488 1057 532 1096 c.
560 1044 610 1096 6.
636 1044 757 1096 Bon.
784 1046 832 1095 d.
865 1043 912 1096 4.
945 1059 994 1109 q.
1028 1045 1073 1095 t.
1100 1058 1146 1109 p.
1173 1044 1222 1096 3.

390 1159 564 1234 584.
597 1164 754 1228 Ηο10
812 1166 1108 1248 promunt
1160 1165 1296 1228 DD.
1347 1164 1634 1228 effatum:
1676 1164 2099 1227 iuramentum
2145 1162 2208 1226 in
2256 1162 2532 1227 favorem
2580 1161 2754 1226 tertii

306 1285 536 1349 semper
567 1286 696 1331 esse
728 1265 1118 1343 servandum,
1152 1267 1206 1330 si
1241 1267 1484 1349 impleri
1522 1266 1720 1349 possit
1758 1266 1887 1329 sine
1924 1267 2196 1348 peccato,
2230 1265 2478 1330 etiamsi
2500 1264 2586 1328 sit
2617 1282 2757 1328 0011-

305 1370 395 1434 tra
430 1369 691 1434 consilia
717 1369 1091 1453 evangelica.
1125 1368 1282 1433 Vide
1312 1388 1361 1432 3.
1396 1368 1787 1451 Α11111011311111
1825 1388 1884 1431 11.
1909 1368 2055 1431 177.
2097 1365 2509 1451 Intelligenda
2542 1368 2757 1430 tamen

304 1472 444 1536 haec
472 1471 698 1557 regula
729 1489 858 1535 esse
888 1470 1153 1549 videtur,
1188 1469 1433 1552 quando
1466 1470 1561 1534 1111
1590 1471 1799 1545 tertio,
1839 1490 1948 1553 per
1983 1469 2454 1553 promissionem
2479 1469 2759 1550 accepta-

304 1576 447 1651 tam,
483 1573 861 1656 acquisitum
895 1573 1147 1656 aliquod
1181 1574 1282 1637 ius
1314 1572 1520 1637 fuerit.
1556 1572 1691 1652 Quo
1737 1574 1802 1636 in
1835 1591 1982 1636 casu
2021 1591 2131 1636 nec
2167 1571 2445 1654 superior
2475 1570 2761 1634 ecclesia-

306 1675 488 1740 sticus
525 1675 859 1758 dispensat,
910 1675 1010 1740 sed
1061 1676 1431 1741 condonatio
1479 1676 1612 1740 fieri
1660 1676 1737 1739 ab
1785 1694 1856 1739 eo
1894 1673 2093 1751 debet,
2130 1673 2236 1754 qui
2267 1674 2366 1737 ius
2406 1671 2757 1755 acquisivit.

390 1779 451 1844 Si
501 1797 649 1843 vero
693 1779 939 1842 nullum
984 1779 1083 1844 ius
1121 1779 1242 1844 fuit
1289 1779 1471 1842 alteri
1504 1778 1899 1860 anquisitum,
1935 1778 2082 1840 sunt
2113 1775 2361 1858 quidem
2393 1773 2499 1856 qui
2532 1775 2765 1857 negant

308 1884 502 1961 licere,
526 1885 875 1969 postposito
912 1903 1090 1968 opere
1121 1884 1349 1960 iurato,
1385 1880 1552 1946 aliud
1589 1880 1813 1944 melius
1843 1879 1939 1943 illi
1969 1877 2367 1943 substituere.
2401 1876 2502 1939 Ita
2535 1872 2759 1937 Suarez

309 1985 383 2050 de
418 1986 655 2052 Iuram.
690 1989 732 2052 l.
763 1990 822 2051 2.
858 2007 908 2052 0.
953 1988 1056 2064 12.
1092 2008 1151 2050 11.
1197 1986 1432 2050 19.-22.
1460 1987 1522 2049 et
1554 1985 1699 2067 post
1729 2002 1872 2047 eum
1894 1981 2215 2065 Laymann
2246 1980 2288 2042 1.
2324 1999 2374 2042 0.
2416 1997 2467 2042 0.
2510 1977 2569 2040 6.
2604 1998 2664 2040 n.
2701 1976 2762 2040 6.

304 2088 625 2174 Laymann
657 2090 836 2155 affert
880 2089 1165 2174 generale
1197 2087 1596 2171 principium:
1632 2086 2055 2150 iuramentum
2101 2081 2353 2147 Domini
2390 2080 2762 2146 servandum

301 2194 413 2268 est,
447 2193 961 2276 quotiescumque
984 2193 1114 2257 sine
1152 2192 1401 2275 peccato
1441 2191 1569 2254 sive
1602 2188 1826 2253 salutis
1857 2186 2173 2270 dispendio
2205 2184 2438 2248 servari
2461 2183 2687 2266 potest.

385 2293 621 2360 Suarez
667 2295 982 2379 propriam
1025 2295 1331 2359 rationem
1378 2293 1564 2356 huius
1610 2292 1699 2355 rei
1748 2290 1841 2354 ait
1886 2308 2036 2365 esse,
2067 2292 2140 2351 ut
2167 2289 2446 2350 servetur
2490 2285 2765 2360 verim,-

298 2418 451 2481 quae
499 2397 670 2462 ratio
717 2397 1008 2481 probaret
1051 2415 1288 2480 semper
1317 2395 1380 2459 id
1411 2394 1637 2468 valere,
1670 2392 1862 2457 etiam
1908 2389 2153 2474 quando
2191 2388 2612 2453 iuramentum
2642 2403 2766 2448 nou

297 2503 390 2565 est
435 2500 499 2565 in
555 2500 817 2564 alterius
848 2500 1212 2563 utilitatem.
1268 2499 1429 2562 Item
1467 2497 1650 2572 ratic,
1691 2514 1880 2579 quam
1929 2493 2108 2558 affert
2151 2513 2212 2556 n.
2263 2493 2390 2569 21„
2439 2489 2604 2573 quod
2649 2489 2766 2553 1100

296 2604 727 2669 iuramentum
773 2581 972 2686 possit
1017 2601 1350 2667 condonari
1398 2601 1475 2664 ab
1515 2618 1605 2677 e0,
1646 2599 1708 2663 in
1747 2599 1924 2662 cuius
1955 2598 2254 2671 favorem,
2290 2593 2408 2659 etsi
2445 2593 2602 2657 citra
2631 2610 2768 2674 pro-

292 2707 683 2783 missionem,
718 2708 812 2771 est
848 2706 1104 2781 factum,
1138 2704 1299 2769 unde
1344 2702 1608 2767 infertur
1644 2721 1751 2784 per
1798 2719 1861 2764 se
1910 2699 2186 2783 obligare
2217 2699 2281 2762 et
2311 2697 2603 2760 naturam
2636 2694 2769 2757 eius

293 2830 422 2875 esse
455 2813 529 2875 ut
582 2809 666 2873 ab
698 2809 827 2873 eius
851 2808 1175 2873 voluntate
1206 2806 1501 2890 pendeat3
1536 2803 1698 2867 ratio
1737 2802 1906 2879 haec,
1939 2801 2214 2883 inquam,
2247 2799 2423 2863 nulla
2453 2799 2565 2860 est.
2604 2794 2771 2859 Nam

290 2916 680 2983 condonatio
726 2914 801 2978 fit
847 2913 925 2977 ab
972 2930 1042 2976 eo
1090 2908 1198 2993 qui
1244 2909 1451 2991 potest
1497 2906 1757 2990 exigere,
1798 2903 1958 2986 quod
1994 2904 2057 2966 in
2089 2920 2238 2965 casu
2269 2919 2391 2964 11011
2428 2899 2615 2964 valet.
2655 2896 2773 2961 Ne-

293 3044 411 3107 que
457 3022 528 3086 id
578 3018 811 3084 Suarez
842 3014 1068 3099 probat
1111 3012 1221 3076 ubi
1257 3011 1331 3075 de
1362 3011 1478 3075 1100
1525 3008 1673 3072 data
1706 3025 1891 3089 opera
1923 3005 2156 3069 tractat
2202 3004 2245 3067 1.
2288 3004 2348 3066 2.
2384 3022 2435 3067 c.
2471 3003 2577 3065 30.
2613 3022 2670 3063 11.
2708 3002 2772 3066 2.

289 3127 395 3192 3011
445 3126 676 3211 potius
707 3118 1021 3205 supponit.
1055 3116 1151 3179 Ad
1200 3133 1513 3179 summum
1562 3110 1797 3174 valebit
1848 3108 2255 3183 condonatio,
2306 3105 2452 3188 quia
2513 3104 2568 3168 si
2616 3102 2776 3165 alius

286 3230 503 3295 renuit
554 3225 856 3308 accipere,
886 3219 1132 3286 inutilis
1164 3218 1259 3282 est
1290 3216 1483 3280 datio.

376 3330 707 3398 Standum
755 3344 900 3411 ergo
948 3322 1195 3387 videtur
1255 3319 1508 3403 regulae
1557 3315 1849 3401 generali,
1898 3316 2049 3377 tunc
2091 3310 2513 3375 iuramentum
2560 3325 2774 3390 parere

283 3436 548 3520 quidem
604 3428 1074 3513 obligationem,
1116 3426 1182 3487 at
1243 3423 1401 3485 hane
1446 3438 1568 3483 11011
1629 3437 1760 3481 0330
1814 3414 2241 3498 impeditivam
2294 3410 2549 3473 maioris
2607 3409 2772 3486 boni,

283 3538 457 3621 quod
507 3532 901 3601 substituere
945 3528 1133 3591 liceat
1177 3525 1406 3599 iurat0,
1445 3523 1632 3604 prout
1699 3519 1862 3582 idem
1925 3516 2170 3591 Suarez‚
2220 3513 2293 3575 de
2339 3531 2403 3574 re
2449 3511 2656 3574 iurata
2714 3511 2776 3572 in

284 3643 530 3708 bonum
587 3637 691 3702 sui
736 3634 932 3717 ipsius
966 3630 1188 3704 censet,
1224 3644 1400 3710 posse
1433 3642 1571 3687 eam
1621 3642 1656 3685 a
1705 3620 1951 3684 iurante
1983 3619 2117 3700 ipso
2166 3612 2540 3680 commutari
2560 3613 2625 3676 in
2658 3632 2780 3676 me-

280 3745 431 3822 lius,
460 3740 632 3808 ibid.
659 3758 720 3802 n.
747 3736 874 3811 24.,
895 3732 1054 3816 1111011
1091 3733 1154 3794 et
1177 3729 1356 3793 docet
1393 3742 1671 3809 expresse
1702 3721 1956 3786 Lessius
1985 3719 2060 3783 de
2078 3718 2339 3783 Iustitia
2366 3716 2474 3780 lib.
2504 3717 2563 3779 2.
2591 3735 2641 3780 0.
2670 3716 2779 3782 42.

281 3850 340 3913 d.
389 3850 504 3912 12.
546 3867 616 3910 11.
658 3842 763 3905 58.
2428 3863 2441 3877 .

379 3945 574 4022 585.
607 3945 711 4008 Ad
735 3942 991 4007 eandem
1016 3937 1360 4003 doctrinam
1394 3934 1692 3998 traditam
1717 3952 1777 3995 n.
1815 3948 2014 4012 praec.
2050 3926 2238 3991 refert
2259 3944 2307 3989 3.
2335 3925 2520 4007 Alph.
2545 3944 2607 3988 n.
2632 3925 2781 3990 177.

277 4052 781 4123 resolutionem,
815 4044 979 4127 quod
1027 4040 1135 4124 qui
1179 4039 1431 4114 iuravit,
1473 4036 1760 4101 teneatur
1791 4034 2027 4098 solvere
2060 4048 2304 4106 usuraS,
2338 4028 2459 4092 nisi
2490 4026 2782 4108 impetret

279 4150 842 4243 dispensationem
866 4149 929 4211 et
953 4145 1109 4209 citat
1132 4162 1181 4206 0.
1216 4139 1569 4215 Debitorem,
1604 4137 1677 4200 de
1710 4132 2153 4207 Iureiurando,
2180 4130 2344 4212 quod
2375 4130 2527 4191 haec
2563 4126 2777 4188 habet:

285 4288 317 4319 ‹
353 4259 722 4325 Debitores
755 4250 832 4315 ad
864 4246 1189 4314 solvendas
1236 4261 1477 4319 usuras,
1511 4241 1577 4305 in
1625 4239 1850 4321 quibus
1881 4256 1945 4301 se
1994 4231 2427 4317 obligaverint,
2475 4228 2615 4311 cogi
2660 4246 2784 4292 non

277 4364 542 4430 debent.
584 4355 665 4421 Si
695 4371 839 4418 vero
887 4351 961 4414 de
991 4350 1267 4432 ipsarum
1304 4344 1614 4410 solutione
1647 4340 2011 4414 iuraverint,
2047 4332 2306 4419 cogendi
2337 4332 2482 4396 sunt
2513 4329 2781 4394 Domino

277 4466 548 4532 reddere
586 4455 1042 4524 iuramentum.
1075 4451 1157 4514 Et
1188 4469 1331 4513 cum
1376 4464 1602 4510 usurae
1650 4444 1892 4508 solutae
1924 4438 2173 4513 fuerint,
2208 4434 2540 4499 creditores
2573 4433 2650 4496 ad
2681 4450 2785 4496 eas

275 4560 737 4635 restituendas
758 4557 903 4622 sunt
920 4551 1335 4620 ecclesiastica
1352 4547 1679 4612 severitate
1695 4545 1776 4626 (si
1800 4560 2041 4606 necesse
2064 4537 2281 4620 fuerit)
2306 4534 2781 4617 compellendi».

449 4689 772 4733 Bau-mnu.
804 4701 854 4709 —
885 4673 1054 4721 Mor-al.
1085 4673 1235 4716 Temo
1264 4669 1332 4713 11.
2569 4656 2625 4697 29
