3497 5147
372 345 554 422 [1042]
1091 369 1179 410 nn
1216 368 1557 411 cas‘tuwrss
1592 367 1668 407 m
1706 364 2110 406 vin-omium
2730 356 2834 413 771

376 467 413 514 t.
448 462 462 512 l
478 462 528 514 3.
555 475 595 513 r.
625 461 673 514 4.
699 463 900 516 Addunt
923 462 1122 529 quidam
1146 465 1258 519 ΒΟ.
1289 467 1670 528 baneregulam,
1688 460 2010 528 pollutionem
2035 461 2084 514 in
2109 475 2256 516 eausa
2283 462 2484 516 ¹volitatu
2513 472 2696 517 lautum
2725 480 2834 522 esse

376 552 652 611 peccatum,
679 553 914 611 quantum
952 555 1027 602 est
1064 547 1201 617 ipsng
1225 547 1311 611 ita,
1343 548 1383 602 si
1411 562 1558 602 causa
1586 545 1652 602 sit
1690 552 1942 613 peecatum
1970 549 2190 612 mortale,
2216 544 2361 599 eliam
2388 546 2542 613 ipsam
2575 551 2677 601 lore
2705 563 2833 601 mor·

373 632 548 682 talem:
570 629 611 682 si
629 629 694 683 sit
712 630 926 697 veniale,
943 631 1211 697 venialem
1234 631 1274 685 si
1295 647 1416 685 vero
1445 646 1590 686 causa
1619 632 1803 684 nullum
1825 630 1888 683 sit
1909 638 2175 696 peceatum,
2201 644 2289 683 nee
2315 630 2469 698 ipsam
2497 636 2599 685 lore
2620 623 2834 697 (secluso

374 727 569 781 semper
596 715 814 781 periculo
840 720 1161 784 consensus):
1189 717 1300 772 binc
1341 717 1582 770 venialem
1620 731 1669 768 ν.
1696 730 1770 780 gr.
1799 730 1909 769 esse
1946 714 2096 778 illam,
2123 730 2246 781 quae
2279 717 2506 782 provenit
2531 732 2592 770 ex
2620 717 2835 772 lectione

373 799 582 863 curiosa,
610 803 688 854 vel
728 809 929 868 aspectu
970 817 1057 869 per
1095 817 1148 856 se
1173 818 1268 857 non
1298 801 1509 856 mortali.
1535 802 1691 856 Trull.
1718 802 1752 855 l.
1782 802 1830 853 6.
1852 815 1896 854 c.
1933 803 1980 852 l.
2006 801 2056 854 d.
2083 801 2134 852 9.
2161 814 2223 854 ex
2247 803 2428 867 Lepet,
2457 801 2655 868 Henriq.
2683 804 2838 869 Vasq.

374 884 497 939 Bon.
525 883 592 940 de
616 886 786 941 Matr.
810 901 861 953 p.
892 890 974 941 lo.
1005 889 1069 942 V.
1096 887 1237 943 Dian.
1263 903 1311 955 p.
1336 893 1388 941 4.
1413 894 1450 940 t.
1479 890 1529 940 2.
1555 885 1691 941 mise.
1721 900 1761 938 r.
1789 885 1876 939 56.

468 1012 645 1076 Hanc
682 1014 1111 1094 quaestionem
1150 1014 1221 1077 B.
1257 1013 1751 1078 cumulatissime
1778 1012 1912 1095 agit
1942 1011 2006 1075 in
2038 1013 2117 1074 tr.
2152 1012 2226 1074 de
2261 1009 2552 1076 Peccatis
2579 1014 2621 1078 1.
2656 1033 2707 1077 c.
2742 1012 2834 1078 Cf.

376 1116 443 1178 et
487 1114 653 1178 dicta
682 1115 817 1180 heic
848 1136 907 1180 n.
949 1116 1097 1180 968.

488 1259 705 1320 XXXV.
731 1258 783 1311 7.
812 1258 1023 1313 Pollutio
1049 1258 1097 1313 in
1126 1274 1297 1313 somno
1326 1263 1447 1312 lacta
1487 1266 1560 1311 est
1588 1257 1826 1319 mortaliS,
1865 1260 1905 1310 l.
1937 1256 1978 1309 si
2004 1263 2113 1310 ante
2153 1256 2338 1310 directe
2366 1259 2441 1309 vel
2474 1255 2737 1310 formaliter
2763 1263 2840 1310 est

379 1348 641 1410 procurata
673 1349 721 1396 et
745 1357 891 1396 causa
919 1358 1014 1396 non
1045 1349 1121 1397 est
1147 1350 1435 1400 retractata:
1466 1345 1513 1395 2.
1542 1345 1734 1407 quando
1777 1349 1884 1407 post
1912 1355 2132 1395 somnum
2176 1341 2354 1407 placuit
2393 1349 2441 1394 et
2467 1345 2735 1406 approbata
2763 1347 2839 1394 est

379 1434 584 1494 propter
620 1427 991 1481 delectationem
1030 1441 1315 1493 veneream;
1338 1427 1458 1480 alias
1497 1442 1609 1479 non.
1638 1426 1747 1480 Fili.
1775 1442 1822 1491 q.
1850 1428 1898 1479 ὃ.
1928 1442 1974 1479 ιι.
2003 1427 2125 1479 148.
2151 1427 2302 1480 Trull.
2331 1428 2362 1480 l.
2390 1442 2433 1480 e.
2459 1439 2504 1479 n,
2535 1428 2584 1478 9.

472 1573 561 1637 De
609 1572 876 1637 secunda
920 1575 1100 1655 parte
1146 1574 1319 1654 (nam
1367 1572 1535 1655 prior
1580 1573 1675 1637 est
1722 1572 1877 1636 satis
1926 1571 2201 1656 evidens)
2234 1572 2366 1657 agit
2398 1572 2472 1635 B.
2509 1572 2570 1635 in
2617 1573 2695 1635 tr.
2731 1572 2836 1637 cit.

384 1696 443 1739 n.
481 1676 628 1739 549.
663 1673 964 1757 deinceps,

490 1813 727 1866 XXXVI.
754 1813 991 1879 Quaeres.
1017 1815 1093 1865 An
1120 1817 1285 1866 mutua
1314 1813 1522 1878 pollutio
1552 1812 1680 1868 inter
1708 1827 1869 1868 mares
1895 1814 1976 1868 vel
2002 1811 2204 1868 reminas
2230 1819 2490 1879 procurata
2517 1811 2581 1865 sit
2608 1810 2841 1866 mollities

383 1902 585 1960 tantum,
612 1910 671 1949 au
697 1895 963 1950 sodomia?

493 1987 637 2050 Resp.
664 1983 715 2037 Si
743 1987 825 2037 liat
850 2000 911 2039 ex
946 1987 1055 2037 solo
1092 1987 1266 2038 affectu
1305 1988 1365 2039 ad
1404 2001 1661 2040 veneream
1702 1986 1952 2041 libidinem
1993 1989 2175 2052 absque
2212 1985 2491 2051 concubitu,
2518 2000 2626 2039 esse
2655 1992 2840 2042 tantum

382 2068 664 2134 mollitiem;
689 2067 731 2121 si
757 2082 877 2122 vero
910 2071 990 2122 flat
1016 2083 1075 2121 ex
1117 2072 1292 2123 affectu
1330 2072 1391 2122 ad
1432 2086 1689 2138 personam
1728 2075 1866 2125 illam
1906 2070 2108 2124 indebiti
2130 2085 2279 2125 sexus
2304 2069 2614 2137 (praesertim
2644 2068 2684 2121 si
2716 2067 2841 2122 adsit

386 2152 542 2218 aliqua
567 2152 843 2206 coniunctio
870 2161 918 2206 et
948 2151 1231 2207 commixtio
1269 2157 1557 2222 corporum)
1582 2165 1655 2210 est
1686 2159 1849 2222 quoad
1879 2155 2109 2209 malitiam
2136 2155 2383 2208 sodomia.
2410 2154 2517 2209 Fill.
2547 2162 2579 2207 t.
2606 2155 2690 2207 30.
2720 2169 2762 2206 c.
2792 2158 2842 2206 8.

386 2239 527 2291 Plura
568 2241 629 2291 de
666 2244 769 2292 tota
807 2242 897 2294 bae
935 2239 1137 2293 materia
1176 2241 1241 2292 V.
1274 2238 1339 2294 de
1374 2241 1613 2296 Peccatis
1639 2257 1682 2295 c.
1714 2245 1760 2294 l.
1800 2244 1846 2294 d.
1875 2243 1924 2294 2.
1950 2257 1995 2294 a.
2026 2241 2072 2293 2.
2097 2248 2146 2294 et
2178 2245 2420 2293 Auctor-es
2456 2239 2649 2292 citatos.

476 2363 646 2428 Haec
677 2365 804 2428 iam
837 2363 1117 2447 expedita
1150 2369 1297 2430 sunt
1328 2388 1387 2430 n.
1428 2368 1618 2430 1033.

478 2461 668 2550 1041.
690 2464 851 2531 Cum
876 2467 1159 2532 solitaria
1184 2467 1450 2551 pollutio
1470 2470 1569 2544 sit,
1601 2470 1763 2551 quod
1790 2469 2121 2535 dolendum
2141 2469 2405 2532 maxime
2432 2471 2543 2546 est,
2569 2467 2846 2549 frequen-

387 2570 703 2635 tissimum
752 2573 1072 2654 peccatum
1119 2570 1180 2634 in
1216 2571 1725 2649 adolescentibuS,
1771 2573 2115 2637 misericors
2153 2570 2559 2637 confessarius
2599 2573 2843 2654 praesto

389 2672 610 2737 habere
649 2672 829 2737 debet
861 2673 1132 2738 efficacia
1180 2673 1468 2749 remedia,
1505 2695 1661 2756 quae
1695 2678 1994 2761 suggerat
2043 2675 2139 2748 iis,
2174 2676 2279 2757 qui
2312 2675 2662 2756 resipiscere
2694 2673 2847 2736 desi-

388 2774 625 2838 derant.
674 2775 953 2839 Primum
1001 2775 1209 2840 locum
1255 2777 1470 2858 utique
1519 2778 1730 2840 tenent
1775 2778 2044 2842 remedia
2091 2777 2463 2860 spiritualia,
2500 2774 2846 2840 cuiusmodi

388 2879 535 2941 simt
565 2877 769 2959 praxis
802 2877 1305 2960 quotidianarum
1340 2899 1587 2962 precum
1620 2899 1762 2943 cum
1802 2881 1989 2943 animi
2023 2879 2447 2944 recollectione
2480 2881 2542 2942 et
2588 2877 2844 2954 fervore,

390 2979 755 3061 quotidiana
786 2979 1110 3045 meditatio
1146 2984 1284 3046 tum
1315 2982 1797 3046 novissimorum
1830 2984 1968 3044 tum
2001 2981 2341 3046 dominicae
2387 2980 2710 3063 passionis,
2752 2980 2849 3043 de-

390 3084 561 3147 votio
598 3082 673 3147 ad
700 3081 1022 3169 Virginem
1054 3083 1551 3161 Immaculatam,
1587 3084 2129 3148 Sacramentorum
2160 3082 2526 3165 frequentia,
2553 3100 2848 3145 sensuum

389 3185 450 3248 in
483 3185 819 3250 levioribus
868 3185 1287 3262 mortificati0‚
1339 3186 1487 3270 fuga
1538 3187 1949 3259 occasionum,
1993 3184 2347 3266 imploratio
2389 3184 2580 3249 divini
2631 3182 2846 3246 auxilii

389 3288 607 3352 statim
634 3308 704 3351 ac
730 3308 792 3352 se
826 3286 1033 3371 prodit
1065 3306 1256 3371 prava
1288 3288 1589 3372 cogitatio
1624 3290 1686 3351 et
1718 3287 1943 3352 mentis
1975 3285 2290 3350 conversio
2326 3286 2400 3351 ad
2441 3288 2564 3352 alia
2597 3305 2847 3370 prorsus

392 3389 649 3455 obiecta.
687 3390 801 3455 Sed
834 3388 1201 3474 negligenda
1242 3408 1363 3452 non
1396 3391 1541 3453 sunt
1591 3389 1792 3453 media
1831 3388 2164 3464 naturalia,
2201 3407 2358 3469 quae
2390 3389 2555 3454 docti
2594 3390 2657 3452 et
2696 3388 2851 3452 chri-

392 3492 579 3556 stiani
610 3492 829 3557 medici
864 3491 1141 3556 tradunt.

1037 3670 1071 3706 *
1110 3685 1186 3731 nn
1231 3683 1556 3731 CASTITATE
1606 3684 1680 3730 ΕΤ
1722 3682 2131 3730 VIRGINITATE.
2168 3668 2201 3702 *

485 3838 696 3913 lud-2.
724 3842 813 3909 Ut
840 3844 1001 3910 hanc
1033 3844 1107 3910 de
1130 3863 1195 3909 re
1225 3842 1405 3909 foeda
1428 3843 1869 3908 tractationem
1901 3842 2421 3925 contemplatione
2445 3842 2531 3907 rei
2556 3843 2851 3910 honestae

394 3948 456 4010 et
482 3945 929 4029 pulcherrimae
960 3946 1374 4021 absolvamuS,
1408 3947 1842 4010 convertamus
1875 3949 2143 4011 mentem
2169 3945 2245 4010 ad
2271 3964 2361 4021 ea,
2397 3963 2554 4027 quae
2587 3945 2681 4009 illi
2705 3951 2851 4014 sunt

396 4049 701 4133 opposita,
735 4049 1085 4114 castitatem
1128 4068 1344 4132 nempe
1392 4052 1454 4113 et
1490 4047 1940 4129 wyinimtmn,
1987 4067 2253 4129 quarum
2285 4047 2578 4113 distincta
2626 4048 2852 4115 notitia

394 4151 784 4218 com'essariis
807 4170 932 4217 non
954 4170 1096 4216 raro
1121 4152 1462 4216 necessaria
1486 4153 1599 4215 est.
1627 4149 1993 4215 Doctrinam
2015 4149 2297 4217 dabimus
2322 4170 2370 4216 S.
2399 4151 2675 4218 Thomae
2701 4151 2760 4217 2.
2789 4154 2850 4215 2.

396 4256 862 4340 qq.l5lel52.

484 4359 761 4425 Castitas
790 4358 908 4425 sub
939 4356 1376 4439 Temperantia
1405 4354 1791 4421 continetur:
1824 4356 1976 4421 haec
2005 4355 2258 4421 modum
2289 4359 2482 4439 ponit,
2517 4358 2850 4423 secundum

395 4463 721 4541 rationem,
755 4462 822 4527 in
861 4463 1144 4547 appetitu
1181 4459 1663 4524 delectationum
1694 4461 1904 4524 taetus
1951 4461 2015 4523 et
2042 4460 2266 4543 gustus
2298 4460 2384 4543 (q.
2425 4462 2622 4543 141.).
2656 4462 2856 4528 Prout

398 4564 669 4631 refrenat
711 4566 1029 4631 hominem
1072 4564 1154 4630 ab
1199 4561 1610 4627 immoderato
1656 4581 1779 4627 usu
1823 4561 2103 4627 ciborum
2147 4581 2255 4627 seu
2300 4581 2422 4628 non
2471 4565 2856 4630 convenienti
