3497 5147
350 336 530 405 [1159]
876 348 1016 396 Qms
1052 348 1298 389 nnuma·
1340 347 1617 390 sonvmm
1654 347 1926 391 naon-aas
1963 348 2041 388 m*
2076 348 2302 396 omnus
2702 337 2811 392 869

442 442 627 522 1158,
668 446 757 510 Ex
794 445 927 510 iure
967 445 1262 510 canonico
1295 445 1530 509 decima
1579 464 1651 508 ea
1698 464 1841 528 pars
1887 445 2162 526 debetur,
2196 465 2355 528 quae
2401 467 2474 512 ex
2504 447 2809 514 fructibus

351 549 672 633 colligitur
719 549 862 612 ante
908 546 1241 611 deductum
1291 565 1515 626 semen,
1564 548 1854 630 sumptus
1900 550 1964 612 et
2010 547 2304 613 deductas
2360 568 2652 634 expensas
2699 571 2809 634 pro

351 651 762 718 servientibus
800 653 864 714 et
893 649 1305 727 mercenariis,
1346 651 1490 714 ante
1536 648 1831 715 deductos
1878 669 2093 714 census
2131 652 2194 715 et
2232 651 2489 717 tributa.
2522 653 2708 717 Patet
2739 672 2812 718 ex

350 774 404 821 c.
448 753 606 818 Ceam
634 752 911 817 homines
949 753 1013 816 et
1042 771 1114 816 ex
1145 772 1196 816 c.
1226 751 1378 816 Non
1408 754 1595 816 estet
1624 771 1695 815 ex
1733 771 1785 815 c.
1823 751 1964 816 Tua
1992 753 2170 817 nobis
2201 754 2264 817 et
2301 772 2372 817 ex
2410 774 2460 819 c.
2498 752 2654 819 Cum
2683 776 2812 821 non

348 858 454 933 sit,
488 856 565 920 de
585 854 886 919 Dec-imis.
927 877 963 912 «
996 854 1333 931 Debentur,
1368 852 1458 917 ait
1495 872 1545 917 s,
1579 853 1852 919 Thomas
1883 854 1925 917 1.
1953 874 2004 917 c.
2032 873 2070 918 a
2095 856 2154 918 2.
2183 854 2261 917 ad
2291 855 2400 934 4¹¹¹,
2435 856 2707 922 decimae
2737 856 2811 925 de

350 958 657 1023 fiuctibus
702 959 924 1035 terrae,
974 956 1040 1020 in
1087 957 1394 1038 quantum
1433 955 1806 1038 proveniunt
1849 974 1924 1019 ex
1967 956 2175 1020 divino
2226 975 2497 1021 munere.
2546 957 2628 1022 Et
2673 959 2809 1025 ideo

351 1060 623 1124 decimae
655 1078 777 1124 non
809 1057 1041 1122 cadunt
1070 1058 1187 1122 sub
1218 1058 1458 1123 tributo
1490 1077 1600 1122 nec
1629 1058 1822 1123 etiam
1860 1060 2009 1123 sunt
2039 1058 2337 1125 obnoxiae
2371 1059 2637 1125 mercedi
2668 1079 2812 1144 ope-

350 1162 680 1228 rariorum.
713 1162 797 1225 Et
842 1160 977 1227 ideo
1017 1179 1142 1225 non
1179 1161 1402 1226 debent
1433 1161 1604 1243 prius
1635 1160 1854 1225 deduci
1890 1160 2132 1225 tributa
2176 1163 2239 1224 et
2285 1162 2555 1245 pretium
2604 1181 2813 1246 opera-

352 1264 608 1342 riorum,
635 1283 826 1346 quam
856 1264 1182 1329 solvantur
1212 1263 1516 1339 decimae3
1552 1262 1658 1327 sed
1689 1264 1835 1327 ante
1868 1263 2077 1328 omnia
2099 1263 2321 1328 debent
2350 1263 2622 1328 decimae
2653 1265 2815 1331 solvi

351 1387 424 1434 ex
452 1366 715 1451 integris
760 1366 1070 1431 fructibus
1102 1392 1165 1428 ».
1208 1365 1690 1448 Excipiebantur
1735 1367 1943 1429 tamen
1977 1366 2056 1430 ab
2100 1366 2218 1430 hac
2246 1366 2382 1450 lege
2415 1366 2684 1431 decimae
2715 1367 2816 1432 de·-

352 1470 518 1534 bitae
556 1489 630 1533 ex
672 1469 846 1534 lucro
898 1467 1342 1551 negotiationis
1388 1487 1440 1532 c.
1475 1466 1860 1545 Pastorahzs,
1894 1466 1969 1530 de
1999 1467 2299 1534 Decimis.
2339 1469 2628 1534 Decimae
2665 1488 2810 1535 vero

352 1572 724 1655 personales,
767 1591 910 1636 cum
956 1571 1324 1636 deberentur
1368 1588 1440 1634 ex
1486 1569 1659 1634 lucro
1698 1572 1763 1634 et
1807 1570 2051 1635 lucrum
2097 1590 2220 1635 non
2265 1573 2661 1653 computetur
2691 1572 2810 1636 nisi

350 1674 632 1739 deductis
677 1675 974 1757 expensis,
1013 1673 1131 1737 hae
1162 1673 1332 1756 prius
1362 1671 1776 1737 detrahendae
1805 1674 2001 1736 erant.

439 1776 600 1856 Quia
645 1795 791 1841 vero
838 1776 1108 1841 decimae
1154 1774 1505 1858 personales
1550 1774 1931 1839 debebantur
1960 1775 2057 1839 illi
2086 1777 2354 1858 parocho
2387 1795 2419 1840 e
2455 1796 2578 1859 quo
2612 1797 2810 1845 sacra-

350 1881 562 1947 menta
610 1879 1087 1962 accipiebantur,
1121 1877 1483 1941 dicebantur
1520 1876 1708 1940 etiam
1740 1876 2246 1955 sacramentales,
2287 1878 2365 1942 ad
2402 1878 2812 1945 differentiam

343 1981 787 2064 praedantium,
815 1999 974 2064 quae
1005 1980 1386 2045 debebantur
1409 1979 1698 2062 parocho,
1724 1980 1790 2044 in
1813 1980 1991 2045 cuius
2015 1981 2306 2064 parochia
2331 1982 2510 2046 erant
2538 1982 2808 2066 praedia.

440 2080 624 2157 1153.
669 2084 959 2149 Decimae
1008 2082 1337 2148 solvendae
1382 2083 1530 2147 sunt
1576 2081 1654 2145 ab
1701 2082 1987 2147 omnibus
2033 2081 2337 2161 fidelibus,
2385 2084 2495 2166 qui
2540 2084 2812 2153 habeant

348 2206 455 2253 eos
500 2187 760 2264 fructus,
800 2185 963 2251 unde
995 2187 1143 2250 sunt
1191 2184 1463 2251 decimae
1492 2182 1910 2268 colligendae:
1945 2184 2080 2249 ideo
2114 2185 2177 2248 et
2215 2204 2252 2248 a
2288 2185 2584 2271 Regibus,
2618 2187 2809 2265 etiam

351 2309 389 2354 a
436 2290 829 2373 pauperibus,
869 2289 924 2352 si
969 2287 1211 2371 possint
1253 2287 1385 2351 sine
1430 2285 1610 2370 gravi
1656 2286 1932 2364 iactura3
1981 2306 2127 2351 nam
2173 2288 2325 2352 haec
2368 2288 2467 2353 lex
2501 2288 2810 2356 Ecclesiae

353 2413 477 2459 non
517 2393 758 2477 obligat
789 2412 933 2457 cum
969 2392 1150 2477 gravi
1179 2388 1590 2455 incommodo.

435 2496 491 2565 A
539 2496 777 2562 clericis
815 2514 1060 2578 quoque
1097 2493 1397 2559 debentur
1427 2511 1501 2556 ex
1536 2492 1666 2557 suis
1711 2492 1978 2578 propriis
2025 2494 2234 2573 bonis;
2269 2495 2417 2578 quia
2449 2497 2512 2559 et
2547 2495 2667 2580 ipsi
2696 2497 2808 2561 mi-

347 2599 609 2668 nisterio
642 2598 1034 2664 sacerdotum
1063 2597 1360 2662 fruuntur
1396 2596 1762 2662 habentium
1796 2615 2011 2670 curam
2048 2598 2417 2664 animarum.
2450 2599 2552 2663 Ita
2582 2601 2809 2678 saltem

348 2700 756 2786 intelligenda
800 2701 948 2764 sunt
994 2699 1180 2764 verba
1223 2697 1543 2763 Paschalis
1575 2699 1660 2764 II.
1698 2699 1764 2762 in
1811 2719 1863 2762 c.
1896 2700 2163 2779 Novum,
2203 2699 2277 2764 de
2307 2700 2606 2767 Decimis.
2646 2729 2681 2762 ‹
2713 2704 2807 2778 illi

354 2803 578 2882 clerici,
627 2803 735 2885 qui
782 2821 820 2866 a
864 2800 1101 2866 clericis
1147 2800 1569 2882 spiritualium
1634 2800 2125 2867 ministeriorum
2177 2802 2420 2868 labores
2475 2805 2806 2889 accipiunt,

348 2907 617 2974 decimas
664 2905 751 2969 eis
797 2904 1020 2970 debent
1050 2927 1120 2979 »;
1171 2904 1246 2967 ut
1288 2901 1354 2965 id
1399 2902 1610 2967 valeat
1652 2903 1879 2967 saltem
1924 2903 2128 2985 quoad
2172 2905 2354 2984 bona,
2402 2926 2561 2988 quae
2607 2907 2810 2976 clerici

347 3010 539 3075 titulo
589 3006 921 3090 temporali
965 3003 1300 3088 possident.
1340 3002 1481 3070 Non
1527 3003 1751 3069 debent
1795 3024 1939 3070 vero
1987 3006 2254 3072 decimas
2302 3027 2374 3073 ex
2419 3008 2596 3073 bonis
2627 3010 2810 3076 eccle-

346 3112 635 3182 siasticis.
670 3112 770 3177 Ita
804 3110 1298 3195 interpretantur
1334 3109 1637 3194 Theologi
1667 3129 1812 3176 cum
1849 3109 2075 3176 Suarez
2107 3111 2182 3176 de
2217 3111 2429 3194 Reliy.
2462 3113 2506 3177 1.
2539 3115 2593 3176 1.
2619 3134 2672 3179 c.
2702 3117 2806 3184 18.

344 3237 406 3282 n.
440 3217 547 3282 23.
581 3216 851 3299 priorem
883 3217 1125 3297 partem
1155 3213 1430 3278 eiusdem
1463 3231 1514 3276 c.
1541 3212 1812 3288 Novum,
1839 3213 1946 3278 uhi
1976 3214 2298 3280 Paschalis
2328 3215 2432 3290 11„
2467 3216 2585 3280 ait:
2626 3240 2663 3275 «
2685 3217 2809 3284 Now

344 3338 495 3390 vum
518 3336 713 3402 genus
751 3316 1089 3381 exactionis
1126 3318 1242 3392 est,
1276 3317 1350 3380 ut
1381 3315 1584 3379 clerici
1618 3334 1655 3379 a
1686 3314 1923 3379 clericis
1956 3314 2223 3380 decimas
2258 3315 2596 3399 exigant»,
2623 3337 2806 3399 quem

346 3420 587 3484 textum
632 3419 725 3483 ita
769 3417 1278 3497 interpretantur,
1330 3418 1403 3480 ut
1448 3415 1652 3480 clerici
1698 3434 1822 3479 non
1870 3415 2133 3480 debeant
2177 3416 2446 3482 decimas
2493 3437 2564 3482 ex
2610 3420 2805 3500 bonis,

348 3538 505 3601 quae
537 3523 611 3585 ut
642 3518 848 3584 clerici
878 3517 1184 3594 obtinent,
1217 3518 1335 3581 etsi
1368 3517 1633 3582 debeant
1668 3535 1740 3581 ex
1774 3517 1916 3581 aliis
1951 3517 2163 3582 bonis:
2203 3519 2264 3583 S.
2293 3519 2566 3586 Thomas
2601 3541 2660 3602 q.
2700 3522 2805 3589 cit.

349 3626 468 3686 art.
501 3623 562 3685 4.
596 3621 979 3686 Advertatur
1017 3621 1246 3696 tamen,
1282 3621 1722 3702 argumentum
1754 3619 1940 3683 huius
1972 3621 2060 3684 rei
2094 3620 2361 3686 allatum
2400 3641 2436 3686 a
2470 3623 2806 3690 Pontificee

354 3748 390 3783 «ι
422 3741 546 3788 non
591 3723 756 3788 enim
796 3721 1026 3787 levitae
1064 3740 1102 3785 a
1147 3719 1355 3786 levitis
1389 3718 1658 3784 decimas
1696 3720 2002 3803 accepisse
2036 3721 2334 3804 leguntur
2356 3748 2391 3781 »
2429 3743 2647 3787 verum
2677 3742 2809 3789 esse

342 3827 417 3894 de
452 3828 660 3892 levitis
691 3826 936 3909 proprie
966 3827 1169 3904 dictis,
1203 3825 1314 3907 qui
1350 3823 1622 3889 ministri
1653 3826 1831 3889 erant
1883 3825 2311 3901 sacerdotum;
2352 3846 2498 3896 nam
2535 3829 2807 3896 ceterum

340 3932 571 3998 levitae
601 3950 673 3995 ex
704 3928 955 3996 decimis
989 3928 1256 4013 acceptis
1287 3928 1591 3996 decimam
1637 3930 1879 4010 partem
1925 3928 2071 3993 dare
2105 3928 2480 3998 iubebantur
2527 3929 2808 3995 sacerdo-

346 4037 536 4102 tibus.
569 4033 758 4099 Num.
793 4031 1029 4096 XVIII.
1067 4033 1306 4096 26.-28.
1342 4031 1485 4096 Non
1515 4030 1803 4112 prohibet
1832 4050 1980 4116 ergo
2004 4031 2325 4097 Paschalis
2355 4030 2440 4095 ΙΙ.
2474 4031 2809 4114 Episcopos

346 4156 397 4203 6.
430 4159 493 4223 g.
527 4156 565 4202 a
612 4134 898 4219 parochis
946 4133 1215 4215 accipere
1259 4134 1547 4211 decimas,
1582 4134 1637 4198 si
1673 4153 1828 4216 opus
1874 4133 1960 4198 sit
1996 4135 2061 4198 et
2090 4153 2232 4198 cum
2270 4133 2386 4197 hac
2431 4132 2809 4198 limitatione

345 4240 685 4323 accipimus
727 4238 920 4303 etiam
966 4237 1325 4318 sequentem
1370 4237 1719 4302 doctrinam
1751 4255 1799 4299 s.
1836 4235 2110 4302 Thomae
2149 4255 2208 4318 q.
2242 4234 2348 4299 cit.
2385 4254 2439 4299 a.
2474 4235 2567 4299 4.:
2607 4257 2645 4294 ι
2676 4232 2808 4299 Cle-

342 4344 476 4420 rici,
506 4343 571 4407 in
603 4342 910 4425 quantum
957 4338 1164 4404 clerici
1210 4341 1376 4417 sunt,
1409 4338 1572 4404 idest
1616 4339 1680 4403 in
1728 4340 2038 4420 quantum
2085 4338 2317 4404 habent
2363 4335 2807 4404 ecclesiasticas

344 4445 779 4528 possessiones,
806 4441 1075 4508 decimas
1107 4441 1344 4506 solvere
1374 4459 1497 4505 non
1531 4440 1838 4506 tenentur.
1873 4440 1966 4505 Ex
2003 4440 2128 4505 alia
2158 4458 2304 4504 vero
2338 4458 2547 4516 causa,
2573 4439 2808 4510 scilicet

346 4549 600 4632 propter
643 4548 759 4614 hoc
805 4544 972 4629 quod
1020 4543 1339 4628 possident
1365 4542 1613 4627 proprio
1652 4542 1785 4607 iure
1824 4544 1921 4607 vel
1958 4562 2031 4607 ex
2067 4542 2448 4607 successione
2479 4543 2807 4626 parentum
