3497 5147
421 336 565 415 [994]
948 352 1031 393 1111
1067 353 1146 394 m·
1181 352 1428 402 ausum
1465 353 1737 395 macoma
1776 351 1915 394 sim·
1949 350 2185 395 oscum
2222 351 2353 395 mo.
2776 336 2880 392 731

420 448 586 514 Hinc
616 448 670 513 si
698 448 869 513 iusta
900 467 1090 513 causa
1123 450 1407 514 occurrat
1433 449 1699 534 legendi,
1731 450 1978 514 nullum
2009 449 2129 513 erit
2174 449 2530 531 peccatum:
2566 449 2682 515 etsi
2713 449 2887 514 invo-

420 551 693 616 luntarie
723 551 1053 617 delectatio
1086 552 1406 630 excitetur,
1432 552 1769 617 dummodo
1804 552 1967 618 absit
1997 552 2342 636 periculum
2366 552 2716 636 proximum
2748 569 2888 616 con·

423 673 642 720 sensus
687 655 753 719 111
799 673 956 719 03111.
993 653 1060 719 Si
1104 673 1249 720 vero
1297 674 1370 719 ex
1415 655 1779 721 curiositate
1825 654 2002 740 legis,
2042 673 2185 720 cum
2230 654 2382 719 haec
2425 654 2554 718 iam
2603 653 2688 717 sit
2730 653 2887 716 levis

424 757 609 839 culpa
654 757 718 820 et
764 757 894 820 sine
941 776 1128 822 causa
1174 757 1362 822 alicui
1405 758 1678 841 periculo
1733 758 1975 821 remoto
2024 758 2086 821 te
2133 774 2400 839 exponas
2446 756 2702 840 peccati,
2750 754 2884 818 leve

426 859 649 923 saltem
681 858 802 922 erit
837 861 1179 942 peccatum.
1205 859 1265 923 N
1267 879 1334 924 ec
1366 878 1521 943 opus
1551 862 1648 924 est
1679 858 1919 935 addere,
1946 859 2112 940 quod
2143 859 2391 924 evidens
2424 861 2539 936 est,
2565 858 2887 940 peccatum

426 979 556 1026 esse
584 959 793 1036 letale,
827 961 881 1025 si
910 960 1024 1025 hos
1059 960 1251 1026 libros
1286 962 1460 1046 legas
1491 981 1565 1026 ex
1609 961 1954 1026 intentione
1984 979 2277 1026 venereae
2307 959 2756 1036 delectationis,
2792 957 2889 1022 vel

428 1083 570 1129 cum
599 1063 880 1146 proximo
910 1063 1183 1145 periculo
1215 1083 1548 1129 consensus
1577 1065 1642 1129 in
1675 1084 1833 1129 eam.

518 1167 679 1232 Item
712 1165 766 1231 si
800 1164 944 1230 libri
974 1185 1098 1231 non
1141 1167 1269 1231 sint
1302 1168 1580 1252 graviter
1625 1170 1860 1250 11111108,
1892 1169 1969 1231 111
2014 1166 2358 1251 11011011111111
2403 1166 2643 1249 11000311
2690 1165 2889 1248 proxi-

427 1289 603 1334 mum
632 1287 756 1334 non
787 1268 889 1345 sit,
924 1287 1047 1334 non
1078 1270 1198 1334 erit
1227 1287 1442 1334 eorum
1472 1271 1657 1335 lectio
1695 1271 2020 1353 peccatum
2051 1270 2340 1335 mortale.

521 1367 694 1443 993.
727 1370 903 1450 Quod
934 1372 999 1434 in
1029 1372 1293 1437 lectione
1337 1372 1641 1437 librorum
1670 1373 1955 1453 turpium
1991 1373 2181 1445 valet,
2215 1372 2385 1437 valet
2414 1390 2521 1454 per
2558 1390 2623 1435 se
2671 1371 2733 1434 in
2765 1389 2894 1451 spe-

431 1474 703 1540 ctatione
763 1473 1223 1540 comoediarum
1268 1474 1590 1557 turpium:
1640 1474 1856 1539 eadem
1910 1474 2074 1539 enim
2121 1475 2216 1538 est
2269 1472 2454 1538 ratio.
2504 1471 2895 1555 Quapropter

433 1595 482 1642 s.
520 1576 706 1660 Alph.
738 1595 799 1640 n.
833 1577 985 1640 427.
1018 1577 1278 1642 statuit:
1313 1577 1365 1640 si
1403 1576 1753 1642 comoediae
1785 1595 1909 1642 non
1941 1576 2068 1642 sint
2113 1576 2476 1641 notabiliter
2513 1576 2747 1657 turpes,
2788 1593 2892 1639 eas

433 1679 751 1744 audientes
772 1697 897 1743 non
921 1698 1169 1762 peccare
1199 1680 1569 1756 mortaliter,
1596 1679 1718 1743 nisi
1741 1679 1879 1762 quis
1903 1680 2032 1744 iam
2056 1679 2142 1744 sit
2166 1679 2453 1762 expertus
2478 1676 2892 1761 fragilitatem

434 1797 631 1847 suam.
652 1779 718 1845 Si
739 1799 884 1845 vero
925 1781 1052 1845 sint
1083 1781 1445 1846 notabiliter
1472 1784 1706 1864 turpes,
1734 1782 1862 1846 sive
1897 1781 2099 1864 quoad
2122 1800 2218 1846 res
2250 1781 2379 1845 sive
2404 1779 2611 1862 quoad
2633 1779 2890 1843 modum

431 1903 645 1949 rursus
676 1903 726 1950 s.
759 1886 994 1950 Doctor
1023 1885 1390 1970 distinguit:
1430 1904 1577 1950 nam
1623 1886 1890 1950 mortale
1922 1887 2017 1950 est
2062 1903 2166 1950 eas
2204 1885 2480 1967 spectare
2515 1883 2592 1948 ob
2631 1883 2892 1947 delecta-

432 1987 665 2052 tionem
695 1989 1169 2072 consurgentem
1201 2006 1272 2052 ex
1303 1987 1452 2071 ipsis
1497 1987 1680 2052 rebus
1711 1987 2001 2069 turpibus
2047 1985 2197 2068 (non
2228 2005 2300 2049 ex
2345 1984 2759 2068 pulcritudine
2793 1982 2896 2048 lit‹

433 2089 662 2154 teraria
709 2091 971 2174 operis):
1019 2090 1259 2155 veniale
1305 2109 1447 2155 vero
1498 2090 1575 2154 ob
1620 2090 2049 2155 curiositatem
2095 2090 2347 2154 tantum
2394 2089 2507 2152 aut
2538 2087 2616 2152 ob
2661 2105 2895 2151 vanum

434 2191 749 2268 solatium,
781 2192 1019 2257 secluso
1052 2195 1262 2257 tamen
1294 2191 1566 2275 periculo
1599 2211 1935 2257 consensus
1965 2191 2029 2255 in
2068 2192 2315 2274 turpem
2349 2190 2844 2254 delectationem.

522 2293 595 2358 In
640 2294 814 2376 praxi
859 2313 1003 2360 vero
1048 2294 1294 2359 videtur
1341 2313 1390 2358 s.
1430 2294 1614 2377 Aiph.
1651 2294 1995 2377 periculum
2042 2294 2160 2359 hoc
2192 2293 2372 2358 valde
2404 2311 2515 2375 pro
2551 2292 2894 2357 adolescen-

433 2396 601 2461 tibus
647 2397 886 2461 timere.
933 2396 1099 2461 Nam
1142 2397 1208 2461 in
1254 2396 1373 2462 fine
1417 2416 1479 2461 n.
1514 2398 1664 2461 427.
1699 2397 1912 2462 subdit
1944 2397 2123 2462 haec:
2165 2422 2200 2454 «
2232 2395 2424 2461 Nullo
2459 2397 2671 2459 autem
2708 2396 2893 2461 modo

435 2518 472 2563 a
515 2499 770 2564 mortali
816 2518 1170 2565 excusarem
1216 2498 1686 2577 adolescentem,
1720 2500 1832 2583 qui
1877 2499 2110 2582 absque
2154 2497 2524 2564 necessitate
2561 2497 2751 2561 vellet
2795 2517 2898 2561 cu-

432 2601 736 2667 riositatis
782 2621 971 2667 causa
1016 2601 1372 2667 huiusmodi
1418 2602 1752 2668 comoediis
1799 2603 2116 2679 interesse,
2149 2602 2271 2667 nisi
2316 2602 2458 2684 quis
2503 2603 2666 2665 esset
2712 2600 2893 2665 valde

433 2703 770 2769 timoratus
818 2707 881 2769 et
923 2705 1175 2787 insuper
1218 2705 1450 2787 pluries
1497 2708 1659 2769 esset
1704 2708 1993 2788 expertus
2025 2705 2209 2788 (puta
2247 2723 2390 2770 cum
2428 2723 2499 2769 ex
2531 2702 2896 2779 necessitate

432 2805 748 2891 interfuit)
769 2807 912 2871 illas
936 2806 1269 2891 spectando
1293 2825 1613 2890 nunquam
1635 2807 1910 2872 letaliter
1932 2826 2247 2890 peccasse:
2274 2806 2458 2872 modo
2483 2823 2596 2870 suo
2617 2805 2894 2887 exemplo

436 2907 577 2973 aliis
615 2908 1104 2974 adolescentibus
1137 2909 1518 2975 occasionem
1547 2927 1671 2973 11011
1701 2910 2023 2992 praeberet
2052 2908 2411 2974 huiusmodi
2458 2910 2603 2989 turp
2615 2908 2756 2972 ibus
2801 2926 2898 2971 re-

436 3012 1037 3093 praesentationibus
1070 3012 1398 3077 assistendi
1430 3037 1491 3076 ».
1526 3010 1696 3091 Quae
1742 3014 2057 3095 postrema
2093 3012 2390 3076 limitatio
2425 3011 2503 3075 ad
2536 3009 2898 3075 scandalum

438 3112 701 3178 aliorum
751 3115 1079 3179 vitandum
1122 3116 1380 3198 spectat.

528 3211 702 3286 994.
736 3216 1031 3300 Specialis
1077 3220 1289 3282 autem
1333 3218 1619 3300 quaestio
1666 3217 1760 3290 fit,
1794 3236 1873 3281 311
1919 3218 2196 3302 graviter
2241 3219 2490 3300 peccent
2525 3235 2757 3293 omnes,
2791 3214 2897 3298 qui

436 3320 714 3401 pecunia,
764 3319 1139 3394 assistentia,
1187 3318 1509 3401 plausibus
1554 3319 1767 3383 favent
1813 3319 2147 3384 comoediis
2193 3319 2554 3384 notabiliter
2588 3318 2896 3401 turpibuS,

437 3420 688 3485 etiamsi
733 3421 864 3484 sine
908 3419 1035 3482 illis
1074 3421 1422 3485 comoediae
1468 3423 2092 3503 repraesentarentur,
2129 3421 2434 3504 quatenus
2466 3421 2594 3485 iam
2643 3422 2720 3486 ab
2761 3422 2900 3485 aliis

438 3522 583 3586 illae
628 3522 1058 3605 procurantur.
1097 3521 1339 3601 Duplex
1383 3523 1742 3605 hypothesis
1775 3523 1908 3587 fieri
1940 3525 2165 3605 potest.
2191 3522 2307 3586 Vel
2340 3523 2502 3587 enim
2535 3524 2712 3606 ponis
2746 3524 2901 3588 istos
2977 3528 2984 3535 ’

442 3623 720 3688 homines
766 3623 1144 3707 complacere
1175 3622 1291 3687 sibi
1321 3623 1385 3686 in
1430 3624 1819 3707 turpitudine
1855 3625 2315 3689 comoediarum
2363 3644 2589 3706 easque
2636 3628 2711 3688 ut
2740 3627 2899 3691 tales

442 3726 781 3809 approbare
812 3727 876 3791 et
906 3727 1062 3791 velle
1094 3743 1452 3810 promovere
1482 3726 1741 3808 pecunia
1776 3729 1839 3792 et
1863 3726 2106 3809 plausu,
2148 3746 2307 3809 quae
2341 3729 2438 3791 est
2470 3727 2897 3812 hyphothesis,

442 3847 631 3911 quam
666 3829 731 3893 in
776 3830 978 3912 priore
1010 3850 1121 3896 suo
1161 3831 1530 3914 argumento
1577 3828 1729 3893 facit
1762 3827 1944 3895 Croix
1981 3830 2088 3893 lib.
2117 3832 2177 3893 2.
2204 3850 2263 3894 n.
2292 3831 2479 3895 239.:
2514 3832 2578 3895 et
2609 3830 2696 3893 sic
2725 3830 2901 3894 nulla

442 3931 778 3997 difficultas
824 3950 955 3997 esse
1000 3935 1226 4015 potest,
1267 3932 1428 4014 quod
1479 3932 1542 3996 hi
1589 3932 1869 3998 homines
1914 3934 2165 4015 peccent
2200 3934 2573 3999 mortaliter.
2609 3933 2726 3996 Vel
2764 3951 2904 4016 sup-

440 4036 618 4121 ponis
664 4036 942 4102 homines
986 4035 1143 4103 istos
1190 4036 1410 4119 opibus
1442 4036 1592 4113 81118,
1628 4034 2003 4112 assistentia,
2040 4035 2264 4118 plausu
2300 4035 2639 4119 approbare
2673 4036 2735 4098 et
2767 4052 2903 4117 pro-

440 4158 685 4205 movere
703 4140 861 4204 velle
883 4139 1513 4222 repraesentationem
1535 4138 1995 4203 comoediarum
2019 4139 2327 4221 quatenus
2354 4138 2730 4203 recreativae
2755 4138 2905 4202 sunt

438 4246 502 4308 et
533 4243 861 4320 delectant,
896 4242 1181 4325 quamvis
1214 4241 1414 4305 sciant
1443 4245 1507 4306 et
1536 4240 1788 4306 videant
1811 4261 1915 4306 eas
1952 4243 2166 4325 turpes
2199 4261 2361 4307 esse:
2396 4243 2459 4306 et
2490 4242 2600 4314 sic,
2627 4242 2680 4305 si
2712 4241 2902 4306 etiam

441 4352 570 4415 sine
614 4351 742 4414 illis
772 4349 1125 4415 comoediae
1157 4347 1315 4411 istae
1345 4347 1577 4428 pariter
1608 4350 1960 4432 agerentur,
1995 4349 2279 4432 quaestio
2312 4350 2533 4432 sponte
2567 4348 2786 4426 oritur,
2822 4367 2901 4413 an

443 4453 510 4517 hi
540 4452 818 4538 graviter
848 4450 1117 4534 peccent.

536 4553 716 4620 Certe
764 4553 818 4617 si
862 4554 1088 4636 plausu
1133 4550 1377 4633 probas,
1412 4551 1466 4615 si
1497 4553 1861 4634 praesertim
1908 4553 2233 4637 applaudis
2279 4573 2420 4618 cum
2459 4554 2694 4635 aliquid
2725 4551 2904 4616 valde
