3497 5147
683 337 795 392 320
878 351 1089 392 TRAcr.
1121 353 1198 393 vr.
1224 352 1387 393 sacr.
1415 353 1454 392 1.
1480 353 1565 391 nn:
1591 351 1784 392 ano
1812 349 2030 391 paam.
2056 349 2388 391 DECALOGI.
2417 350 2550 391 cAP.
2578 352 2643 392 11.
2672 353 2814 394 nun.
2840 353 2933 394 111.
3005 340 3155 417 [432]

686 450 904 533 gratiS,
938 469 1083 513 cum
1121 449 1210 512 ita
1243 450 1329 513 sit
1372 449 1777 522 constitutuS,
1813 448 1887 511 ut
1916 466 2039 511 non
2086 447 2281 524 daret,
2317 447 2370 511 si
2409 448 2677 513 alterum
2714 469 2839 515 non
2875 455 3152 534 speraret

684 551 1061 614 movendum
1099 552 1170 614 ad
1207 551 1521 616 dationem
1569 550 1915 632 spiritualis
1954 551 2018 613 et
2048 550 2102 612 si
2147 551 2276 632 ipse
2309 569 2415 633 spe
2451 569 2565 615 sua
2611 551 2967 632 frustretur,
3007 575 3151 638 que·

683 654 862 716 ratur
893 653 1010 716 sibi
1041 653 1232 717 fuisse
1278 654 1564 718 illusum:
1600 671 1767 736 ergo.
1803 653 2130 716 Praeterea
2162 652 2215 715 si
2256 653 2438 717 modo
2472 653 2636 718 dicto
2685 657 3150 738 permitteretur

683 754 828 819 dare
878 756 1217 838 temporale
1266 756 1343 820 ad
1391 755 1794 820 obtinendum
1842 754 2166 837 spirituale
2206 757 2269 819 et
2304 755 2598 834 vicissim,
2632 761 2902 824 cessaret
2948 762 3149 825 omnis

682 855 949 922 simonia
978 858 1044 921 in
1076 858 1210 923 foro
1257 860 1507 922 externo
1541 859 1605 921 et
1634 857 2030 922 eluderentur
2063 875 2274 921 omnes
2304 876 2566 922 canones
2598 878 2736 923 eam
2782 860 3147 928 damnantes

682 978 1018 1041 eorumque
1050 979 1282 1043 poenae
1320 962 1383 1024 in
1416 961 1789 1024 simoniacos
1836 960 2152 1036 statutae:
2189 960 2336 1039 quia
2373 960 2578 1041 quivis
2615 961 2864 1042 diceret,
2898 983 2963 1028 se
2994 966 3148 1030 tem·

678 1063 891 1144 porale
922 1082 1045 1127 non
1077 1063 1223 1127 dare
1258 1065 1334 1126 ut
1365 1063 1654 1144 pretium,
1683 1062 1788 1126 sed
1821 1063 2026 1125 solum
2058 1063 2133 1125 ut
2163 1062 2473 1126 motivum
2497 1086 2558 1127 ».

769 1164 852 1228 Et
898 1164 1059 1228 Viva
1105 1166 1170 1228 in
1218 1163 1481 1249 Synopsi
1527 1164 1828 1228 Trutinae
1875 1164 2100 1227 harum
2146 1164 2476 1247 proposit:
2533 1190 2569 1224 «
2599 1166 2673 1229 In
2719 1166 2817 1232 his
2865 1168 3148 1234 thesibus

677 1268 1069 1350 supponitur,
1118 1267 1284 1349 quod
1332 1266 1672 1349 temporale
1733 1285 1844 1348 pro
1900 1266 2214 1349 spirituali
2268 1265 2448 1331 detur
2501 1287 2643 1332 cum
2692 1269 2901 1352 aliquo
2959 1272 3142 1353 pacto

677 1369 902 1433 saltem
932 1370 1235 1451 implicito
1271 1371 1384 1433 aut
1411 1369 1908 1452 interpretativo.
1936 1368 2199 1432 Etiamsi
2234 1370 2486 1451 pactum
2521 1369 2758 1454 obliget
2787 1372 3038 1436 tantum
3069 1392 3143 1438 ex

675 1471 1123 1548 benevolentia,
1163 1471 1547 1557 gratitudine
1580 1472 1643 1534 et
1679 1470 2001 1546 fidelitate,
2036 1489 2158 1535 non
2197 1490 2268 1535 ex
2314 1471 2582 1547 iustitia,
2616 1473 2820 1538 adhuc
2865 1475 3146 1540 continet

675 1573 1032 1651 simoniam:
1069 1574 1429 1657 superaddit
1460 1574 1623 1637 enim
1662 1592 1894 1637 novum
1926 1592 2262 1656 gravamen
2296 1574 2495 1656 pretio
2529 1575 2918 1641 aestimabile
2944 1604 3005 1642 ».

764 1673 942 1755 Quod
980 1695 1125 1740 vero
1157 1677 1385 1740 dicitur
1414 1676 1479 1740 in
1515 1676 1699 1758 Prop.
1735 1676 1844 1739 45.
1881 1674 1956 1738 de
1993 1677 2505 1754 compensatione,
2540 1677 2988 1743 advertendum
3025 1681 3142 1763 pri-

673 1798 866 1856 mum,
901 1777 1066 1861 quod
1100 1780 1235 1842 DD.
1263 1778 1511 1843 docent:
1546 1797 1764 1860 nempe
1798 1777 1936 1842 siin
1976 1779 2229 1859 pactum
2266 1779 2549 1862 gratuita
2573 1782 2998 1863 compensatio
3031 1801 3137 1847 seu

671 1885 977 1949 naturalis
1027 1885 1328 1968 obligatio
1376 1885 1785 1970 gratitudinis
1832 1884 2192 1961 deducatur,
2232 1885 2499 1950 simonia
2547 1886 2939 1966 admittitur:
2991 1890 3139 1972 quia

673 1986 788 2051 hoc
824 1989 1077 2068 pactum
1126 1986 1298 2051 addit
1343 2006 1682 2072 gravamen
1728 2005 1963 2050 novum
2012 1987 2211 2068 pretio
2261 1987 2646 2053 aestimabile
2685 1991 2750 2053 et
2794 1990 2965 2056 datio
3011 2011 3134 2057 non

669 2092 765 2153 est
804 2089 1072 2171 amplius
1104 2089 1407 2173 gratuita,
1448 2088 1554 2151 sed
1590 2088 1819 2151 debita.
1854 2086 1946 2151 C-f.
1982 2086 2283 2153 Schmalz.
2319 2089 2363 2154 l.
2390 2109 2440 2152 c.
2466 2109 2525 2154 n.
2556 2092 2684 2168 62„
2719 2092 2828 2174 qui
2857 2093 3136 2157 affirmat

665 2193 729 2256 id
761 2195 1001 2257 eertum
1026 2211 1156 2257 esse
1189 2212 1261 2256 ex
1290 2192 1396 2256 cit.
1425 2210 1598 2274 prop.
1626 2192 1733 2253 45.
1762 2191 1970 2253 Innoo.
1997 2190 2109 2254 XI.
2138 2191 2309 2255 ldem
2342 2192 2617 2256 affirmat
2650 2192 2813 2258 Viva
2835 2194 2900 2258 in
2928 2195 3133 2278 ipsam

665 2297 986 2377 prop.n.2.
1013 2295 1296 2377 inquiens
1329 2294 1661 2377 postremis
1686 2291 1960 2357 eiusdem
1994 2293 2197 2356 verbis
2230 2293 2587 2358 huiusmodi
2612 2296 2797 2377 pacta
2827 2296 3131 2362 damnari.

754 2392 935 2467 432.
976 2396 1154 2476 Quod
1185 2416 1329 2462 vero
1370 2397 1612 2480 spectat
1649 2396 1726 2459 ad
1761 2414 1933 2477 spem
1963 2395 2281 2478 gratuitae
2315 2398 2854 2479 compensationis,
2881 2399 3030 2464 licet
3060 2420 3132 2464 ea

663 2500 994 2564 simoniam
1041 2520 1162 2565 non
1209 2500 1481 2576 inducat,
1526 2498 1777 2562 adverte
1825 2499 2032 2562 tamen
2081 2497 2426 2562 doctrinam
2465 2518 2513 2562 s,
2555 2500 2773 2564 Thom.
2824 2500 2901 2565 de
2948 2502 3134 2567 Malo

664 2624 721 2686 q.
754 2606 856 2667 13.
885 2606 1002 2668 art.
1029 2605 1090 2667 4.
1119 2605 1198 2667 ad
1226 2605 1327 2667 13.
1363 2622 1614 2684 nempe:
1649 2626 1685 2661 ⁴<
1711 2603 1900 2666 aliam
1934 2621 2064 2667 esse
2096 2602 2403 2666 rationem
2440 2602 2513 2667 de
2551 2603 2912 2683 simoniaco,
2942 2606 3130 2672 aliam

662 2705 736 2769 de
768 2706 1087 2781 usurario:
1130 2706 1277 2787 quia
1316 2705 1691 2769 simoniacus
1730 2723 1853 2769 non
1885 2705 1995 2768 dat
2024 2705 2107 2781 id,
2148 2704 2313 2786 quod
2346 2706 2440 2768 est
2480 2724 2681 2781 suum,
2717 2707 2824 2771 sed
2861 2708 2927 2771 id
2965 2709 3128 2791 quod

662 2809 758 2871 est
788 2806 1023 2872 Christi
1055 2808 1118 2871 et
1162 2808 1299 2872 ideo
1332 2826 1455 2872 non
1487 2808 1669 2871 debet
1712 2826 1958 2889 sperare
2006 2806 2282 2889 aliquam
2328 2809 2964 2889 recompensationem
3012 2811 3129 2876 sibi

640 2908 947 2986 fiendam,
982 2909 1085 2973 sed
1117 2910 1323 2975 solum
1377 2911 1672 2974 honorem
1705 2908 1940 2973 Christi
1976 2910 2040 2973 et
2093 2909 2437 2973 utilitatem
2469 2910 2810 2990 Ecclesiae:
2845 2914 2954 2978 sed
2986 2934 3129 2979 usu-

658 3013 861 3077 rarius
900 3032 1021 3078 non
1068 3014 1348 3096 praestat
1394 3013 1575 3076 alteri
1612 3012 1733 3076 nisi
1782 3012 1946 3093 quod
1993 3030 2177 3074 suum
2216 3012 2343 3076 est:
2384 3012 2544 3077 unde
2591 3016 2801 3096 potest
2846 3016 3123 3099 aliquam

660 3116 1046 3180 amicabilem
1081 3115 1714 3198 recompensationem
1739 3132 1981 3195 sperare
2013 3132 2120 3194 per
2143 3113 2399 3177 modum
2429 3115 2814 3196 praedictum
2837 3142 2874 3176 >
2905 3137 3124 3203 nempe

664 3243 701 3278 ι
746 3219 956 3301 potest
1000 3238 1228 3283 munus
1274 3237 1518 3301 sperare
1563 3235 1687 3280 non
1742 3216 1921 3296 quasi
1969 3215 2246 3280 debitum
2295 3236 2366 3280 ex
2422 3217 2691 3299 quadam
2740 3220 3122 3305 obligatione

657 3319 851 3384 tacita
882 3320 981 3383 vel
1012 3339 1360 3402 expressa...
1395 3319 1500 3383 sed
1547 3318 1726 3399 quasi
1772 3317 2124 3400 gratuitum
2159 3320 2221 3382 et
2254 3319 2485 3400 absque
2532 3321 2915 3405 obligatione
2947 3344 3123 3406 pra&

653 3421 948 3488 standum
981 3425 1044 3487 et
1074 3423 1161 3487 sic
1192 3423 1361 3487 licite
1394 3423 1601 3504 potest
1631 3420 1757 3495 ille,
1785 3421 1892 3501 qui
1924 3420 2197 3499 mutuat,
2225 3439 2469 3502 sperare
2503 3422 2756 3504 aliquod
2787 3444 3016 3490 munus
3041 3426 3120 3490 ab

653 3544 744 3603 eo,
779 3526 880 3589 cui
912 3526 1184 3602 mutuat,
1219 3526 1383 3589 sicut
1413 3525 1523 3606 qui
1553 3522 1705 3586 facit
1739 3522 2063 3586 servitium
2097 3522 2305 3597 alicui,
2346 3523 2599 3587 confidit
2631 3524 2703 3589 de
2736 3545 2829 3604 eo,
2864 3529 2940 3591 ut
2973 3528 3120 3592 ami·

652 3628 934 3693 cabiliter
973 3647 1085 3693 suo
1121 3629 1397 3710 tempore
1429 3626 1756 3691 servitium
1794 3624 1988 3689 faciat
2009 3650 2071 3686 ».

741 3732 913 3795 Haec
944 3751 1087 3795 vera
1121 3733 1296 3796 sunt:
1330 3731 1736 3796 veruntamen
1777 3728 2027 3793 adverte
2062 3725 2127 3791 1⁰
2157 3747 2279 3793 non
2313 3729 2550 3795 excludi
2586 3730 2895 3795 rationem
2925 3736 3120 3818 grati·

650 3834 887 3898 tudinis
935 3834 997 3896 in
1044 3853 1136 3911 eo,
1187 3835 1295 3916 qui
1340 3834 1574 3916 accepit
1618 3831 1912 3897 beneficia
1957 3832 2344 3913 temporalia.
2384 3850 2508 3912 qua
2555 3836 2996 3914 permoveatur
3038 3836 3113 3900 ad

652 3934 1006 4018 spiritualia
1052 3935 1465 4012 retribuenda,
1515 3953 1710 4016 neque
1757 3953 1971 3998 rursus
2017 3933 2257 3997 excludi
2317 3933 2766 4017 gratitudinem
2813 3937 2895 4000 ob
2942 3938 3116 4021 spiri-

650 4038 850 4102 tualia
885 4038 1154 4119 accepta,
1188 4056 1311 4119 qua
1343 4038 1482 4120 quis
1514 4038 1842 4101 moveatur
1874 4035 1950 4099 ad
1983 4035 2324 4117 temporale
2363 4034 2680 4118 quidpiam
2712 4037 3108 4105 offerendum.

648 4140 812 4205 Nam
851 4140 1112 4203 tributio
1145 4140 1273 4204 sive
1312 4139 1734 4222 spiritualium
1783 4138 1911 4201 sive
1942 4137 2381 4220 temporalium
2415 4137 2902 4205 benevolentiam
2949 4144 3116 4226 parit

648 4244 712 4306 et
749 4262 821 4306 ea
846 4243 1007 4306 bona
1031 4262 1102 4306 ex
1134 4240 1558 4306 benevolentia
1591 4239 1783 4303 tribui
1815 4244 2107 4322 possunt:
2135 4240 2561 4305 benevolentia
2594 4243 2807 4308 autem
2839 4246 3111 4312 nectitur

646 4363 788 4408 cum
818 4345 1223 4429 gratitudine.

731 4447 874 4512 Huc
910 4447 1149 4511 faciunt
1186 4465 1345 4527 quae
1383 4445 1579 4509 tradit
1615 4443 1841 4509 Suarez
1881 4445 1954 4509 de
1981 4445 2265 4510 Simom‘a
2295 4467 2346 4510 c.
2387 4448 2492 4511 45.
2535 4467 2636 4511 nn.
2671 4448 2824 4512 4.-6.
2859 4448 3110 4515 Scilicet

640 4550 785 4613 dare
839 4548 1273 4629 quodcumque
1327 4547 1559 4612 donum
1620 4549 1719 4612 vel
1782 4549 2167 4629 obsequium,
2218 4568 2360 4613 eum
2421 4569 2526 4632 spe
2571 4551 2984 4634 gratitudinis
3041 4554 3108 4617 et
