3497 5147
334 347 473 430 {³630}
1049 373 1134 413 nn
1170 357 1313 415 von
1354 374 1754 415 mmmmm-vn
1792 375 2063 417 munem
2681 366 2793 422 517

331 471 493 555 quod
533 488 654 534 non
705 468 860 533 satis
909 471 1006 534 est
1054 470 1130 534 ad
1178 471 1447 554 spolium
1494 473 1897 555 possessionis
1935 475 2156 538 certae.
2209 473 2373 539 Hinc
2419 495 2482 539 se
2528 478 2796 543 remittit

332 574 647 659 praeterea
690 570 765 635 ad
801 571 1156 655 generalem
1188 571 1532 637 doctrinam
1564 571 1789 637 Suarez
1823 573 1897 638 de
1929 575 2092 639 votis
2123 574 2345 640 dubiis.

419 677 612 741 Porro
660 674 943 740 doctrina
1001 675 1227 742 Suarez
1264 676 1340 740 de
1394 676 1525 741 Vot.
1575 677 1680 741 lib.
1717 679 1778 741 4.
1812 683 1944 762 cap.
1979 679 2040 742 6.
2079 699 2138 743 11.
2179 681 2236 743 1.
2289 681 2440 746 haec
2471 684 2599 747 est:
2647 707 2682 740 «
2719 683 2792 747 In

311 779 423 846 his
458 777 863 862 probabiliter
906 781 1139 857 censen,
1186 778 1252 842 in
1299 795 1446 844 casu
1494 778 1679 844 dubio
1726 780 2129 846 iudicandum
2176 801 2305 847 esse
2366 784 2582 848 votum
2631 783 2795 849 infir-

310 895 500 949 'mum
550 897 659 945 seu
706 879 1030 945 irritabile.
1066 881 1255 946 Ratio
1303 883 1416 956 est,
1450 882 1597 963 quia·
1643 882 1887 947 favores
1918 885 2066 947 sunt
2113 885 2477 967 ampliandi3
2528 885 2793 970 pertinet

327 987 539 1050 autem
573 982 651 1047 ad
673 981 992 1060 “favoretm
1027 985 1101 1047 ut
1138 982 1293 1046 talia
1318 984 1466 1047 vota
1513 983 1640 1048 sint
1686 984 2036 1049 irritabilia.
2071 984 2192 1064 Qui
2222 986 2399 1052 favor
2435 1006 2556 1052 non
2589 988 2791 1054 solum

324 1103 748 1170 personarum,
784 1085 890 1149 sed
935 1084 1132 1168 ipsius
1166 1085 1357 1149 etiam
1388 1085 1705 1170 religionis
1739 1088 1810 1151 et'
1829 1087 2022 1150 'divini
2054 1087 2262 1152 cultus
2294 1089 2626 1154 censendus
2658 1092 2784 1167 est;

323 1189 474 1271 quia
521 1187 677 1250 talia
724 1185 873 1251 vota
900 1186 1099 1251 ⁴facile
1145 1186 1522 1272 franguntur
1576 1189 1637 1252 et
1693 1188 1829 1253 ideo
1878 1190 2221 1254 consultius
2275 1193 2388 1265 est,
2430 1193 2503 1256 ut
2549 1193 2786 1256 irritari

322 1291 595 1356 valeant.
645 1290 728 1354 Et
763 1290 879 1354 hoc
926 1290 1254 1355 confirmat
1284 1292 1630 1373 exemplum
1679 1292 1752 1355 de
1784 1292 2027 1357 casibus
2073 1295 2562 1377 reservatis‚‘qui
2611 1295 2790 1361 abso-

320 1395 455 1459 lute
505 1392 653 1458 dicti
702 1392 1034 1458 includunt
1071 1393 1321 1457 tantum
1369 1403 1548 1458 casus
1583 1395 1929 1458 ‘moraliter
1989 1398 2208 1460 certos.
2271 1397 2372 1461 Ita
2433 1399 2593 1462 enim
2639 1399 2790 1463 vota

320 1509 439 1561 non
492 1494 827 1559 irritabilia
873 1491 988 1558 illa
1034 1494 1282 1558 tantum
1331 1499 1672 1574 censentur,
1707 1515 1866 1579 quae
1897 1502 2139 1561 constat
2181 1498 2470 1563 habuisse
2500 1500 2659 1564 tales
2689 1501 2788 1564 vel

318 1599 481 1662 tales
543 1595 1130 1673 conditione83'nam
1158 1595 1341 1661 'sicut
1384 1598 1742 1675 reservatio,
1792 1599 1880 1662 ita
1931 1599 2233 1682 exemptio
2274 1620 2309 1664 a
2357 1601 2666 1684 potestate
2695 1601 2788 1666 'ir-

320 1701 573 1765 ritantis
621 1698 867 1763 videtur
900 1698 1111 1763 odiosa
1159 1702 1223 1763 et
1269 1700 1715 1784 restringenda.
1751 1725 1811 1763 ».
1861 1699 2032 1780 Quae
2079 1704 2352 1767 rationes
2398 1719 2583 1767 suum
2607 1705 2786 1786 plane

315 1805 512 1868 robur
558 1803 806 1866 habent.
843 1800 1021 1866 Unde
1052 1817 1295 1866 necesse
1323 1802 1489 1865 haud
1522 1805 1615 1866 est
1649 1802 1979 1868 adhaerere
2002 1803 2335 1888 exceptioni
2372 1824 2419 1869 s.
2461 1805 2780 1888 Alphonsi.

427 1941 597 1994 LVlll.
624 1940 676 1993 7.
705 1941 847 1993 Facta
884 1947 1104 2005 tempore
1128 1937 1445 1993 subiectionis
1470 1945 1676 2006 possunt
1704 1942 1864 1993 adhuc
1889 1939 2075 1994 irritari
2103 1949 2212 2008 post
2238 1929 2375 2008 illud,
2403 1958 2452 1997 v,
2477 1959 2552 2008 gr.
2583 1923 2778 2010 quando

320 2025 453 2078 nlius
483 2024 573 2077 iam
599 2031 671 2077 est
700 2027 868 2091 pubes.
901 2025 1046 2092 Quod
1071 2038 1238 2077 verum
1266 2031 1356 2089 est,
1383 2023 1475 2076 elsi
1499 2022 1545 2076 in
1588 2028 1841 2090 pubertate
1879 2040 1934 2078 ea
1974 2026 2280 2091 intimasset,
2311 2036 2484 2094 putans
2511 2044 2568 2082 ex
2600 2043 2768 2085 errore

319 2124 429 2164 esse
457 2111 620 2163 firma:
643 2117 786 2162 secus
806 2108 1047 2175 tamen‚'si
1072 2108 1261 2162 infirma
1289 2123 1398 2162 esse
1417 2108 1635 2162 novisset
1655 2116 1703 2162 et
1729 2109 2113 2176 independenter
2137 2126 2162 2164 a
2190 2112 2438 2179 prioribus
2462 2114 2773 2182 retinuisset,

315 2202 369 2248 ut
409 2197 551 2248 LesS.
582 2197 612 2248 Ι.
641 2198 689 2248 2.
716 2209 762 2250 c.
793 2194 874 2248 40.
899 2195 1016 2248 dub.
1052 2193 1135 2247 ⁴4.

401 2297 587 2373 880.
624 2303 715 2366 De
745 2301 862 2366 hac
898 2321 965 2366 re
997 2320 1141 2366 cum
1188 2301 1517 2384 multiplex
1553 2301 1686 2366 fieri
1709 2303 1908 2384 possit
1937 2305 2240 2384 quaestiO‚
2274 2306 2523 2388 prodest
2568 2307 2776 2372 adver·

304 2407 439 2470 tere
478 2403 790 2487 duplicem
840 2404 1125 2489 regulam
1150 2423 1188 2468 a
1212 2403 1479 2468 Sanchez
1503 2403 1610 2467 lib.
1644 2405 1707 2466 4.
1732 2423 1865 2487 cap.
1901 2407 2143 2470 30.·1111.
2182 2408 2239 2471 7.
2268 2409 2329 2471 8.
2348 2410 2770 2491 propositam:

309 2532 345 2564 «
379 2507 573 2571 Prior
620 2510 757 2571 est:
795 2506 1052 2587 Quando
1085 2507 1362 2589 potestas
1415 2507 1766 2590 superiori8‚
1802 2507 1979 2572 cuius
2031 2511 2305 2593 tempore
2337 2505 2555 2577 votum
2599 2505 2781 2579 'emis-

298 2628 447 2675 sum
486 2612 605 2685 est,
638 2627 761 2674 non
788 2613 883 2674 est
916 2610 1165 2675 omnino
1198 2606 1498 2673 exstincta
1532 2613 1644 2675 aut
1676 2611 1924 2674 omnino
1957 2628 2272 2694 suspensa,
2306 2614 2409 2677 sed
2441 2614 2646 2696 quoad
2671 2617 2779 2680 ali-

292 2712 457 2795 quid
508 2714 745 2787 manet‚
780 2714 988 2795 potest
1023 2712 1269 2776 irritare
1300 2708 1517 2776 votum
1565 2713 1964 2778 subiectionis
1996 2734 2144 2780 suae
2177 2718 2452 2800 tempore
2484 2719 2776 2784 emissum

298 2816 423 2879 etsi
474 2815 641 2879 illud
693 2815 820 2878 iam
859 2812 1204 2889 transierit3
1239 2811 1572 2879 dummodo
1619 2833 1690 2878 eo
1738 2818 2056 2881 transacto
2109 2835 2231 2882 non
2281 2821 2366 2883 sit
2395 2819 2592 2885 denuo
2640 2840 2779 2885 con-

294 2911 638 2983 firmatum
671 2942 732 2981 ».
776 2917 1064 3000 Intellige
1110 2916 1543 2981 confirmatum
1590 2918 1653 2980 et
1698 2917 2079 2982 ratificatum
2127 2939 2266 2984 cum
2321 2921 2578 2986 scientia
2615 2924 2779 2989 infir-

278 3019 559 3084 ·mitatis
597 3019 727 3083 voti
765 3020 909 3083 ante
940 3016 1331 3102 pubertatem
1375 3019 1604 3091 emissi,
1663 3021 1873 3102 prouti
1921 3021 2158 3088 Auctor
2193 3040 2439 3107 quoque
2493 3020 2774 3107 explicat.

290 3123 635 3189 Posterior
665 3122 881 3206 regula
914 3123 1042 3187 est:
1083 3147 1118 3181 <‹
1158 3120 1415 3201 Quando
1462 3140 1533 3186 ea
1566 3122 1897 3205 superioris
1945 3127 2221 3206 potestas
2255 3129 2350 3191 est
2396 3128 2644 3191 omnino
2681 3147 2777 3193 ex-

291 3226 547 3289 stincta
581 3226 696 3287 aut
728 3224 974 3287 omnino
1013 3241 1328 3307 suspensa,
1364 3222 1578 3306 nequit
1628 3223 1875 3288 irritare
1907 3243 1978 3289 ea
2025 3229 2174 3292 vota
2207 3252 2268 3292 ³».
2313 3230 2478 3292 Istae
2527 3232 2776 3313 regulae

278 3327 740 3411 quaestionem
775 3343 1017 3390 omnem
1047 3325 1319 3390 solvunt.

396 3429 820 3495 Consectaria
865 3429 1121 3512 reyulae
1155 3430 1416 3509 pnforz‘S.
1466 3430 1536 3493 Id
1567 3432 1737 3496 valet
1778 3433 1844 3495 1⁰
1873 3432 1950 3496 'de
1982 3426 2130 3508 filio,
2164 3433 2290 3495 iam
2338 3434 2503 3499 facto
2551 3438 2777 3516 pubere

285 3533 504 3597 relate
559 3531 637 3595 ad
685 3531 944 3613 patrem.
979 3531 1050 3595 Id
1098 3530 1436 3595 extendunt
1480 3532 1615 3594 DD.
1644 3533 1719 3595 ad
1768 3535 2034 3614 tempus,
2071 3550 2192 3613 quo
2225 3530 2391 3595 filius
2424 3533 2550 3596 iam
2575 3552 2779 3601 eman-

285 3636 559 3720 cipatus
598 3633 790 3698 fuerit
826 3634 889 3697 et
910 3632 1057 3698 licet
1091 3652 1345 3698 uxorem
1375 3632 1620 3697 duxerit
1660 3634 1723 3696 et
1754 3634 1838 3697 sit
1868 3636 2039 3697 extra
2071 3633 2354 3711 domum3
2390 3653 2533 3698 nam
2572 3637 2777 3703 solum

280 3738 731 3803 conditionem
753 3736 1098 3818 requirunt,
1124 3756 1199 3800 ne
1215 3738 1429 3819 postea
1453 3734 1684 3799 fuerint
1717 3736 1864 3799 vota
1890 3734 2256 3799 confirmata
2286 3736 2506 3801 Sanch.
2533 3738 2774 3804 Moral.

276 3841 395 3906 lib.
437 3843 510 3903 4.
552 3858 685 3921 cap.
714 3840 820 3902 30.
854 3857 915 3902 n.
954 3840 1056 3902 13.

483 3951 564 4012 2⁰
598 3948 792 4030 quue
829 3948 1000 4012 valet
1032 3947 1225 4012 relate
1258 3947 1335 4011 ad
1367 3948 1561 4011 alium
1591 3965 1855 4029 quoque,
1892 3944 1998 4028 qui
2035 3946 2308 4012 defuncti
2341 3947 2536 4031 patris
2568 3949 2776 4012 locum

251 4053 545 4125 defleat,
576 4051 704 4113 sive
736 4052 938 4114 mater
968 4050 1053 4115 sit
1090 4051 1219 4114 sive
1253 4068 1405 4113 avus
1430 4051 1557 4114 sive
1594 4052 1848 4115 curator
1877 4052 1992 4113 etc.

478 4152 565 4217 3⁰
598 4154 698 4217 Ita
732 4152 1055 4218 dicendum
1094 4155 1188 4217 est
1236 4153 1310 4216 de
1354 4155 1518 4217 votis
1563 4153 1901 4236 impuberis
1934 4153 2048 4217 sub
2080 4155 2317 4217 tutore:
2353 4156 2565 4217 exacto
2613 4153 2774 4217 enim

252 4261 595 4341 ‘tempore
642 4255 1059 4331 subiectioniS‚
1108 4252 1354 4318 irritare
1386 4256 1617 4336 poterit
1646 4258 1916 4328 curator,
1951 4255 2080 4317 sive
2127 4254 2336 4319 eadem
2385 4274 2645 4337 persona
2692 4256 2778 4319 sit

271 4378 457 4443 quae
514 4357 695 4440 prius
728 4360 862 4421 erat
893 4359 1088 4431 tutor,
1138 4356 1267 4420 sive
1301 4355 1444 4420 alia.
1472 4356 1690 4420 Sanch.
1727 4356 1902 4420 Μον.
1936 4357 2044 4419 lib.
2072 4358 2131 4419 4.
2167 4376 2300 4439 cap.
2336 4359 2441 4420 30.
2481 4379 2540 4421 n.
2589 4360 2682 4422 15.

475 4459 563 4523 4⁰
603 4459 763 4523 Hinc
809 4460 861 4523 si
910 4460 1134 4524 mulier
1181 4460 1377 4540 nupta
1423 4459 1587 4522 votis
1634 4478 1697 4522 se
1730 4459 1961 4540 absque
1992 4458 2241 4522 licentia
2272 4459 2388 4523 viri
2425 4460 2771 4535 adstrinxit,

272 4584 463 4651 quae
518 4560 637 4626 ille
683 4563 929 4645 poterat
969 4554 1219 4626 irritare
1267 4579 1375 4624 nec
1441 4560 1732 4635 irritavit,
1783 4561 2013 4642 poterit
2059 4578 2316 4642 sequens
2365 4564 2462 4626 vir
2508 4563 2771 4626 irritare.

268 4667 529 4733 Sanch.
575 4662 650 4726 de
674 4664 965 4727 Matrim.
1001 4664 1110 4728 lib.
1139 4665 1199 4727 9.
1229 4662 1381 4745 disp.
1408 4663 1514 4725 41.
1541 4681 1600 4725 11.
1636 4663 1695 4724 3.
