3497 5147
336 353 476 430 [162]
573 368 714 415 oms
751 367 918 408 onno
955 368 1318 410 smavAnnus
1356 370 1418 410 m
1458 369 1779 411 camum.
1805 371 2168 418 Quo-rurum(
2206 373 2570 416 uncassrms
2693 362 2798 416 119

417 466 592 531 Dicit
628 464 868 530 Auctor
918 491 954 524 «
1001 467 1134 529 nisi
1160 467 1424 548 gravius
1469 466 1706 531 malum
1736 467 1883 532 inde
1929 470 2256 534 immi-neat
2290 494 2359 535 »ε
2402 492 2459 536 v.
2512 493 2607 558 gr.
2650 474 2703 537 si
2736 476 2800 538 te

337 568 655 646 moriente,
690 587 763 631 ea
795 568 868 632 de
900 586 1088 633 causa
1120 569 1397 651 plurium
1444 570 1710 635 aliorum
1742 571 1914 635 salus
1946 571 2351 656 periclitetur.

427 666 558 741 161.
594 668 853 749 Quando
903 671 1115 735 autem
1159 671 1491 735 necessitas
1539 691 1660 736 non
1707 672 1793 737 sit
1834 673 2126 751 extrema,
2163 674 2268 738 sed
2316 677 2519 740 solum
2567 678 2797 761 graviS,

337 772 627 838 videlicet
672 791 862 853 quam
908 772 1050 855 quis
1098 772 1383 837 absolute
1429 793 1719 857 superare
1756 774 1983 857 potest,
2034 775 2181 839 licet
2228 775 2583 856 difficulter,
2632 779 2803 860 valet

336 874 557 939 decisio
606 873 920 950 Auctoris
971 873 1138 955 quod
1184 875 1515 940 teneantur
1546 876 1751 940 solum
1790 896 1932 941 cum
1966 879 2135 941 certo
2174 879 2447 961 periculo
2486 881 2653 946 vitae
2692 882 2801 963 qui

337 996 547 1042 curam
594 977 754 1041 hanc
797 975 1030 1040 habent
1075 996 1152 1040 ex
1198 977 1423 1057 officie,
1459 978 1807 1043 cuiusmodi
1853 981 2002 1044 sunt
2048 980 2337 1064 episcopi,
2386 983 2640 1065 parochi
2689 984 2801 1047 aut

339 1079 442 1143 alii
465 1098 680 1143 curam
715 1078 1065 1142 animarum
1088 1078 1403 1156 habentes,
1431 1081 1528 1144 uti
1559 1082 1906 1163 superiores
1938 1081 2420 1167 Religiosorum‚
2455 1085 2801 1168 cappellani

339 1182 584 1247 absente
608 1181 878 1264 parocho
903 1182 1018 1245 ete.
1046 1181 1128 1245 Et
1164 1182 1286 1246 huc
1317 1184 1558 1266 spectat
1581 1183 1738 1248 illud
1771 1181 2005 1248 Christi
2030 1185 2202 1250 Ioan.
2228 1186 2307 1249 X.
2338 1187 2440 1251 11.
2464 1211 2479 1251 :
2514 1214 2547 1244 «
2575 1187 2803 1252 Bonus

327 1287 552 1363 pasto-r
587 1284 869 1347 animam
911 1302 1094 1347 suam
1124 1282 1237 1347 dat
1252 1304 1376 1364 pro
1415 1284 1628 1349 ovibus
1651 1286 1788 1349 suis
1820 1311 1881 1349 ».

421 1387 632 1462 Ratio,
668 1385 816 1468 quia
853 1387 1135 1468 pastores
1168 1389 1412 1469 praeter
1442 1386 1643 1470 legem
1682 1389 1988 1463 caritatiS,
2037 1391 2327 1454 tenentur
2359 1390 2625 1455 subditis
2672 1411 2805 1455 suc-

338 1507 578 1553 currere
612 1507 684 1552 ex
718 1486 920 1552 officio
954 1488 1019 1552 et
1050 1490 1301 1571 propter
1332 1487 1717 1554 beneficium.

421 1589 543 1654 Hic
574 1589 974 1665 consectaria,
1008 1589 1174 1671 quod
1220 1590 1525 1673 parochus
1573 1610 1694 1656 non
1753 1592 1950 1674 possit
1994 1593 2207 1677 fugere
2256 1594 2530 1677 tempore
2579 1595 2801 1678 pestis:

338 1693 583 1757 tenetur
615 1693 778 1757 enim
803 1694 1192 1757 sacramenta
1226 1692 1680 1768 administrare,
1715 1693 1864 1756 licet
1901 1713 2022 1758 non
2063 1694 2291 1770 omnia,
2326 1695 2430 1759 sed
2464 1696 2669 1761 solum
2706 1717 2805 1761 ne-

343 1796 623 1871 cessaria,
662 1795 792 1859 scil.
828 1794 1212 1877 baptismum
1246 1797 1311 1858 et
1341 1794 1807 1876 poenitentiam.
1834 1793 1963 1859 Nec
1994 1813 2065 1860 eo
2097 1798 2376 1879 tempore
2407 1798 2615 1880 potest
2639 1797 2806 1863 abdi-

345 1914 480 1960 care
520 1898 893 1979 paroeciam3
933 1895 1081 1960 licet
1126 1896 1324 1978 possit
1357 1896 1550 1960 alium
1583 1897 1701 1960 sibi
1732 1897 2130 1977 substituere,
2168 1899 2488 1964 accedente
2504 1919 2806 1965 consensu

341 2001 666 2067 Ordinarii.
706 2002 767 2068 S.
806 2003 991 2086 Alph.
1026 2003 1134 2067 lib.
1178 2005 1236 2067 2.
1274 2023 1332 2066 n.
1375 2003 1479 2066 27.

423 2105 457 2142 *
491 2104 664 2170 Idem
697 2125 745 2170 s.
779 2106 1016 2171 Doctor
1047 2104 1194 2169 ibid.
1231 2104 1468 2188 aliquid
1506 2105 1676 2170 aliud
1717 2107 1909 2182 addit,
1944 2108 2093 2172 dum
2131 2107 2479 2173 doctrinam
2511 2107 2805 2172 Auctoris

333 2209 682 2274 confirmat.
730 2233 765 2267 «
803 2207 869 2273 Si
916 2208 1231 2291 proximus
1280 2209 1364 2273 sit
1411 2208 1474 2272 in
1505 2210 1874 2275 necessitate
1907 2213 2156 2276 tantum
2188 2211 2388 2296 gravi,
2421 2230 2546 2275 11011
2577 2210 2805 2275 teneris

333 2311 387 2377 ei
433 2329 793 2377 succurrere
832 2330 974 2375 cum
1005 2310 1276 2394 periculo
1311 2311 1497 2388 vitae,
1537 2311 1740 2376 famae
1767 2313 1863 2376 vel
1896 2314 2222 2389 bonorum,
2255 2313 2376 2377 nisi
2406 2313 2491 2377 sis
2523 2315 2803 2396 pastor...

331 2414 427 2478 vel
457 2413 598 2477 nasi
634 2414 809 2476 tuum
838 2411 1136 2476 damnum
1175 2411 1507 2492 temporale
1539 2417 1699 2476 esset
1728 2411 1873 2477 leve.
1910 2413 2158 2479 Scilicet
2196 2414 2437 2499 obligat
2459 2415 2706 2490 caritaS,
2733 2415 2810 2478 ut

332 2516 383 2580 si
421 2514 749 2582 commode
783 2516 978 2599 potes,
1020 2534 1210 2600 grave
1247 2514 1484 2581 malum
1523 2515 1797 2581 alienum
1836 2517 2082 2582 avertas
2114 2518 2170 2581 *.

424 2615 582 2690 162.
605 2618 798 2683 Addit
831 2638 879 2683 S.
913 2619 1097 2702 Alph.
1138 2639 1197 2682 n.
1235 2619 1340 2682 27.
1361 2618 1554 2683 teneri
1586 2619 1777 2682 etiam
1810 2619 2025 2697 alium,
2060 2621 2170 2702 qui
2200 2639 2325 2684 non
2358 2620 2444 2684 sit
2473 2620 2800 2703 parochuS,

328 2723 381 2788 si
411 2722 766 2807 periculum
813 2742 1002 2803 yrave.
1049 2721 1271 2785 subeat
1317 2740 1439 2785 non
1486 2720 1798 2804 quispiam
1831 2740 1862 2785 e
1895 2721 2210 2805 proximiS,
2246 2721 2352 2786 sed
2389 2721 2807 2787 communitas

326 2845 383 2889 v.
418 2845 513 2911 gr.
569 2825 628 2890 si
674 2822 835 2888 desit
880 2823 1186 2907 parochus
1226 2823 1502 2906 tempore
1534 2823 1724 2906 pestis
1761 2825 1871 2888 aut
1911 2823 2066 2888 alias
2114 2824 2458 2908 periculum
2507 2823 2691 2901 adsit,
2729 2842 2805 2887 ne

326 2927 752 2994 communitas
800 2926 1121 2991 ammittat
1165 2926 1367 2990 fidem.
1418 2924 1752 2989 Rationem
1802 2925 2008 2990 addit:
2059 2926 2206 3007 quia
2261 2945 2451 3010 grave
2508 2925 2805 2990 damnum

323 3050 663 3096 commune
709 3028 1174 3113 praeferendum
1220 3028 1382 3092 idest
1427 3027 1630 3111 magis
1668 3027 2177 3110 praecavendum,
2213 3046 2403 3109 quam
2450 3027 2633 3091 tuum
2670 3045 2807 3109 par-

320 3133 620 3198 ticulare.
658 3131 746 3195 At
789 3131 992 3215 magis
1040 3130 1244 3215 placet
1280 3131 1443 3195 ratio
1484 3130 1752 3194 aliorum
1784 3128 2002 3212 (quam
2033 3127 2289 3193 inferius
2319 3128 2469 3193 ibid.
2504 3128 2711 3211 tangit
2742 3128 2805 3191 et

321 3254 368 3300 s.
403 3235 638 3320 Alph.)
671 3234 904 3298 scilicet
942 3232 1107 3316 quod
1130 3233 1194 3297 in
1218 3233 1295 3296 iis
1323 3232 1629 3297 adiunctis
1661 3232 2004 3297 necessario
2044 3231 2251 3314 plures
2290 3232 2436 3305 sint,
2471 3232 2577 3314 qui
2609 3233 2809 3293 exbre-

318 3359 490 3402 mam
546 3355 822 3422 quoque,
881 3355 1004 3401 non
1060 3354 1202 3400 vero
1252 3336 1454 3399 solum
1501 3354 1757 3420 gravem
1804 3333 2133 3417 patiuntur
2178 3333 2627 3397 necessitatem.
2678 3330 2809 3396 Sal-

318 3444 521 3507 mant.
582 3440 774 3503 tract.
831 3440 935 3502 21.
969 3457 1102 3521 cap.
1148 3438 1207 3501 6.
1242 3457 1302 3501 11.
1339 3438 1444 3500 32.
1502 3438 1877 3501 Praesertim
1923 3455 2069 3501 vero
2118 3436 2172 3499 si
2221 3435 2595 3499 admittatur
2641 3434 2807 3516 quod

318 3543 474 3609 dicit
524 3564 577 3608 s,
634 3541 992 3625 Alphonsus
1031 3540 1101 3622 (1.
1141 3541 1243 3623 c.),
1294 3539 1657 3604 censendam
1705 3540 2046 3603 extremam
2091 3537 2541 3612 necessitatem,
2580 3536 2632 3599 si
2679 3555 2808 3599 ver-

322 3647 503 3710 satur
557 3645 626 3708 in
675 3642 949 3725 periculo
997 3642 1219 3706 mortis
1263 3639 1465 3717 rudis,
1516 3641 1624 3722 qui
1672 3640 1750 3704 ob
1799 3638 2219 3724 ignorantiam
2257 3635 2416 3701 forte
2462 3636 2660 3701 nescit
2706 3637 2811 3700 eli·

319 3767 454 3812 cere
508 3749 735 3811 actum
781 3744 1174 3809 contritionis
1222 3744 1285 3807 et
1331 3743 1467 3807 ideo
1501 3741 1741 3825 indiget
1775 3741 2165 3805 absolutione
2191 3739 2647 3804 sacramentali.
2681 3739 2811 3804 Alii

321 3853 540 3917 tamen
593 3848 952 3925 censebunt,
988 3845 1229 3911 fidelem
1262 3846 1411 3910 utut
1442 3844 1658 3909 rudem
1699 3842 1853 3907 satis
1900 3861 2096 3920 nosse,
2133 3861 2196 3906 se
2229 3842 2305 3906 ad
2340 3843 2540 3906 Deum
2567 3862 2637 3906 ex
2671 3843 2807 3908 toto

317 3954 506 4019 corde
556 3950 920 4017 convertere
951 3968 1061 4013 nec
1091 3949 1298 4013 deesse
1333 3948 1634 4012 auxilium
1667 3946 1910 4032 gratiae
1958 3945 2219 4009 divinae.

412 4055 480 4122 Si
524 4073 681 4120 vero
733 4054 960 4137 agatur
1006 4051 1079 4116 de
1127 4050 1399 4135 periculo
1448 4050 1607 4127 fidei,
1660 4049 1808 4132 quia
1854 4049 2197 4133 periculum
2246 4050 2341 4113 est
2403 4047 2805 4130 deceptionis,

319 4179 483 4242 quae
523 4176 660 4222 non
707 4154 932 4239 pendet
978 4173 1013 4217 a
1060 4153 1194 4218 sola
1227 4152 1551 4218 voluntate
1584 4171 1817 4225 eorum,
1859 4152 1965 4234 qui
1999 4151 2416 4234 decipiuntur:
2443 4149 2603 4213 forte
2635 4150 2809 4214 locus

319 4282 454 4327 esse
504 4258 728 4343 potest
758 4255 959 4320 facilis
990 4255 1344 4319 necessitati
1391 4255 1718 4331 extremae,
1754 4275 1812 4317 v.
1849 4274 1943 4339 gr.
1977 4253 2029 4317 si
2078 4252 2360 4317 minister
2405 4252 2675 4317 haeresis
2722 4272 2812 4316 er·

318 4382 494 4428 rores
532 4378 691 4425 suos
718 4358 945 4422 alicubi
979 4356 1286 4421 diffundat
1310 4358 1424 4419 etc.
1461 4356 1622 4419 Hinc
1645 4355 1756 4437 qui
1788 4355 2002 4419 diebus
2042 4354 2207 4418 hisce
2236 4354 2468 4418 nostris
2481 4353 2806 4433 prudenti,

319 4471 396 4533 ut
456 4463 673 4539 aiunt,
737 4460 970 4526 silentii
1022 4458 1378 4525 oeconomia
1416 4460 1701 4535 utuntur,
1760 4477 1834 4521 ne
1900 4457 2111 4521 odium
2156 4458 2467 4522 malorum
2524 4456 2806 4530 subeant,

329 4570 526 4633 huius
570 4563 980 4648 obligationis
1019 4561 1197 4627 obliti
1229 4561 1474 4645 penitus
1506 4560 1815 4624 videntur.
