3497 5147
395 358 543 427 [923]
1440 378 1525 418 Dm
1561 378 1809 421 numano
2743 370 2852 425 685

393 469 607 535 eodem
654 471 837 553 pacto
884 471 949 534 et
992 471 1115 537 ista
1149 474 1425 557 operatio
1461 475 1526 538 in
1563 476 1727 542 hunc
1764 478 2014 543 tantum
2045 477 2230 543 finem
2260 478 2434 543 licita
2472 480 2609 544 erit.
2644 480 2708 544 Si
2740 481 2849 562 qui

393 590 538 636 vero
571 573 795 655 putent
831 572 935 654 (cf.
969 572 1113 638 dub.
1148 575 1197 639 Ι.
1232 595 1347 640 res.
1384 578 1496 660 2.),
1529 578 1971 644 castrationem
1998 579 2332 645 identidem
2363 579 2545 645 licere
2580 581 2655 645 ob
2690 581 2846 647 alios

392 674 544 740 fines
573 676 729 757 puta
761 674 838 739 ad
869 676 1249 741 suavitatem
1281 679 1447 743 vocis
1480 679 1897 759 obtinendam,
1931 700 2003 746 ex
2038 701 2163 763 qua
2207 684 2568 767 temporalis
2601 684 2847 749 utilitas

390 778 741 859 promanat,
771 777 819 842 ii
847 781 1288 861 consequenter
1331 781 1696 864 permittent
1728 786 1791 848 et
1824 783 1901 849 ob
1933 783 2088 848 alias
2121 785 2585 868 proportionate
2625 804 2847 869 graves

390 897 629 959 causas,
669 882 914 962 praeter
943 880 1470 947 conservationem
1508 883 1695 961 vitae,
1729 903 1914 950 usum
1946 885 2131 951 huius
2162 888 2560 969 operationis.
2595 889 2630 926 '¹‘

1414 1096 1685 1165 CAPUT
1732 1100 1817 1163 II.

1339 1252 1440 1299 ns
1511 1253 1883 1301 DUELLQ

1089 1414 1258 1496 Quid
1297 1416 1399 1479 sit.
1450 1415 1565 1480 An
1611 1414 1800 1480 liceat
1839 1416 2135 1483 duellum.

489 1571 707 1625 XXXV.
731 1572 974 1637 Respond.
1003 1571 1229 1625 Duellum
1268 1577 1343 1624 est
1367 1573 1573 1625 duorum
1599 1572 1699 1637 (vel
1725 1571 1932 1625 subinde
1958 1572 2102 1625 etiam
2143 1572 2378 1640 plurium)
2408 1579 2670 1635 certamen,
2700 1577 2830 1639 quod

381 1670 441 1709 cx
478 1655 721 1723 condict0,
747 1669 842 1708 uno
881 1654 1121 1709 indicente
1162 1663 1211 1709 et
1248 1660 1400 1711 altero
1438 1663 1735 1723 acceptante,
1766 1655 2057 1723 suscipitur:
2085 1655 2152 1710 ita
2178 1663 2233 1709 ut
2256 1656 2305 1711 id
2345 1672 2441 1711 non
2469 1657 2532 1711 sit
2561 1658 2708 1711 vitam
2748 1660 2836 1712 de·

381 1742 587 1805 tendere,
628 1742 713 1793 scd
753 1754 995 1807 exponere
1044 1740 1277 1808 periculo.
1318 1742 1461 1808 Quod
1498 1740 1592 1794 etsi
1628 1741 1953 1794 communiter
1988 1740 2053 1795 sit
2090 1743 2296 1796 mortale
2337 1750 2606 1809 peccatum,
2647 1743 2834 1798 licitum

377 1832 537 1881 tamen
559 1833 636 1882 est
658 1841 720 1881 cx
755 1825 883 1880 iusta
919 1840 1081 1889 causa,
1106 1841 1231 1892 quae
1268 1840 1461 1893 semper
1497 1833 1573 1880 est
1595 1828 1907 1881 attendenda.
1942 1826 2056 1882 vid.
2081 1826 2296 1881 Trideut.
2322 1842 2444 1882 sess,
2473 1828 2557 1882 25.
2579 1843 2626 1882 c.
2654 1831 2736 1881 19.
2767 1828 2835 1882 de

377 1912 606 1982 resomn.
631 1914 808 1966 Sancti.
837 1915 886 1966 2.
911 1910 1063 1966 Mor.
1098 1926 1141 1966 c.
1167 1913 1253 1965 39.
1294 1914 1411 1965 item
1448 1913 1510 1965 de
1547 1926 1706 1978 poena
1744 1911 2064 1966 ducllantium
2104 1926 2151 1965 v,
2191 1911 2314 1966 intra
2353 1911 2420 1968 de
2455 1913 2742 1968 Excomm.
2784 1922 2836 1968 et

377 1999 549 2051 Sanch.
584 1998 617 2051 Ι.
643 2011 686 2051 c.

468 2120 648 2194 923.
697 2125 732 2164 *
782 2123 1078 2189 Duellum
1124 2122 1441 2210 definitur:
1478 2142 1706 2205 puyna
1754 2123 1918 2188 inter
1960 2123 2115 2188 duos
2161 2124 2287 2205 (vel
2334 2126 2543 2208 plures
2592 2126 2656 2190 in
2703 2126 2839 2210 pari

375 2228 662 2309 numero)
692 2246 770 2291 ex
793 2225 1090 2302 condicto,
1122 2245 1259 2290 cum
1278 2224 1560 2306 periculo
1590 2225 1932 2304 occoe'siomls,
1958 2226 2376 2290 mutilationis
2406 2226 2502 2290 vel
2533 2227 2833 2292 vulneris.

374 2329 658 2395 Diximus
704 2330 804 2393 vel
845 2330 1016 2393 inter
1049 2327 1273 2409 plures
1293 2349 1315 2403 ‚·
1361 2347 1507 2393 nam
1553 2329 1617 2393 et
1662 2348 1874 2413 pugna
1919 2329 2013 2394 ita
2056 2329 2306 2395 institui
2368 2331 2595 2413 potest,
2644 2332 2720 2394 ut
2763 2350 2837 2396 ex

371 2432 638 2514 utraque
686 2433 862 2514 parte
908 2430 1036 2495 bini
1082 2431 1210 2496 sint
1254 2431 1352 2494 vel
1383 2431 1542 2494 terni
1580 2432 1644 2496 et
1677 2431 1773 2496 ita
1811 2449 1993 2514 porro
2032 2431 2449 2516 confligentes,
2482 2432 2576 2497 ita
2624 2433 2834 2498 tamen

372 2536 446 2601 ut
475 2534 710 2619 singuli
757 2553 899 2599 cum
945 2533 1208 2618 singulis
1241 2533 1497 2599 seorsim
1528 2535 1825 2619 pugnent,
1859 2534 1956 2600 vel
1995 2553 2155 2601 unus
2201 2554 2346 2601 cum
2382 2535 2685 2620 pluribuS‚
2725 2536 2830 2602 sed

372 2638 711 2703 successive
744 2638 809 2702 et
846 2639 996 2701 tunc
1027 2636 1302 2701 duellum
1335 2637 1472 2713 erit,
1506 2636 1606 2701 sed
1642 2637 1989 2720 multiplex.

457 2738 634 2820 Quod
663 2739 921 2823 quidam
958 2738 1227 2814 addunt;
1262 2759 1339 2802 esc
1372 2739 1636 2818 privata
1678 2741 2069 2814 auctoritate,
2100 2740 2166 2804 id
2202 2760 2324 2806 non
2372 2740 2450 2806 ad
2497 2742 2829 2806 essentiam

368 2841 559 2908 duelli
589 2843 848 2925 spectat,
884 2841 990 2908 sed
1022 2840 1098 2905 ad
1130 2840 1553 2906 moralitatem
1587 2840 1719 2906 eius
1753 2860 1862 2906 seu
1892 2843 2225 2907 malitiam.

457 2944 567 3008 Ex
594 2945 869 3010 condicto
900 2944 1050 3019 sive,
1084 2945 1159 3009 ut
1182 2944 1272 3008 ait
1296 2940 1576 3008 Clemens
1601 2943 1794 3020 VIII.⁴
1811 2943 1877 3008 in
1902 2941 2114 3010 Oonst.
2139 2944 2338 3009 Elius
2364 2945 2545 3021 vices,
2570 2966 2648 3009 ex
2680 2965 2833 3010 com-

352 3048 564 3129 posito
589 3047 883 3113 nimirum
907 3045 1457 3129 praemeditatione
1479 3045 1751 3128 quadam
1776 3046 1968 3111 animi
1991 3047 2362 3113 reflectentis
2384 3047 2626 3112 decerni
2650 3048 2832 3114 debet

364 3149 724 3215 huiusmodi
756 3168 987 3234 pugna,
1036 3151 1109 3213 ut
1154 3148 1432 3213 duellum
1468 3148 1553 3214 sit
1585 3168 1657 3215 ac
1687 3148 1931 3214 decerni
1974 3149 2198 3215 debent
2243 3149 2377 3214 eius
2422 3149 2826 3215 conditiones.

362 3252 595 3318 Idcirco
635 3253 797 3317 inter
842 3251 1293 3317 condictionem
1349 3251 1541 3314 duelli
1603 3254 1791 3334 atque
1858 3252 2062 3335 ipsum
2119 3251 2397 3316 duellum
2457 3251 2829 3317 intercedere

365 3356 611 3439 oportet
638 3355 916 3439 spatium
949 3353 1201 3436 aliquod
1225 3352 1540 3436 temporis.
1568 3352 1975 3418 Manifestum
2007 3355 2120 3429 est,
2154 3354 2307 3418 haec
2336 3352 2471 3418 fieri
2504 3372 2626 3418 non
2653 3373 2831 3437 posse

362 3458 491 3523 sine
521 3457 961 3541 provocatione
992 3458 1056 3522 et
1089 3455 1509 3538 acceptatione
1541 3474 1812 3539 pugnae.

452 3558 780 3626 Condicere
806 3561 1016 3624 autem
1041 3559 1170 3623 sive
1201 3558 1476 3622 statuere
1509 3558 1757 3638 oportet
1787 3556 1988 3620 locum
2009 3558 2073 3621 et
2105 3560 2341 3637 tempus
2365 3576 2630 3641 pugnae.
2659 3557 2831 3622 Haec

363 3665 459 3729 est
503 3663 738 3730 indoles
784 3663 976 3729 duelli
1020 3662 1085 3727 et
1129 3661 1236 3726 ubi
1284 3659 1432 3725 talis
1479 3658 1786 3724 condictio
1835 3658 2017 3736 absit,
2057 3677 2179 3724 non
2210 3660 2496 3723 censetur
2529 3658 2826 3725 duellum.

359 3763 654 3845 Quaestio
693 3767 806 3843 est,
842 3784 921 3831 an
970 3766 1255 3849 oporteat
1291 3763 1481 3830 etiam
1519 3762 1834 3828 condicere
1867 3780 1975 3826 seu
2013 3761 2334 3845 designare
2366 3780 2562 3838 arma,
2599 3761 2829 3843 quibus

358 3868 455 3933 est
483 3868 957 3954 confligendum.
990 3869 1184 3933 Arma
1217 3868 1435 3949 utique
1466 3865 1896 3949 requiruntur:
1930 3884 2052 3930 non
2086 3864 2292 3929 solum
2323 3863 2472 3947 quia
2504 3863 2717 3950 agitur
2748 3863 2822 3928 de

355 3972 709 4050 certamine,
747 3992 819 4038 ex
857 3991 980 4055 quo
1019 3972 1263 4048 occisio,
1297 3970 1618 4036 mutilatio
1652 3970 1766 4033 aut
1795 3969 2020 4032 vulnus
2053 3968 2229 4050 sequi
2260 3968 2485 4051 potest,
2521 3967 2627 4032 sed
2673 3968 2821 4049 quia

354 4074 420 4140 id
466 4077 561 4141 est
603 4077 669 4140 in
711 4094 884 4141 more
929 4076 1205 4158 positum
1251 4077 1314 4139 et
1360 4073 1423 4137 id
1472 4073 1549 4137 ab
1597 4071 1883 4138 omnibus
1912 4070 2313 4155 intelligitur,
2354 4089 2496 4134 cum
2543 4068 2823 4133 duellum

354 4179 735 4256 nominatur,
783 4177 860 4242 ut
906 4177 1094 4241 armis
1150 4196 1366 4259 nempe
1429 4176 1611 4240 ambo
1658 4173 2159 4260 congrediantur.
2211 4171 2513 4254 Quocirca
2577 4170 2650 4233 de
2708 4170 2826 4235 tali

355 4299 564 4364 pugna
610 4280 785 4362 loqui
832 4277 1114 4342 censendi
1159 4279 1307 4342 sunt
1353 4278 1620 4342 Romani
1648 4276 2005 4357 Pontifice5‚
2038 4296 2183 4341 cum
2229 4274 2436 4341 duello
2477 4292 2705 4356 poenas
2736 4272 2827 4338 in-

355 4382 592 4447 dicunt.

443 4484 665 4567 Itaque
689 4482 1069 4568 designanda
1101 4500 1346 4564 quoque
1376 4498 1509 4547 esse
1544 4500 1719 4546 arma
1752 4483 1977 4548 saltem
2009 4501 2120 4567 pro
2153 4480 2380 4558 duello,
2408 4481 2626 4546 contra
2658 4479 2825 4562 quod

353 4605 585 4670 poenae
623 4587 701 4654 ab
738 4585 1013 4652 Ecclesia
1045 4585 1195 4651 sunt
1230 4584 1528 4660 statutae,
1569 4587 1776 4650 censet
1811 4604 1861 4650 s.
1894 4586 2251 4669 Alphonsus
2282 4604 2342 4649 n.
2376 4583 2549 4662 401„
2586 4583 2693 4648 ubi
2740 4581 2820 4648 ad
