3497 5147
674 316 780 372 760
814 329 1026 372 macr.
1050 330 1129 371 v1.
1158 330 1319 371 snor.
1344 332 1423 372 vr.
1445 332 1531 371 nn
1557 330 1747 372 snxro
1775 331 1854 370 m·
1877 326 2040 369 nono
2065 327 2283 369 ranno.
2308 327 2637 370 Dmanom.
2657 329 2800 371 min.
2824 331 2912 370 111.
2956 318 3136 388 [1028]

758 429 1088 510 Perperam
1111 428 1311 512 igitur
1347 447 1419 493 ex
1451 447 1521 492 eo
1542 428 1708 511 quod
1731 426 2061 492 seminatio
2089 425 2391 510 coniugia,
2418 425 2755 490 identidem
2787 427 3139 493 frustranea

672 533 729 594 h.
768 551 818 594 e.
853 549 976 595 non
1007 531 1305 614 prolifica,
1336 531 1421 595 sit
1444 531 1637 607 licita,
1673 530 1995 614 colligeres
2026 528 2436 612 pollutionem
2469 529 2566 592 vel
2605 548 2728 594 non
2746 548 2984 615 semper
3006 551 3139 596 esse

669 633 903 696 malam
950 634 1046 697 vel
1093 652 1215 698 non
1263 634 1451 698 sitam
1499 651 1630 698 esse
1678 633 1740 696 in
1788 632 2139 695 frustranea
2187 630 2436 694 seminis
2469 631 2762 696 effusione
2793 636 3010 697 contra
3046 653 3139 698 or·

669 735 875 799 dinem
920 737 1200 800 naturae.
1242 736 1465 801 Peccas
1514 737 1568 800 si
1615 736 1706 798 ita
1755 733 1988 817 arguiS,
2046 733 2110 796 in
2158 751 2229 796 eo
2277 732 2441 814 quod
2489 733 2552 796 in
2601 733 2812 798 ordine
2874 738 3135 800 naturae

670 837 874 901 solum
921 838 1269 903 consideras
1306 838 1511 915 finem,
1582 855 1704 901 non
1772 834 2233 900 institutionem
2279 834 2491 898 medii:
2545 838 2617 899 ut
2683 836 2896 900 autem
2959 840 3136 902 actus

668 941 886 1002 contra
934 939 1210 1003 ordinem
1258 941 1519 1003 naturae
1566 939 1670 1016 sit,
1722 938 1905 1002 debet
1952 955 2082 1000 esse
2128 937 2345 1001 contra
2413 936 2572 1001 hanc
2636 937 2838 1020 ipsam
2885 940 3137 1005 institu-

669 1041 903 1106 tionem
952 1045 1240 1118 naturae3
1291 1042 1457 1124 quod
1488 1042 1542 1105 si
1573 1041 1705 1119 fiat,
1748 1038 2094 1105 excluditur
2125 1040 2442 1122 praeterea
2473 1039 2666 1102 etiam
2696 1041 2961 1122 positive
2990 1042 3134 1106 finis

669 1146 950 1207 naturae.

761 1243 1052 1310 Ceterum
1082 1247 1260 1311 iuvat
1298 1247 1614 1310 advertere
1639 1246 1823 1310 finem
1856 1243 2126 1320 seminiS,
2167 1243 2332 1325 quod
2357 1244 2420 1307 in
2467 1244 2718 1328 organis
2750 1246 2984 1330 iugiter
3014 1247 3136 1310 ela·

669 1348 947 1426 boratur,
983 1367 1019 1412 a
1050 1351 1278 1413 natura
1314 1350 1647 1425 intentum,
1688 1366 1812 1412 non
1843 1365 1973 1411 esse
2011 1345 2213 1410 solam
2246 1345 2709 1430 generationem
2740 1347 2953 1429 prolis,
2974 1367 3133 1430 quae

664 1451 995 1515 emissione
1028 1451 1277 1516 seminis
1311 1450 1662 1526 obtinetur,
1703 1469 1849 1513 nam
1884 1449 2206 1512 absortum
2254 1466 2459 1512 semen
2493 1448 2725 1531 iugiter
2772 1468 2808 1513 a
2848 1450 3133 1533 pluribus

666 1554 835 1616 vasis
868 1552 944 1616 ad
983 1553 1099 1617 hoc
1130 1554 1455 1617 destinatis
1488 1555 1551 1616 et
1598 1554 1660 1616 in
1708 1571 1937 1636 gyrum
1983 1553 2192 1613 actum
2228 1550 2564 1634 augmento
2598 1553 2661 1614 et
2704 1552 2914 1616 robori
2946 1573 3134 1618 mem-

666 1655 920 1719 brorum
973 1656 1396 1720 masculorum
1440 1655 1708 1719 maxime
1746 1653 2018 1718 confert:
2077 1652 2184 1734 qui
2246 1653 2496 1716 effectus
2560 1652 2622 1715 in
2670 1654 3132 1720 continentibus

664 1759 989 1842 speciatim
1028 1761 1302 1842 apparet.

674 1883 677 1886 ·
759 1857 969 1930 1028.
1018 1863 1154 1925 Iam
1202 1880 1367 1938 vero,
1401 1862 1476 1924 ut
1524 1860 1601 1923 ad
1648 1859 1709 1922 id
1758 1858 2101 1931 redeamus,
2151 1857 2310 1922 unde
2357 1857 2619 1942 digressi
2650 1877 2886 1936 sumus,
2922 1885 2957 1917 «
2987 1879 3132 1925 cum

663 1963 949 2046 specialis
997 1983 1068 2028 ea
1116 1963 1511 2039 inordinatio,
1549 1963 1622 2026 de
1670 1981 1794 2044 qua
1842 1962 2081 2025 dictum
2113 1964 2228 2037 est,
2262 1961 2468 2045 pergit
2506 1961 2600 2040 B.,
2642 1961 2765 2026 sita
2797 1963 2880 2027 sit
2912 1963 2974 2027 in
3008 1963 3133 2028 fru-

665 2066 915 2130 stranea
975 2066 1269 2131 effusione
1316 2066 1586 2141 seminiS,
1630 2083 1788 2146 quae
1845 2063 2061 2128 effusio
2112 2066 2208 2128 est
2256 2083 2292 2126 a
2338 2064 2564 2127 natura
2611 2064 2906 2129 instituta
2954 2069 3132 2134 unice

666 2166 745 2231 ad
770 2167 1157 2252 coniugalem
1184 2169 1491 2251 copulam,
1512 2169 1586 2232 ut
1616 2167 1818 2251 proles
1844 2166 1984 2230 inde
2008 2166 2386 2249 suscipiatur
2415 2165 2544 2248 (a);
2579 2166 2706 2230 iam
2737 2168 2899 2233 ratio
2933 2170 3130 2252 patet,

664 2291 775 2335 cur
807 2272 941 2335 DD.
976 2272 1385 2338 diversimode
1431 2270 1705 2336 iudicent
1735 2271 1808 2335 de
1856 2271 1971 2334 hac
2003 2269 2389 2353 turpitudine
2436 2270 2642 2352 quoad
2687 2290 2811 2348 eOS,
2860 2273 2968 2353 qui
3018 2277 3132 2339 aut

661 2373 908 2437 nullum
935 2393 1140 2438 semen
1157 2374 1440 2437 emittere
1465 2375 1743 2456 possunt,
1774 2375 1886 2436 aut
1910 2373 2073 2436 certe
2099 2390 2219 2436 non
2239 2390 2476 2436 verum.
2497 2371 2727 2436 Exinde
2750 2374 2917 2455 quod
2940 2375 3131 2442 habet

663 2475 889 2558 Sporer
937 2475 1150 2539 Theol.
1190 2474 1386 2538 Sacr..
1422 2495 1480 2558 p.
1523 2477 1583 2538 4.
1620 2494 1669 2537 e.
1706 2477 1767 2537 2.
1809 2493 1868 2537 n.
1904 2475 2008 2537 39.
2051 2472 2123 2537 de
2171 2473 2629 2556 impuberibus:
2662 2509 2688 2521 -
2718 2472 2784 2538 Si
2822 2477 2998 2558 pueri
3031 2480 3126 2543 vel

666 2578 928 2659 puellae,
971 2579 1075 2659 qui
1110 2577 1387 2640 nondum
1434 2580 1695 2661 possunt
1728 2578 2051 2654 seminare,
2087 2596 2151 2641 se
2188 2578 2356 2659 ipsos
2386 2578 2656 2660 turpiter
2679 2579 3125 2645 contrectent...

659 2682 881 2762 utique
919 2683 1014 2744 est
1060 2683 1380 2762 peccatum
1426 2682 1786 2755 mortale...;
1823 2682 2101 2745 attamen
2148 2681 2394 2744 videtur
2425 2683 2623 2764 specie
2654 2681 2894 2746 differre
2920 2703 2956 2746 a
2982 2703 3124 2749 vera

662 2783 1027 2863 pollutione,
1062 2801 1167 2864 per
1199 2802 1387 2864 quam
1435 2784 1800 2856 seminatur,
1840 2784 1903 2846 in
1951 2784 2147 2866 specie
2180 2783 2421 2865 proprie
2468 2783 2881 2847 reducendum
2914 2785 2991 2849 ad
3015 2787 3127 2851 im-

662 2882 1028 2966 pudicitiam
1076 2886 1301 2949 tactuS.
1342 2887 1686 2968 -Itemque
1735 2886 2088 2949 Holzmann
2136 2888 2297 2967 part.
2350 2887 2408 2947 2.
2461 2888 2539 2949 tr.
2577 2887 2637 2948 2.
2673 2905 2731 2948 n.
2769 2886 2956 2951 686.:
2989 2925 3013 2935 -
3060 2888 3125 2955 Si

660 2985 1027 3067 impubereS‚
1077 2986 1204 3051 sive
1267 2989 1441 3070 pueri
1507 2989 1634 3051 sive
1682 2987 1927 3071 puellae
1973 2988 2272 3051 conentur
2317 2986 2628 3069 impudico
2689 2991 2870 3053 motu
2917 3007 3124 3056 semen

658 3087 892 3165 elicere,
928 3108 1068 3152 cum
1116 3089 1393 3154 nondum
1441 3090 1699 3174 possint,
1743 3088 2150 3152 committunt
2196 3092 2518 3172 peccatum
2565 3090 2762 3172 specie
2810 3090 3122 3158 diversum

654 3208 696 3251 a
746 3209 889 3253 vera
934 3191 1298 3272 pollutione,
1349 3192 1548 3275 reipsa
1600 3190 1910 3273 pertinens
1961 3189 2038 3253 ad
2085 3189 2540 3273 impudicitiam
2588 3194 2884 3258 tactus...
2935 3195 3123 3261 Ratio

657 3293 772 3366 est,
814 3293 1024 3374 quia...
1053 3313 1194 3356 cum
1241 3312 1447 3357 semen
1482 3312 1602 3357 non
1637 3292 1972 3368 effundant,
2001 3311 2122 3357 non
2156 3294 2559 3358 committunt
2595 3297 2917 3377 peccatum
2943 3317 3122 3362 verae

764 3552 827 3601 (a)
862 3548 1105 3591 Nostrum
1134 3553 1210 3591 est
1239 3561 1456 3602 monere,
1489 3549 1611 3592 alios
1641 3548 1795 3591 aliter
1824 3550 2013 3593 sentire
2033 3554 2083 3593 et
2103 3549 2198 3592 hac
2227 3563 2424 3605 quoqne
2452 3557 2621 3596 aetate
2641 3551 2868 3596 doctores
2888 3557 3118 3610 esse,qui

660 3618 919 3668 censeant,
948 3615 1248 3669 pollutionis
1267 3616 1476 3669 crimen,
1497 3617 1558 3659 de
1578 3628 1679 3669 quo
1708 3616 1925 3659 Morales
1960 3616 2194 3671 Theologi
2224 3618 2528 3671 loquuntur,
2551 3618 2905 3673 principaliter
2935 3634 3037 3665 non
3068 3625 3123 3666 in

652 3681 989 3724 frustratione
1016 3682 1221 3725 neminie
1249 3682 1407 3726 sitnm
1435 3696 1558 3733 esse,
1579 3683 1665 3726 sed
1694 3683 1750 3724 in
1778 3683 1966 3726 illicite.
1993 3684 2329 3727 delectatione
2360 3696 2600 3739 venerem
2619 3699 2681 3730 ex
2700 3690 2916 3741 utroque
2945 3692 3117 3733 tamen

650 3748 902 3790 elemento
931 3748 1183 3792 malitiam
1211 3750 1507 3804 pollutionis
1529 3751 1822 3794 coalescere.
1846 3750 1979 3793 Hine
2007 3751 2174 3803 aiunt,
2197 3753 2270 3793 ita
2292 3752 2534 3805 primario
2556 3758 2606 3796 et
2636 3755 2988 3809 principaliter
3019 3758 3118 3811 pol·

646 3814 900 3857 intionem
930 3815 1040 3858 fieri
1067 3822 1331 3871 peccatum
1362 3831 1422 3860 ex
1450 3818 1789 3861 delectet-ione
1811 3818 2013 3872 illicita,
2033 3824 2109 3869 ut,
2127 3820 2168 3863 ei
2190 3824 2387 3862 creator
2405 3821 2540 3863 Dent
2557 3824 2900 3876 generationis
2927 3837 3117 3879 organa

648 3881 975 3935 disposuisset
1001 3882 1094 3938 ita,
1123 3888 1198 3935 nt,
1231 3886 1437 3939 perinde
1466 3897 1525 3927 ac
1555 3885 1609 3928 in
1637 3897 1762 3929 sexu
1790 3886 2024 3941 aequiori,
2055 3887 2212 3930 etiam
2246 3889 2378 3941 apud
2410 3888 2581 3932 virum
2607 3890 2924 3944 superfluum
2945 3905 3113 3937 eemen

645 3948 728 3991 vel
758 3949 996 3991 nocivum
1022 3950 1209 4004 absque
1242 3951 1451 3994 libidine
1492 3950 1740 4004 efflueret3
1769 3952 1964 4005 {diceret
1995 3954 2176 4008 ntique
2206 3968 2475 4008 procurare
2505 3956 2795 4001 huiusmodi
2824 3958 3022 4003 fluxum
3050 3960 3115 4003 ad

645 4016 948 4058 servandam
969 4017 1131 4059 vitam
1151 4017 1232 4060 vel
1253 4018 1542 4061 sanitatem.
1566 4018 1776 4071 Idcirco,
1797 4020 2062 4073 inquiunt,
2082 4021 2283 4064 etiamsi
2303 4021 2358 4065 in
2376 4023 2657 4076 pollutione
2677 4025 2826 4067 nulla
2839 4025 3114 4071 haberetur

643 4082 852 4126 seminia
871 4082 1158 4137 frustratio,
1186 4084 1264 4126 uti
1283 4085 1419 4137 apud
1440 4098 1583 4129 senes
1606 4086 1819 4139 obtinet,
1849 4087 1983 4131 idem
2013 4089 2176 4142 specie
2205 4094 2470 4142 peccatum
2488 4090 2633 4135 foret.
2658 4091 2732 4136 Cf.
2770 4093 2899 4136 Knrl
2920 4093 3115 4149 Capell-

646 4162 805 4192 mann
826 4150 1287 4194 meral-Modicin.
1307 4151 1356 4193 θ*
1377 4152 1498 4195 edit.
1523 4166 1568 4205 p.
1589 4153 1659 4195 85.
1683 4152 1840 4195 Nemo
1871 4158 2022 4208 negat
2051 4153 2441 4199 delectationem
2473 4170 2741 4201 veneream
2773 4159 2930 4203 libere
2958 4173 3115 4215 quae-

640 4216 795 4259 sitam
825 4217 909 4260 vel
936 4221 1269 4271 acceptatam,
1300 4218 1503 4261 etiamsi
1533 4218 1748 4271 pollutio
1778 4231 1866 4261 seu
1910 4221 2108 4264 emissio
2136 4222 2357 4266 'seminis
2388 4236 2488 4267 non
2516 4229 2777 4279 sequatur,
2806 4239 2838 4269 e
2867 4227 2972 4271 Deo
3008 4240 3115 4273 ecee

647 4282 956 4334 prohibitam
984 4286 1130 4327 extra
1159 4284 1560 4337 matrimonium,
1584 4290 1639 4326 nt
1672 4284 1857 4328 idcirco
1885 4290 1937 4329 et
1966 4287 2022 4330 in
2051 4289 2252 4332 feminis
2274 4289 2367 4333 hoc
2389 4296 2651 4344 peccatum
2681 4293 2915 4337 mollitiei
2945 4295 3113 4339 locum

641 4347 843 4399 habeat,
874 4361 1005 4401 qnae
1032 4350 1220 4393 semine
1248 4353 1449 4393 carent:
1480 4363 1538 4392 ac
1568 4355 1766 4394 certum
1803 4357 1881 4395 est
1919 4366 2118 4408 quoqne
2161 4355 2504 4400 frustraneum
2547 4359 2864 4403 emissionem
2908 4363 3116 4405 seminis

642 4414 861 4466 speciale
888 4427 993 4457 esse
1022 4421 1300 4469 peccatum,
1333 4418 1407 4460 ita
1438 4421 1512 4467 ut,
1541 4418 1639 4461 etsi
1681 4420 1967 4475 coniugatis
2010 4422 2136 4467 viria
2165 4423 2311 4467 licita
2340 4426 2407 4467 eit
2435 4430 2583 4471 extro
2610 4439 2934 4482 congressum
2963 4433 3117 4476 mui-

646 4478 803 4521 talem
832 4479 1112 4591 delllectiatil}
1130 4494 1345 4526 venerea
1372 4484 1496 4537 sola,
1527 4484 1608 4527 vel
1638 4485 1707 4528 sit
1733 4490 1940 4531 tantum
1970 4489 2210 4533 venialis:
2242 4491 2496 4544 prohibita
2514 4494 2583 4536 eit
2602 4498 2773 4538 tamen
2796 4507 2991 4550 semper
3021 4499 3117 4542 sub

645 4545 794 4598 gravi
820 4557 879 4599 po
926 4549 983 4588 ut
1005 4559 1048 4590 0.
1117 4577 1129 4592 .
