3497 5147
300 361 426 438 [640]
887 374 1057 422 Quas
1093 376 1170 415 arr
1206 374 1454 423 Quam-A
1492 375 1585 415 sr‘r
1623 372 1954 415 onmea'rio
1993 371 2132 414 vo'rr
2632 357 2740 412 489

374 467 539 542 639.
572 470 809 536 Verum
855 471 1025 536 aliud
1071 474 1165 537 est
1212 490 1480 554 peccare,
1531 470 1702 535 aliud
1750 470 1847 535 est
1893 468 2158 555 obligari
2203 468 2418 534 deinde
2457 469 2624 533 voto.
2659 468 2741 532 Et

288 578 391 642 hoc
425 574 537 651 est,
583 573 750 655 quod
781 593 831 638 S.
866 573 1051 657 Alph.
1086 574 1238 639 dicit
1262 573 1662 657 probabiliuS,
1698 573 1986 638 videlicet
2014 591 2137 638 non
2171 571 2434 656 obligari
2467 572 2630 636 hunc
2661 570 2739 635 ad

283 675 648 761 implendum
696 677 939 740 votum.
991 675 1126 756 Qua
1173 676 1247 740 de
1295 695 1360 740 re
1411 675 1734 760 Laymann
1780 675 1823 739 l.
1874 693 1924 738 c.
1974 693 2035 738 n.
2076 675 2138 738 4.
2190 673 2476 758 generale
2521 673 2740 757 princi-

280 781 439 865 pium
484 778 860 844 servandum
894 777 1110 856 tradit,
1151 777 1318 861 quod
1359 778 1781 860 transgressio
1825 778 1954 840 voti
1998 797 2128 841 non
2175 776 2415 858 obliyat
2456 775 2545 840 ad
2586 795 2740 841 com—

276 882 715 964 pensam.

361 983 594 1066 Nempe
625 983 842 1047 contra
865 985 1162 1064 promunt
1196 983 1332 1047 heic
1363 983 1616 1064 quidam
1648 982 1804 1046 illud
1836 1002 1907 1047 ex
1941 983 1982 1047 l.
2017 982 2100 1045 In
2134 983 2488 1046 executione
2522 983 2580 1065 ξ.
2616 982 2734 1046 ult.

282 1086 414 1170 Dig.
460 1083 537 1147 de
593 1083 846 1148 Verbor.
884 1082 1138 1165 obliyat.
1180 1108 1215 1142 «
1247 1082 1631 1166 Quicumque
1664 1085 1779 1149 sub
1809 1085 2161 1149 conditione
2195 1085 2509 1168 obligatus
2556 1103 2735 1150 cura-

281 1188 446 1264 verit,
478 1206 557 1252 ne
587 1186 860 1252 conditio
896 1185 1236 1263 exsisteret,
1270 1187 1673 1252 nihilomiuus
1713 1188 2026 1273 obligetur
2064 1214 2124 1252 ».
2166 1187 2338 1252 Adde
2369 1187 2411 1250 l.
2446 1189 2552 1251 24.
2587 1188 2731 1272 Dig.

278 1291 346 1356 de
372 1287 832 1354 conditionibus
862 1289 978 1352 etc.
1019 1313 1055 1346 «
1087 1289 1228 1353 Iure
1259 1288 1425 1353 civili
1462 1290 1779 1373 receptum
1818 1291 1931 1366 est,
1967 1290 2210 1371 quoties
2249 1309 2356 1372 per
2380 1308 2521 1353 eum
2554 1288 2732 1354 cuius

276 1392 529 1459 interest
572 1389 989 1455 conditionem
1018 1390 1281 1473 impleri,
1330 1391 1403 1455 fit
1436 1392 1769 1473 quominus
1824 1391 2179 1474 impleatur,
2220 1392 2295 1455 ut
2332 1391 2580 1474 perinde
2626 1391 2732 1455 ha-

278 1495 510 1569 beatur,
537 1511 612 1557 ac
641 1492 695 1557 si
740 1491 1000 1576 impleta
1045 1493 1316 1559 conditio
1350 1493 1571 1559 fuisset
1610 1519 1671 1557 ».
1713 1494 1876 1558 Tum
1907 1495 2204 1576 promunt
2239 1494 2394 1558 illud
2429 1494 2581 1576 Reg.
2624 1494 2727 1558 66.

275 1598 393 1663 Iur.
450 1597 519 1660 in
550 1595 643 1660 6.:
690 1620 726 1653 «
758 1593 916 1660 Cum
969 1615 1092 1661 non
1147 1598 1279 1660 stat
1326 1615 1432 1679 per
1477 1615 1640 1674 eum,
1698 1596 1777 1660 ad
1825 1616 2008 1678 quem
2064 1597 2349 1679 pertinet,
2399 1597 2730 1677 quominus

274 1698 542 1764 conditio
587 1698 943 1781 impleatur,
990 1698 1205 1762 haberi
1249 1697 1429 1762 debet
1476 1697 1724 1781 perinde
1774 1717 1844 1763 ac
1889 1698 1943 1761 si
1974 1698 2231 1781 impleta
2265 1698 2485 1763 fuisset
2516 1723 2577 1762 ».
2612 1698 2732 1763 Ad·

271 1801 548 1883 duntque
584 1800 968 1884 exemplum:
1009 1800 1361 1865 Promisisti
1399 1801 1584 1865 alicui
1617 1804 1867 1865 centum
1901 1819 2117 1865 aureos
2142 1801 2204 1865 te
2236 1800 2550 1876 daturum,
2585 1799 2640 1864 si
2670 1801 2731 1863 te

274 1902 437 1967 domi
466 1904 616 1967 tuae
648 1902 910 1966 invisat:
939 1902 1044 1967 ille
1082 1904 1294 1967 autem
1340 1902 1579 1987 ingredi
1629 1903 1885 1968 domum
1918 1905 2095 1967 tuam
2129 1904 2406 1986 paratuS,
2443 1921 2478 1965 a
2517 1904 2579 1966 te
2626 1921 2733 1984 per

272 2004 399 2069 vim
436 2007 500 2069 et
544 2004 824 2070 fraudem
868 2005 1153 2088 repulsus
1192 2006 1319 2069 est:
1370 2005 1535 2069 haud
1568 2004 1771 2081 dubie,
1807 2005 2004 2080 aiunt,
2046 2003 2292 2088 perinde
2326 2004 2381 2069 ei
2415 2003 2729 2089 obligatus

266 2107 405 2183 eris,
441 2126 514 2172 ac
544 2107 598 2172 si
632 2108 948 2191 ingressus
981 2107 1219 2172 fuisset.

346 2209 628 2294 Reponit
658 2209 980 2295 Laymann
1009 2210 1118 2274 lib.
1150 2211 1212 2273 4.
1249 2211 1327 2273 tr.
1356 2212 1417 2273 4.
1444 2229 1576 2293 cap.
1614 2210 1674 2274 6.
1714 2231 1774 2275 n.
1809 2212 1870 2274 4.
1911 2210 2047 2275 Hoc
2084 2210 2410 2276 discrimen
2443 2212 2537 2275 est
2566 2211 2728 2276 inter

262 2311 670 2378 violationem
700 2313 1128 2396 promissionis
1152 2313 1283 2378 Deo
1315 2313 1516 2378 factae
1547 2315 1610 2377 et
1642 2313 2045 2378 violationem
2068 2313 2493 2395 promissionis
2525 2313 2726 2378 factae

255 2414 520 2489 homini,
557 2414 721 2497 quod
744 2415 855 2479 illa
882 2415 1123 2500 obligat
1144 2414 1222 2479 ad
1254 2416 1701 2498 poenitentiam
1730 2417 1797 2479 et
1820 2415 2310 2480 satisfactionem
2342 2435 2452 2498 pro
2475 2416 2724 2498 peccato

252 2521 316 2584 et
342 2519 584 2586 iniuria
634 2520 764 2585 Deo
796 2519 1005 2596 illata3
1045 2519 1195 2584 haec
1226 2538 1369 2585 vero
1403 2518 1481 2584 ad
1513 2518 2078 2613 compensationem
2111 2519 2241 2584 sive
2270 2519 2726 2601 reparationem

253 2621 467 2687 dammi
498 2622 745 2688 homini
774 2622 958 2687 illati.

336 2722 507 2804 Quia
541 2725 784 2790 homini
815 2744 922 2808 per
952 2725 1356 2790 violationem
1382 2725 1534 2790 iuris
1581 2725 1680 2790 sui
1711 2725 2008 2790 damnum
2048 2724 2312 2790 infertur
2341 2724 2406 2789 in
2438 2725 2616 2790 bonis
2661 2728 2726 2790 et

248 2827 541 2907 utilibus,
579 2827 749 2909 quod
793 2827 1177 2909 compensari
1221 2828 1430 2910 potest
1475 2846 1547 2892 ac
1577 2827 1785 2903 debet3
1820 2828 1951 2892 Deo
2002 2829 2213 2892 autem
2248 2847 2356 2911 per
2386 2830 2726 2913 transgres-

243 2929 491 2995 sionem
532 2928 672 2994 voti
703 2929 876 2994 nulla
914 2929 1159 2994 utilitas
1200 2928 1454 3007 decedit,
1507 2949 1663 3012 quae
1702 2930 1952 2995 restitui
1982 2931 2181 3014 possit
2213 2950 2285 2994 ac
2316 2930 2568 2996 debeat:
2619 2931 2724 2997 sed

242 3035 507 3099 tantum
542 3033 745 3099 honor
779 3034 844 3098 et
872 3031 1118 3097 debitus
1150 3032 1358 3098 cultus
1398 3032 1715 3108 aufertur3
1751 3034 1860 3115 qui
1906 3052 2014 3115 per
2059 3034 2506 3116 poenitentiam
2538 3036 2602 3098 et
2632 3053 2727 3098 sa·

238 3135 683 3202 tisfactionem
714 3134 913 3200 eidem
941 3135 1317 3200 restituitur.
1352 3133 1553 3215 Quare
1586 3135 1891 3220 generalis
1923 3135 2034 3199 illa
2057 3136 2274 3219 regula
2296 3135 2464 3199 tradi
2495 3137 2721 3217 potest,

238 3238 409 3321 quod
448 3239 881 3320 transyressio
911 3239 1040 3302 voti
1058 3256 1188 3301 non
1210 3236 1557 3319 oblz'yatad
1578 3238 2171 3317 compensationem:
2207 3257 2263 3302 v.
2298 3258 2391 3321 gr.
2419 3238 2472 3301 si
2496 3237 2724 3301 vovisti

233 3343 408 3406 certo
453 3342 565 3406 die
604 3342 668 3405 te
701 3341 778 3405 ob
808 3341 1137 3424 specialem
1184 3339 1574 3405 devotionem
1604 3341 2030 3405 ieiunaturum
2064 3342 2251 3421 atque
2282 3343 2432 3404 tunc
2466 3340 2722 3404 omittas

231 3442 366 3509 sive
425 3443 693 3527 culpate
746 3443 875 3510 sive
927 3443 1260 3526 inculpate,
1316 3461 1439 3507 non
1494 3444 1719 3507 teneris
1759 3443 1882 3507 alia
1930 3443 2027 3506 die
2074 3460 2500 3524 compensare:
2541 3445 2615 3505 ut
2653 3461 2722 3505 ex

229 3546 577 3612 communi
600 3545 780 3610 docet
810 3543 1034 3610 Suarez
1058 3544 1165 3608 lib.
1199 3545 1261 3608 4.
1289 3564 1420 3626 cap.
1462 3545 1562 3608 15.
1590 3546 1653 3607 et
1675 3544 1943 3608 Sanchez
1978 3543 2196 3607 Decal.
2223 3542 2330 3606 lib.
2365 3544 2426 3606 4.
2453 3562 2587 3625 cap.
2619 3544 2720 3607 14.

228 3668 290 3714 n.
318 3651 435 3715 25.
474 3649 631 3714 Hoc
662 3649 873 3712 autem
903 3666 1082 3713 nemo
1115 3646 1338 3711 dixerit
1376 3646 1449 3710 de
1480 3646 1887 3729 promissione
1921 3646 2085 3710 sacta
2117 3645 2491 3711 hominibus.

316 3752 520 3832 Quod
565 3768 713 3815 vero
752 3749 976 3815 ultimo
1008 3750 1144 3815 loco
1177 3751 1415 3814 Auctor
1445 3750 1656 3813 monet
1687 3768 1759 3812 ex
1789 3748 2112 3831 Laymann
2144 3747 2185 3810 1.
2221 3767 2272 3813 c.
2307 3767 2366 3811 n.
2401 3748 2486 3824 4.,
2512 3747 2721 3825 habet,

222 3854 396 3921 hunc
430 3872 727 3929 sensum,
765 3851 930 3934 quod
966 3851 1259 3934 impedire
1291 3871 1413 3916 non
1461 3851 1641 3917 debet
1686 3851 2112 3934 impletionem
2157 3850 2291 3917 voti
2322 3851 2442 3916 nisi
2478 3855 2725 3932 sponta-

222 3978 387 4022 neus
419 3957 759 4021 dissensus
789 3953 1017 4018 Patris,
1051 3953 1349 4033 Quocirca
1376 3955 1429 4018 si
1460 3954 1622 4031 dolo,
1660 3955 1740 4029 vi,
1769 3954 1982 4018 fraude
2014 3973 2379 4021 consensum
2403 3955 2723 4038 impediat,

216 4062 328 4143 qui
364 4057 679 4140 alioquin
709 4055 1005 4134 affuisset,
1039 4056 1309 4120 conditio
1340 4056 1517 4120 debet
1546 4058 1787 4121 censeri
1831 4056 2104 4137 impleta,
2156 4061 2344 4139 atque
2377 4058 2527 4121 adeo
2577 4060 2723 4121 voto

217 4162 664 4249 obligabitur.
704 4159 849 4224 Dixi
876 4157 1122 4240 fraude,
1172 4161 1235 4223 vi
1279 4162 1433 4235 etc.;
1485 4180 1629 4225 nam
1678 4160 1731 4225 si
1764 4161 1970 4225 solum
2003 4160 2281 4243 precibus
2332 4160 2444 4222 aut
2491 4158 2726 4220 suasio·

216 4266 410 4332 nibus
440 4264 517 4329 id
554 4261 696 4340 fiat,
734 4262 861 4327 iam
893 4281 1015 4327 non
1048 4262 1295 4328 tollitur
1330 4264 1525 4328 libera
1566 4264 1762 4346 patris
1796 4263 2062 4328 facultas
2102 4260 2519 4327 dissentiendi.

308 4363 516 4440 640.
559 4363 628 4429 N
633 4383 708 4429 on
732 4364 894 4431 idem
916 4365 1093 4430 iuxta
1117 4365 1437 4450 Laymann
1470 4365 1795 4430 dicendum
1828 4368 1942 4443 est,
1983 4364 2228 4447 quando
2261 4362 2554 4440 conditio,
2581 4362 2728 4428 licet

212 4492 286 4537 ex
314 4472 528 4555 culpa
570 4485 689 4531 seu
722 4464 936 4532 fraude
960 4467 1353 4551 impediatur,
1382 4486 1503 4532 non
1536 4467 1758 4550 pendet
1791 4467 1868 4530 ab
1902 4466 2160 4530 alterius
2186 4483 2505 4529 consenSU.
2531 4462 2726 4530 Cuius
