3497 5147
686 319 792 376 104
984 332 1197 374 TnAo'r.
1235 335 1292 375 v.
1331 334 1492 376 snm.
1531 335 1623 377 111.
1659 336 1745 375 nn
1780 336 2100 378 omns-ris
2137 336 2526 378 smannens.
2565 335 2764 378 cArtrr
2799 339 2840 377 1.
2873 303 2880 310 ’
2999 319 3144 396 [139]

775 427 927 502 139.
963 427 1208 495 Centies
1256 449 1399 495 vero
1431 431 1827 515 Augustinus
1874 451 2148 497 amorem
2186 432 2733 515 concupiscentiae,
2766 449 2892 513 quo
2938 433 3142 502 Deum

688 532 867 597 nobis
897 532 1236 616 diligimu8‚
1270 534 1457 598 vocat
1492 552 1768 598 amorem
1804 535 2177 618 gratuitum.
2216 535 2564 599 Afferamus
2600 533 2926 616 quaedam.

771 635 939 698 Libr.
973 633 1048 697 de
1082 632 1389 699 Catcchiz.
1417 634 1624 699 rudib.
1643 655 1777 719 cap.
1813 638 1918 700 27.
1952 658 2013 701 n.
2047 639 2189 701 55.:
2231 661 2268 696 ‹
2298 636 2500 701 Simul
2529 637 2751 701 colatis
2776 639 2840 700 et
2862 634 3142 720 diligatis

685 738 889 801 Deum
933 737 1179 817 grati-Q·
1224 738 1374 819 quia
1409 740 1619 803 totum
1665 739 2011 821 praemium
2041 742 2327 804 nostrum
2365 740 2494 822 ipse
2531 738 2669 816 erit,
2703 739 2779 805 ut
2813 741 2878 804 et
2921 738 2987 802 in
3034 738 3145 801 illa

685 840 839 915 vita,
873 840 1152 904 bonitate
1183 840 1317 905 eius
1347 842 1411 904 et
1440 841 1898 922 pulchritudine
1929 842 2320 925 perfruamur
2349 865 2411 905 ».

777 942 859 1006 Et
881 940 1075 1006 Serm.
1110 943 1218 1005 31.
1245 943 1327 1006 al.
1353 944 1505 1006 234.
1532 942 1606 1006 de
1645 943 1851 1022 Temp.
1877 964 1937 1007 n.
1970 944 2064 1007 3.:
2104 969 2139 1002 «κ
2164 942 2373 1020 Cor...,
2392 943 2557 1025 quod
2588 943 2753 1007 recte
2778 942 2957 1025 petit,
2981 945 3145 1007 recte

686 1044 900 1126 pulsat
945 1044 1008 1107 et
1053 1044 1330 1125 quaerit;
1372 1044 1542 1126 pium
1591 1064 1722 1108 esse
1769 1045 1966 1109 debet.
2007 1046 2218 1110 Primo
2251 1065 2458 1110 amare
2490 1047 2692 1112 Deum
2728 1043 2962 1129 gratis:
2997 1044 3146 1108 haec

685 1145 853 1210 enim
884 1146 980 1208 est
1009 1145 1226 1226 pietaS,
1252 1165 1364 1210 nec
1396 1146 1513 1210 sibi
1543 1147 1718 1211 extra
1748 1146 1929 1211 illum
1960 1166 2184 1230 ponere
2220 1147 2579 1225 mercedem,
2614 1166 2803 1230 quam
2834 1148 3145 1230 exspectat

686 1267 761 1311 ex
795 1247 922 1311 illo.
951 1247 1068 1312 nlo
1107 1247 1271 1312 enim
1300 1249 1523 1312 melius
1561 1249 1716 1312 nihil
1750 1250 1846 1313 est
1877 1275 1939 1312 ».

776 1351 858 1414 Et
882 1348 1074 1414 Serm.
1102 1351 1252 1415 334.
1280 1351 1359 1414 al.
1396 1351 1501 1414 48.
1530 1350 1604 1413 de
1621 1349 1875 1415 Sanctis
1897 1372 1956 1415 n.
1984 1353 2075 1415 3.:
2110 1377 2145 1411 α
2176 1353 2314 1417 Hoc
2336 1355 2434 1416 est
2456 1353 2658 1417 Deum
2686 1353 2890 1438 gratis
2915 1372 3143 1429 amare,

685 1452 762 1516 de
799 1453 929 1518 Deo
969 1454 1168 1517 Deum
1200 1472 1464 1536 sperare,
1498 1452 1572 1517 de
1619 1455 1750 1519 Deo
1798 1472 2125 1537 properare
2161 1456 2425 1538 impleri,
2458 1455 2531 1519 de
2561 1456 2698 1538 ipso
2735 1455 2975 1520 satiari.
3010 1456 3147 1538 Ipse

687 1556 853 1620 enim
883 1555 1116 1619 sufficit
1148 1555 1283 1632 tibi,
1317 1557 1561 1638 praeter
1591 1556 1774 1620 illu-m
1805 1556 1961 1626 nihil
1991 1556 2225 1621 sufficit
2254 1556 2434 1620 tibi...
2469 1557 2608 1639 Ipse
2646 1557 2729 1621 sit
2767 1557 2944 1622 nobis
2976 1556 3148 1639 quid-

688 1656 839 1740 quid
869 1657 970 1721 hic
1005 1658 1137 1722 sine
1166 1658 1277 1721 illo
1314 1657 1732 1722 desideramus
1765 1683 1827 1721 ›.

780 1761 862 1824 Et
892 1761 954 1823 in
985 1761 1088 1824 Ps.
1117 1761 1222 1824 52.
1256 1781 1315 1825 n.
1356 1761 1488 1824 10.:
1530 1785 1565 1819 α
1591 1762 1759 1825 Deus
1790 1764 2001 1826 noster
2030 1761 2321 1825 laudetur
2351 1762 2696 1839 voluntate,
2731 1761 2979 1824 ametur
2996 1760 3150 1824 cari-

694 1863 853 1937 tate;
880 1862 1233 1944 gratuitum
1256 1862 1360 1938 sit,
1381 1862 1545 1943 quod
1569 1865 1821 1927 amatur
1843 1865 1907 1926 et
1929 1863 2095 1945 quod
2117 1863 2433 1927 laudatur.
2461 1861 2622 1942 Quid
2647 1863 2743 1926 est
2765 1862 3147 1946 gratuitum?

689 1965 829 2048 Ipse
875 1965 1125 2045 propter
1170 1983 1254 2040 se,
1302 1983 1425 2028 non
1470 1965 1721 2047 propter
1755 1965 1944 2028 aliud.
1985 1964 2051 2029 Si
2098 1966 2260 2029 enim
2307 1965 2527 2030 laudas
2560 1966 2763 2029 Deum
2795 1965 2868 2029 ut
2898 1963 3002 2029 det
3032 1963 3148 2028 tibi

693 2066 929 2147 aliquid
961 2066 1150 2143 aliud,
1184 2066 1312 2129 iam
1345 2084 1465 2129 non
1503 2067 1701 2149 gratis
1740 2086 1913 2130 amas
1947 2068 2167 2130 Deum.
2201 2066 2622 2142 ErubescereS,
2657 2067 2710 2130 si
2744 2068 2806 2130 te
2844 2085 2998 2131 uxor
3032 2066 3145 2129 tua

689 2171 943 2252 propter
972 2167 1223 2232 divitias
1263 2168 1502 2231 amaret
1538 2169 1600 2231 et
1630 2167 1811 2244 forte,
1859 2168 1914 2231 si
1950 2168 2067 2231 tibi
2109 2169 2442 2250 paupertas
2490 2168 2809 2247 accideret,
2859 2168 2935 2232 de
2981 2167 3149 2231 adul-

689 2272 847 2338 terio
894 2270 1219 2353 cogitaret.
1270 2267 1430 2333 Cum
1475 2288 1622 2353 ergo
1669 2272 1731 2333 te
1780 2288 1817 2334 a
1847 2269 2109 2354 coniuge
2139 2270 2337 2354 gratis
2387 2271 2585 2334 amari
2616 2270 2789 2347 velie,
2824 2271 2894 2333 tu
2944 2271 3145 2334 Deum

690 2376 943 2458 propter
974 2373 1142 2438 aliud
1168 2373 1405 2438 amabis
1424 2377 1515 2436 P...
1549 2372 1608 2436 N
1612 2392 1687 2437 on
1716 2373 1832 2438 tibi
1858 2374 2106 2450 terram,
2139 2373 2245 2436 sed
2276 2393 2340 2438 se
2371 2374 2578 2456 ipsum
2608 2375 2838 2447 servat,
2871 2373 2981 2455 qui
3005 2373 3147 2437 fecit

690 2477 934 2541 caelum
965 2478 1029 2541 et
1064 2479 1296 2542 terram
1333 2501 1394 2539 ».

779 2581 861 2643 Et
907 2581 1122 2642 Enarr.
1172 2580 1234 2641 in
1283 2579 1383 2641 Ps.
1439 2579 1540 2641 77.
1589 2598 1649 2641 n.
1691 2579 1833 2642 21.:
1877 2602 1912 2636 α
1943 2578 2210 2642 Rectum
2255 2579 2468 2661 itaque
2512 2598 2807 2643 cor-cum
2855 2580 2986 2643 Deo
3033 2580 3144 2655 eet,

689 2682 937 2764 quando
957 2684 1221 2760 propter
1249 2678 1460 2743 Deum
1489 2679 1736 2761 quaerit
1767 2680 1969 2743 Deum
2000 2680 2162 2761 (heic
2192 2680 2333 2762 quis
2379 2679 2569 2744 dicet:
2618 2699 2755 2744 ecce
2800 2698 2978 2744 amor
3014 2700 3149 2765 gra-

689 2784 921 2847 tuitus:
957 2783 1133 2864 atqui
1156 2784 1406 2867 pergit).
1442 2782 1646 2846 Unam
1671 2782 1897 2865 quippe
1922 2782 2275 2865 concupivit
2299 2802 2335 2846 a
2360 2782 2647 2860 Domino,
2674 2783 2831 2846 hanc
2855 2782 3145 2865 requiret,

691 2888 767 2951 ut
796 2887 1103 2951 inhabitet
1149 2888 1213 2950 in
1259 2887 1443 2952 domo
1491 2887 1742 2950 Domini
1776 2906 2014 2971 semper
2051 2889 2113 2951 et
2145 2889 2598 2971 contempletur
2626 2889 2761 2952 eius
2798 2888 3151 2955 delectatio-

689 3010 851 3054 nem.
887 2988 1001 3054 Cui
1034 2990 1186 3054 dicit
1216 3009 1321 3055 cor
1344 2990 1650 3054 fidelium:
1692 2991 2041 3065 saturabor,
2078 3010 2198 3055 non
2233 2989 2373 3054 ollis
2405 2990 2685 3054 carnium
2717 2991 3150 3075 aegyptiorum

692 3113 801 3156 nec
832 3093 1178 3157 melonibus
1216 3094 1279 3157 et
1314 3093 1653 3176 peponibus
1686 3094 1751 3156 et
1781 3093 1927 3158 allio
1976 3095 2040 3157 et
2070 3093 2234 3176 cepis
2270 3112 2380 3156 nec
2409 3112 2638 3157 manna
2675 3093 3010 3170 visibili...;
3046 3095 3149 3158 sed

690 3195 1041 3273 saturabor,
1075 3215 1220 3260 cum
1256 3195 1615 3279 apparuerit
1649 3195 1851 3279 gloria
1885 3196 1996 3259 tua
2015 3221 2074 3257 ».

781 3298 863 3360 Et
898 3297 963 3360 in
993 3298 1094 3361 Ps.
1130 3299 1236 3361 85.
1271 3318 1329 3361 n.
1377 3298 1477 3361 8.:
1519 3322 1554 3355 ‹
1587 3296 1652 3361 Si
1691 3298 1895 3361 Deum
1941 3300 2263 3379 propterea
2295 3297 2566 3373 invocaS,
2600 3298 2674 3360 ut
2704 3298 2917 3363 veniat
2964 3298 3042 3363 ad
3082 3300 3148 3363 te

689 3399 971 3484 pecunia,
1005 3401 1078 3464 ut
1108 3400 1318 3464 veniat
1349 3400 1427 3465 ad
1473 3402 1535 3464 te
1572 3399 1901 3477 hereditaS,
1950 3401 2023 3464 ut
2070 3400 2280 3464 veniat
2311 3400 2387 3464 ad
2426 3402 2489 3465 te
2525 3400 2819 3464 secularis
2850 3398 3144 3485 dignitas,

690 3503 893 3566 Deum
916 3502 1032 3566 tibi
1056 3502 1403 3567 adiutorem
1428 3502 1606 3585 ponis
1630 3502 2067 3586 cupiditatum,
2085 3522 2209 3567 non
2234 3502 2655 3567 exauditorem
2679 3502 3140 3569 desideriorum.

689 3603 852 3684 Quid
900 3624 1067 3689 ergo,
1114 3605 1341 3686 inquis,
1391 3605 1664 3673 faciam?
1711 3604 1860 3686 quid
1909 3610 2123 3669 orem?
2170 3603 2330 3684 Quid
2379 3610 2561 3669 oresP
2612 3604 2778 3687 quod
2827 3606 2888 3669 te
2933 3606 3145 3671 docuit

693 3708 1018 3783 DominuS,
1068 3708 1233 3788 quod
1277 3710 1341 3771 te
1387 3706 1601 3772 docuit
1645 3707 1928 3772 caelestis
1959 3707 2279 3791 magister.
2319 3707 2547 3771 Invoca
2596 3708 2797 3771 Deum
2843 3709 3145 3791 tanquam

692 3809 913 3884 Deum,
948 3828 1088 3872 ama
1122 3810 1323 3873 Deum
1369 3810 1670 3890 tanquam
1716 3811 1938 3873 Deum.
1987 3809 2106 3873 Illo
2154 3807 2375 3872 melius
2407 3809 2565 3871 nihil
2601 3811 2714 3886 est,
2754 3810 2961 3893 ipsum
2992 3810 3145 3875 desi·

687 3910 852 3988 dere,
886 3911 1092 3995 ipsum
1122 3911 1500 3992 concupisce.
1530 3910 1685 3975 Vide
1716 3912 2107 3975 invocantem
2142 3911 2341 3972 Deum
2364 3911 2429 3974 in
2461 3910 2585 3975 alio
2616 3912 2891 3994 psalmo:
2938 3912 3145 3978 Unam

673 4015 840 4095 petii
870 4036 910 4077 a
948 4013 1242 4085 Domino,
1275 4011 1436 4074 hanc
1466 4012 1805 4092 requiram.
1840 4011 2002 4091 Quid
2048 4014 2162 4089 est,
2209 4012 2374 4093 quod
2423 4014 2626 4096 petit?
2677 4013 2742 4079 U
2738 4019 2763 4076 t
2803 4014 3145 4081 inhabitem

687 4119 760 4180 in
807 4117 982 4180 domo
1026 4114 1294 4179 Domini
1323 4133 1446 4192 per
1492 4132 1701 4175 omncs
1746 4112 1881 4177 dies
1927 4114 2089 4176 vitae
2120 4133 2306 4178 meae.
2358 4114 2448 4180 Ut
2469 4115 2628 4204 'quid
2660 4118 2822 4181 hoc?
2880 4118 2967 4183 Ut
3008 4139 3144 4183 con-

683 4217 944 4297 templer
981 4216 1446 4279 delectationem
1488 4213 1772 4278 Domini.
1823 4214 1889 4279 Si
1935 4234 2081 4301 ergo
2129 4216 2374 4281 amator
2411 4218 2526 4282 Dei
2556 4236 2688 4284 esse
2719 4219 2833 4297 vis,
2873 4221 3148 4288 sinceris-

687 4320 863 4385 sizms
894 4319 1181 4383 medullis
1212 4317 1522 4399 castisque
1553 4318 1836 4400 suspiriis
1884 4319 2089 4401 ipsum
2120 4318 2329 4403 dilige,
2362 4320 2569 4403 ipsum
2602 4340 2762 4400 ama,
2800 4323 2897 4386 illi
2922 4323 3143 4410 flagra,

687 4423 785 4487 illi
819 4422 1011 4498 inhia,
1045 4440 1168 4503 quo
1200 4420 1529 4485 iucundius
1560 4421 1717 4484 nihil
1746 4422 2006 4501 invenie,
2033 4440 2156 4505 quo
2194 4424 2442 4500 laetiuS,
2477 4442 2600 4506 quo
2634 4424 3057 4492 diuturnius...
3082 4427 3150 4492 Si

687 4545 836 4610 ergo
869 4527 1120 4590 invocas
1151 4527 1371 4603 Deum,
1406 4528 1708 4608 tanquam
1740 4527 1961 4605 Deum,
1996 4546 2245 4592 securus
2277 4530 2410 4592 esto
2450 4554 2511 4590 ».
