3497 5147
691 337 800 393 572
997 350 1211 393 ‘runc-r.
1240 353 1319 394 vr.
1343 351 1508 394 anor.
1534 351 1624 391 m.
1643 351 1730 391 nn
1753 350 1979 391 ‘rs-arlo
2001 350 2217 392 ΡιιΑιιο.
2240 349 2571 392 οεοᾼιοοι.
2593 351 2736 393 mm.
2756 352 2843 394 111.
3007 338 3150 409 [778]

696 449 1021 513 habilitate
1057 448 1358 532 gaudere;
1409 448 1656 513 etiamsi
1701 449 1840 512 toto
1887 449 2163 530 tempore
2209 447 2438 513 Missae
2484 447 2783 514 confessio
2817 451 3154 534 peragatur

688 552 876 632 atque
913 551 1070 615 citra
1116 551 1563 616 necessitatem.

778 653 1119 719 Prudentia
1149 673 1297 738 ergo
1335 654 1574 729 suadet,
1606 674 1683 718 ne
1729 654 2012 736 quaestio
2046 653 2195 718 haec
2224 653 2338 717 fiat
2368 654 2529 718 inter
2564 655 2936 719 catechesim
2966 656 3154 738 expli-

686 754 947 819 candam
991 757 1056 820 et
1100 755 1557 838 poenitentibus
1603 757 1667 819 in
1712 755 2092 822 confessione
2137 754 2546 820 confessarius
2576 774 2699 820 non
2743 756 2983 822 iniiciat
3013 776 3153 822 con-

685 857 1009 922 scientiam
1055 859 1310 942 peceati.

797 997 1007 1050 xxvu.
1047 998 1097 1050 5.
1138 997 1452 1052 satisfaciunt
1489 998 1634 1051 etiam
1671 996 1998 1051 inservientes
2037 996 2226 1060 Missae,
2267 995 2308 1049 si
2353 999 2583 1050 recedant
2631 998 2832 1052 allatum
2872 997 3144 1052 necessaria

686 1094 735 1133 v.
760 1095 835 1144 gr.
862 1081 1046 1143 vinum,
1072 1081 1300 1148 hostiam,
1328 1085 1444 1136 thus
1480 1090 1603 1150 θεας
1630 1082 1759 1148 quia,
1786 1096 1896 1135 cum
1925 1085 2043 1135 naec
2081 1080 2367 1135 ordinentur
2406 1083 2466 1134 ad
2504 1079 2734 1143 omnium,
2757 1094 2856 1134 non
2885 1090 3144 1136 censentur

687 1168 877 1228 abesse,
903 1167 1166 1219 dummodo
1204 1179 1300 1220 non
1339 1169 1570 1221 recedant
1606 1170 1666 1220 ab
1704 1166 1929 1230 ecclesia,
1955 1170 2035 1219 vel
2073 1166 2247 1220 saltem
2282 1180 2379 1219 non
2419 1170 2577 1230 longe.
2605 1168 2671 1219 V.
2698 1169 2818 1220 Bon.

776 1284 950 1357 778.
985 1290 1151 1353 Bene
1183 1287 1408 1353 Suarez
1444 1288 1519 1352 de
1550 1287 1750 1353 Euch.
1778 1287 1934 1371 disp.
1962 1288 2067 1351 88.
2095 1288 2241 1351 sect.
2272 1288 2332 1350 2.
2357 1306 2417 1350 v,
2443 1286 2553 1352 Ex
2583 1285 2698 1350 hac
2717 1307 2738 1350 .·
2777 1312 2813 1346 α
2845 1288 3143 1354 Doctores

687 1391 1039 1469 advertunt,
1075 1410 1198 1470 eoa,
1227 1392 1332 1474 qui
1368 1391 1597 1455 Missae
1626 1390 1993 1463 inserviunt,
2027 1388 2312 1471 quamvis
2344 1389 2588 1470 aliquas
2619 1389 2751 1454 eins
2783 1392 2990 1473 partes
3021 1410 3144 1456 non

686 1494 1016 1559 videantur
1061 1495 1368 1578 percipere
1400 1493 1498 1560 vel
1531 1493 1763 1572 audire,
1813 1493 1963 1557 dum
2000 1510 2106 1576 per
2143 1492 2463 1556 ecclesiam
2500 1491 2873 1566 discurrunt,
2923 1494 3022 1558 vel
3069 1493 3145 1558 ad

685 1597 984 1662 sacellum
1032 1597 1349 1672 accedunt,
1400 1598 1472 1660 ut
1517 1597 1753 1670 vinum,
1792 1595 1941 1659 thus
1987 1596 2050 1659 et
2095 1594 2327 1659 similia
2375 1594 2452 1658 ad
2497 1592 2758 1658 Missam
2804 1598 3146 1661 necessaria

687 1699 965 1772 afferant,
1017 1718 1138 1764 non
1185 1700 1395 1763 tamen
1442 1700 1766 1781 propterea
1813 1716 1944 1761 esse
1990 1696 2320 1760 censendos
2373 1697 2614 1779 partem
2672 1697 2870 1760 ullam
2918 1697 3148 1763 Missae

690 1802 999 1874 omittere,
1025 1801 1129 1865 sed
1154 1801 1364 1884 potius
1393 1801 1516 1865 toti
1548 1800 1858 1876 assistere,
1882 1818 2024 1864 cum
2048 1799 2169 1863 toti
2203 1798 2542 1862 inserviant
2570 1800 2636 1862 et
2666 1798 2744 1862 ad
2767 1799 2884 1864 hoc
2907 1818 3148 1883 semper

685 1903 1095 1966 intendant».
1130 1900 1191 1966 S.
1218 1902 1403 1985 Alph.
1435 1921 1496 1965 n.
1523 1903 1675 1966 309.
1723 1902 1870 1966 huic
1904 1901 2270 1966 resolutioni
2301 1901 2374 1964 A.
2409 1901 2569 1964 hanc
2602 1900 2888 1965 notulam
2938 1902 3144 1966 addit:

692 2029 726 2062 «
760 2005 859 2069 Ita
905 2005 1097 2068 etiam
1141 2004 1320 2088 Lugo
1366 2007 1432 2069 et
1476 2003 1667 2068 Salm.
1707 2023 1850 2067 cum
1882 2002 1982 2080 Sa,
2017 2003 2175 2068 Nav.
2213 2004 2329 2066 etc.
2363 2003 2446 2066 Et
2491 2003 2578 2065 sic
2623 2003 2957 2068 tenendum
3002 2023 3145 2069 cum

688 2106 882 2182 Elbel‚
908 2106 1102 2170 Palao
1128 2108 1191 2170 et
1212 2106 1388 2182 Bon.‚
1407 2108 1467 2169 si
1486 2108 1573 2169 sit
1581 2125 1703 2186 per
1726 2106 1904 2168 breve
1930 2110 2184 2185 tempu3‚
2213 2122 2332 2168 vm.
2354 2125 2481 2168 non
2503 2110 2764 2168 exeatur
2783 2106 2864 2169 ab
2888 2106 3146 2171 eccles-ia

686 2209 873 2291 (alias
918 2208 1103 2273 dicit:
1139 2213 1201 2272 et
1226 2228 1349 2274 non
1397 2211 1650 2273 exeatur
1696 2208 1775 2272 ab
1807 2207 2108 2291 Ecclesia)
2141 2210 2357 2272 contra
2405 2207 2536 2271 Dic.
2571 2207 2830 2273 Leandr.
2866 2211 2931 2273 et
2957 2211 3139 2274 Dian.

685 2312 849 2396 apud
881 2312 1070 2378 Salm.
1106 2313 1179 2377 de
1214 2311 1380 2378 Sacr.
1419 2312 1594 2376 Miss.
1629 2331 1761 2395 cap.
1799 2311 1860 2375 6.
1894 2331 1952 2374 n.
1990 2313 2069 2374 21
2108 2336 2168 2375 ».

770 2415 863 2480 Ob
909 2434 1089 2480 suam
1134 2415 1505 2479 brevitatem
1551 2414 1704 2478 haec
1748 2432 1798 2477 s.
1848 2414 2136 2477 Doctoris
2183 2416 2402 2480 notula
2450 2417 2544 2481 est
2591 2416 2871 2480 obscura.
2919 2416 3143 2498 Itaque

684 2519 954 2596 adverte,
991 2517 1407 2593 Dicastfflum‚
1442 2517 1710 2581 Dianam
1741 2517 1806 2583 et
1842 2515 2190 2582 Leandrum
2238 2517 2373 2583 heic
2420 2517 2678 2604 allegari
2723 2535 2844 2583 non
2893 2517 3143 2600 quidem

684 2623 898 2687 contra
930 2639 1321 2685 communem
1351 2619 1697 2684 doctrinam
1744 2618 1944 2703 Lugo,
1980 2618 2080 2695 Sa,
2114 2619 2379 2685 Navarri
2411 2624 2549 2699 etc„
2586 2621 2690 2685 sed
2722 2621 2938 2685 contra
2985 2621 3146 2686 limi-

681 2724 985 2788 tationem
1024 2723 1142 2806 ipsi
1172 2722 1486 2788 communi
1518 2722 1834 2787 doctrinae
1867 2722 2215 2806 appositam
2249 2723 2327 2787 ab
2363 2723 2535 2787 Elbel
2569 2723 2674 2805 (ut
2705 2722 2796 2786 ait
2826 2741 2873 2786 S.
2904 2723 3139 2805 Alph.),

679 2827 873 2890 Palao
906 2829 969 2890 et
1000 2826 1335 2890 Bonacina.

774 2926 910 3003 Sed,
944 2929 1109 3010 quod
1156 2928 1413 2992 maioris
1449 2930 1546 2992 est
1580 2927 1900 3001 momenti,
1947 2927 2247 2991 limitatio
2296 2928 2581 3009 apposita
2629 2947 2665 2990 a
2702 2927 2894 2991 Palao
2927 2930 2992 2991 et
3023 2928 3141 2992 Bo·

682 3031 901 3095 nacina
934 3030 1057 3093 alia
1091 3031 1187 3093 est
1211 3048 1282 3092 ac
1304 3029 1532 3093 referat
1567 3049 1616 3093 e.
1643 3030 1828 3112 Alph.
1863 3029 2100 3092 dicens:
2142 3052 2178 3085 α
2201 3030 2261 3090 si
2288 3030 2375 3091 sit
2389 3049 2513 3108 per
2544 3028 2718 3091 breve
2752 3034 2989 3110 tempus
3022 3046 3139 3094 vm.

676 3153 803 3197 non
826 3137 1086 3195 exeatur
1113 3131 1193 3194 ab
1225 3130 1482 3195 ecclesia
1504 3157 1564 3208 »‚
1592 3131 1740 3207 sive,
1767 3134 1843 3193 ut
1871 3131 2034 3194 idem
2057 3150 2106 3195 s.
2134 3131 2318 3213 Alph.
2346 3131 2535 3194 habet
2557 3131 2620 3194 in
2645 3131 2845 3214 prima
2869 3132 3138 3198 editione

679 3238 825 3302 anni
861 3239 1073 3314 1748„
1114 3262 1149 3295 «
1179 3242 1254 3300 ut
1294 3239 1382 3300 sit
1408 3258 1526 3316 per
1557 3237 1731 3300 breve
1773 3240 2007 3315 tempus
2052 3253 2129 3298 ΕΤ
2165 3256 2293 3299 non
2339 3240 2597 3299 exeatur
2641 3236 2720 3299 ab
2775 3235 3032 3301 ecclesia
3063 3263 3132 3315 »ς

672 3358 819 3404 nam
850 3340 1164 3404 Bonacina
1199 3340 1274 3403 de
1308 3338 1587 3404 Sacram.
1621 3339 1775 3421 disp.
1812 3338 1874 3401 4.
1909 3357 1967 3419 q.
2003 3338 2119 3402 ult.
2153 3340 2362 3421 punct.
2402 3339 2505 3401 11.
2545 3359 2604 3401 ιι.
2645 3339 2744 3402 18.
2794 3342 2856 3404 et
2902 3339 3134 3405 Palaus

675 3445 755 3507 tr.
792 3443 897 3505 22.
932 3442 1087 3525 disp.
1123 3443 1283 3507 unic.
1319 3444 1495 3525 punt.
1537 3442 1636 3504 16.
1671 3462 1730 3505 n.
1771 3442 1828 3504 7.
1861 3440 2114 3504 dicunt:
2162 3467 2196 3498 «
2228 3439 2553 3503 dummodo
2590 3440 2670 3503 ab
2707 3440 2963 3505 ecclesia
3007 3462 3134 3505 non

674 3549 1017 3627 recesset-2⁹8,
1052 3549 1182 3611 nisi
1222 3549 1309 3611 ad
1339 3548 1513 3611 breve
1540 3551 1777 3627 tempus
1808 3570 1844 3605 »
1870 3570 1884 3610 ε
1925 3547 2086 3628 quod
2114 3547 2389 3610 referunt
2426 3546 2618 3609 etiam
2642 3545 2830 3610 Salm.
2857 3549 3040 3611 tract.
3070 3550 3128 3612 5.

679 3648 752 3713 de
786 3649 1012 3731 Sam-if.
1048 3650 1294 3714 Missae
1330 3670 1463 3732 cap.
1493 3650 1551 3714 6.
1581 3670 1640 3713 ιι.
1669 3651 1774 3713 22.
1804 3669 1840 3712 a
1872 3669 1919 3712 s.
1949 3650 2132 3731 Alph.
2184 3646 2460 3729 allegati.
2511 3647 2682 3711 Idem
2727 3648 2915 3711 habet
2961 3649 3134 3714 Elbel

673 3752 831 3815 conf.
866 3753 965 3815 12.
991 3754 1055 3815 in
1082 3754 1141 3817 3.
1170 3772 1367 3835 praec.
1394 3774 1454 3817 n.
1483 3753 1664 3817 356.:
1707 3778 1741 3810 «
1767 3750 2058 3834 Colliges‚
2093 3751 2417 3831 praecepto
2445 3748 2750 3813 Ecclesiae
2780 3750 3136 3815 satisfacere

679 3854 843 3927 illos
884 3855 993 3935 qui
1038 3855 1185 3918 dum
1236 3855 1312 3919 ad
1360 3876 1532 3919 aram
1581 3855 1955 3927 deserviunt,
1996 3851 2167 3914 brevi
2204 3849 2533 3914 dumtaxat
2569 3869 2745 3915 mora
2781 3851 3076 3917 recedunt
3107 3872 3138 3917 e

677 3956 931 4038 templo,
968 3976 1028 4021 v,
1062 3976 1155 4041 gr.
1193 3957 1268 4021 ad
1302 3976 1633 4040 campanas
1668 3954 2023 4038 pulsandas,
2059 3952 2137 4015 ad
2167 3952 2382 4016 vinum
2420 3956 2484 4017 et
2516 3953 2786 4017 hostiam
2819 3956 3140 4036 asportan·

682 4058 826 4122 dam
858 4084 918 4124 ».
954 4059 1119 4145 Ergo
1167 4080 1340 4124 secus
1390 4079 1460 4123 ac
1507 4080 1555 4122 s,
1590 4059 1776 4140 Alph.
1812 4055 2075 4133 exhibet,
2110 4074 2231 4119 non
2280 4059 2511 4140 negant
2555 4056 2683 4131 isti,
2723 4056 2922 4121 recedi
2959 4076 3138 4140 posse

679 4163 757 4226 ab
788 4163 1062 4239 ecclesia,
1104 4163 1208 4227 sed
1255 4163 1459 4227 solum
1505 4161 1568 4224 id
1618 4160 1693 4223 ad
1740 4159 1922 4221 breve
1962 4160 2205 4241 tempus
2244 4162 2582 4223 coarctant.
2616 4159 2696 4223 Et
2734 4158 2950 4223 deinde
2987 4161 3042 4224 si
3073 4161 3135 4225 in

679 4264 933 4327 ecclesia
972 4267 1243 4342 manent,
1279 4284 1389 4328 cur
1425 4261 1837 4337 dubitabitur,
1877 4262 2093 4325 utrum
2125 4262 2278 4326 satis
2313 4264 2661 4345 praesentes
2694 4262 2865 4325 sint?

763 4365 978 4429 Solum
1010 4368 1339 4451 Fagundez
1373 4366 1500 4429 vidi
1535 4364 1971 4439 affirmantem,
2007 4363 2083 4428 ad
2122 4364 2310 4428 aliam
2349 4364 2608 4427 Missam
2641 4363 3011 4431 audiendam
3049 4369 3134 4431 te-

670 4464 801 4528 neri
838 4484 1000 4539 eum,
1027 4470 1153 4549 qui,
1180 4470 1253 4532 ut
1277 4469 1370 4532 ait
1391 4467 1466 4530 de
1495 4470 1550 4530 1.
1570 4486 1778 4546 praec.
1809 4466 1978 4530 Eccl.
2011 4467 2117 4531 lib.
2148 4470 2206 4530 2.
2234 4486 2367 4549 cap.
2396 4467 2454 4530 6.
2483 4487 2543 4531 ιι.
2574 4468 2699 4542 10.,
2733 4490 2767 4525 «
2792 4467 2843 4531 si
2894 4468 3131 4533 deesset

669 4566 883 4631 vinum
908 4569 972 4630 et
994 4572 1167 4632 extra
1189 4571 1506 4635 ecclesiam
1529 4569 1947 4653 quaerendum
1972 4571 2151 4644 esset,
2177 4567 2518 4650 aliqualem
2540 4588 2775 4632 moram
2803 4568 3040 4648 faceret
3061 4593 3121 4634 »z
