3497 5147
308 361 440 436 [ael]
1212 378 1377 420 vana
1418 379 1844 421 oasnnvan‘ns
2645 368 2754 422 263

1187 542 1297 607 Ex
1343 541 1529 608 dictis
1574 542 1860 608 resolves.

404 693 588 745 XXXl.
620 694 668 745 4.
694 690 1094 757 Superstitiosum
1133 698 1235 745 est:
1269 695 1312 743 t.
1346 696 1549 746 Sumere
1586 692 1795 758 aliquam
1836 693 2083 760 potionem
2127 698 2202 748 vel
2244 698 2409 748 bolum
2450 698 2529 750 vel
2566 696 2761 761 quidvis

318 776 444 830 aliud
473 790 717 842 usurpare
744 778 804 829 ad
833 775 1082 830 scientiam
1108 776 1317 841 aliquam
1345 776 1507 831 subito
1544 777 1906 844 acquirendam.
1933 781 1983 830 2.
2012 780 2218 832 Gestare
2256 783 2482 843 amuleta,
2510 780 2760 844 ligaturas,

313 860 553 915 involucra
586 859 720 913 falsis
746 860 1109 914 characteribus
1135 861 1413 926 consignata
1453 870 1619 915 contra
1663 865 1865 915 vulnera
1893 865 1970 914 vel
2000 862 2208 915 subitam
2236 870 2459 925 mortem,
2489 878 2546 917 ne
2574 865 2762 930 possint

311 945 423 999 laedi
450 948 527 999 vel
558 961 617 997 ne
644 944 841 1009 sanguis
871 948 1035 998 effluat
1060 948 1136 999 vel
1164 949 1225 997 ad
1259 946 1608 999 conciliandam
1638 946 2042 1009 invisibilitatem,
2071 947 2598 1013 impenetrabilitatem,
2628 965 2755 1003 amo-

309 1046 412 1096 rem,
437 1036 695 1093 fortunam,
723 1040 1008 1084 nocumenta
1038 1039 1085 1085 et
1111 1031 1366 1085 maleficia.
1392 1034 1441 1085 3.
1471 1034 1543 1085 Ex
1570 1046 1684 1084 casu
1715 1032 1917 1084 fortuito
1945 1032 2188 1085 coniicere
2213 1035 2273 1085 de
2300 1041 2494 1097 eventu,
2519 1050 2563 1086 v.
2587 1050 2631 1098 g.
2664 1033 2759 1087 sibi

308 1116 473 1182 aliquid
503 1116 619 1169 boni
660 1120 737 1169 vel
764 1116 877 1169 mali
901 1124 1209 1181 eventurum,
1237 1123 1290 1170 ut
1316 1117 1357 1169 si
1385 1131 1523 1169 mane
1562 1116 1820 1179 egrediens
1849 1119 2019 1183 pedem
2057 1121 2270 1172 offendat
2309 1118 2516 1185 ideoque
2555 1122 2754 1172 domum

308 1201 612 1265 regrediatur,
642 1201 816 1255 timeus
853 1200 1036 1267 aliquid
1073 1200 1286 1255 infausti.
1317 1202 1366 1254 4.
1397 1201 1514 1255 Dies
1538 1201 1730 1267 aliquos
1756 1202 1953 1264 habere,
1987 1211 2212 1268 tanquam
2241 1207 2443 1269 taustoS,
2469 1202 2594 1258 alios
2635 1218 2754 1257 vero

308 1285 535 1340 inlaustos
561 1285 771 1353 ideoque
793 1286 1037 1351 negotium
1060 1287 1302 1350 omittere,
1327 1301 1374 1339 v.
1396 1302 1441 1350 g.
1462 1286 1541 1340 die
1565 1285 1774 1340 Veneris
1795 1288 1925 1341 nolle
1947 1302 2129 1350 ungues
2150 1288 2510 1354 praescindere.
2530 1290 2580 1341 5.
2606 1288 2756 1343 Femi-

308 1385 463 1425 narum
491 1370 885 1425 carminatricum
914 1371 1275 1425 benedictiones
1301 1379 1349 1424 et
1375 1385 1542 1437 preces
1566 1374 1623 1424 ad
1648 1375 1871 1424 morbum
1899 1374 2236 1436 depellendum
2261 1372 2511 1425 adbibere.
2533 1374 2584 1426 6.
2610 1372 2756 1426 l‘roii-

305 1469 406 1509 cere
430 1464 641 1509 statuam
668 1455 876 1509 alicuius
902 1456 1066 1509 Sancti
1103 1456 1151 1508 in
1192 1456 1403 1517 flumine,
1428 1464 1478 1510 ut
1502 1457 1655 1523 pluat.
1681 1456 1730 1508 7.
1761 1456 1810 1509 Si
1838 1463 2064 1522 putentur
2091 1455 2264 1509 Missae
2291 1470 2386 1509 non
2416 1459 2650 1523 prodesse
2677 1459 2756 1507 de·

309 1540 489 1607 lunctiS,
532 1540 625 1593 nisi
652 1543 875 1604 legantur
913 1549 1097 1607 septem
1136 1555 1244 1593 cum
1276 1546 1461 1606 septem
1490 1538 1611 1593 certi
1638 1539 1820 1593 coloris
1858 1538 2072 1592 candelis
2111 1548 2158 1593 et
2200 1547 2383 1605 septem
2413 1539 2755 1603 eleemosynis.

307 1627 352 1676 8.
377 1624 427 1679 Si
452 1630 702 1689 unguento
740 1624 965 1687 armaria,
992 1639 1088 1690 quo
1126 1624 1317 1689 gladius
1354 1623 1636 1688 iniungitur,
1663 1627 1842 1676 absens
1877 1630 2096 1675 curetur.
2127 1625 2177 1675 9.
2205 1622 2256 1675 Si
2291 1629 2427 1675 certo
2461 1628 2600 1688 lesto,
2635 1638 2683 1675 v.
2711 1639 2755 1687 g.

306 1724 341 1762 s.
365 1709 572 1773 loannis,
596 1716 761 1763 certae
797 1708 1123 1763 adhibeantur
1156 1709 1420 1769 orationes,
1449 1712 1525 1761 vel
1557 1712 1677 1761 testo
1705 1724 1744 1760 s.
1775 1707 2007 1760 Matthiae
2034 1709 2244 1765 hederae
2284 1706 2414 1760 follia
2444 1706 2582 1772 aquis
2606 1706 2758 1773 impo-

207 1850 211 1855 ,
307 1800 490 1854 uantur,
518 1801 569 1846 ut
606 1802 945 1857 cognoscatur,
974 1793 1052 1846 cui
1080 1796 1289 1846 debeant
1315 1796 1510 1845 nubere.
1547 1795 1623 1844 10.
1653 1791 1703 1843 Si
1742 1791 2033 1857 quibusdam
2074 1791 2320 1858 precibuS,
2346 1790 2637 1854 imaginibus
2675 1799 2764 1844 aut

308 1877 668 1931 characteribus
694 1885 778 1931 aut
815 1876 1040 1930 crucibus
1079 1877 1321 1930 tribuatur
1359 1883 1491 1929 certa
1533 1883 1579 1930 et
1618 1875 1886 1930 infallibilis
1926 1875 2018 1938 viS,
2049 1890 2095 1927 v.
2123 1890 2195 1939 gr.
2222 1874 2460 1928 evadendi
2499 1879 2559 1926 ab
2600 1878 2759 1939 hoste,

306 1961 578 2028 expellendi
599 1965 812 2026 morbos,
828 1976 922 2015 non
946 1961 1303 2014 moriendisine
1326 1960 1521 2027 praevia
1543 1960 1866 2023 confessione,
1885 1974 1979 2013 non
2002 1959 2246 2014 incidendi
2265 1960 2312 2011 in
2333 1959 2649 2012 intortunium
2666 1969 2758 2013 etc.

301 2048 444 2102 Aliud
473 2058 631 2103 tamen
658 2056 731 2101 est
757 2063 811 2101 ea
841 2062 925 2114 per
948 2048 1195 2101 orationes
1222 2055 1388 2114 petere
1414 2062 1469 2100 ac
1498 2062 1714 2113 sperare.
1747 2048 1879 2100 Delr.
1902 2048 1934 2101 l.
1959 2049 2006 2100 3.
2029 2061 2076 2113 p.
2101 2050 2150 2099 2.
2170 2062 2218 2112 q.
2248 2046 2294 2099 t.
2317 2061 2357 2099 s.
2377 2046 2426 2098 7.
2449 2048 2589 2099 Suar.
2611 2061 2652 2099 c.
2682 2048 2757 2099 t5.

300 2134 428 2186 Less,
457 2149 500 2186 e.
535 2134 615 2186 44.
641 2135 690 2186 d.
718 2136 767 2187 3.
793 2135 969 2185 Sancti.
998 2148 1044 2185 u.
1073 2133 1156 2185 34.
1184 2139 1232 2184 et
1259 2132 1343 2184 37.
1373 2131 1475 2185 Fill.
1506 2147 1552 2183 n.
1592 2134 1703 2184 ⁸50.

382 2242 503 2307 Res
552 2241 724 2306 clara
756 2244 869 2305 est.

396 2385 612 2438 xxxn.
640 2386 687 2436 2.
710 2380 1115 2450 superstitiosum
1144 2397 1239 2435 non
1266 2388 1369 2435 est:
1398 2384 1443 2435 l.
1464 2382 1744 2435 Observare
1773 2384 1931 2435 lunam
1961 2389 2046 2435 aut
2076 2390 2288 2450 tempora
2318 2382 2504 2449 aptiora
2531 2384 2759 2446 colligen-

296 2467 368 2521 dis
394 2468 562 2522 herbis
594 2469 665 2531 (ν.
688 2482 762 2531 gr.
785 2466 863 2520 die
890 2482 928 2520 a.
961 2467 1151 2521 loannis
1176 2465 1460 2533 Baptistae),
1482 2466 1745 2532 purgandis
1772 2466 2075 2531 corporibus
2097 2466 2357 2520 caedendis
2383 2467 2639 2520 arboribus
2667 2477 2758 2519 ete.

298 2555 344 2607 2.
368 2555 530 2607 Verba
561 2566 736 2607 sacrae
762 2550 1043 2618 Scripturae
1070 2554 1147 2605 vel
1174 2550 1402 2619 reliquias
1421 2558 1615 2616 gestare
1635 2553 1694 2604 ad
1722 2548 1810 2604 Dei
1837 2557 2021 2605 tautum
2047 2555 2280 2604 honorem
2302 2558 2351 2604 et
2377 2551 2481 2605 sine
2507 2550 2650 2605 dictis
2679 2567 2757 2604 va-

293 2637 540 2692 nitatibus.
567 2641 620 2691 3.
647 2637 791 2690 Circa
816 2640 1049 2704 templum
1078 2637 1282 2690 alicuius
1313 2636 1432 2690 certi
1458 2636 1623 2690 Sancti
1649 2643 1725 2690 ter
1748 2636 2018 2690 iumentum
2046 2635 2427 2699 circumducere,
2447 2635 2527 2690 die
2552 2636 2759 2691 alicuius

289 2723 408 2777 certi
434 2722 609 2777 Sancti
633 2721 775 2788 equis
801 2736 972 2775 venam
999 2736 1168 2776 secare
1194 2730 1287 2775 ete.
1315 2720 1356 2774 si
1394 2720 1580 2775 scilicet
1619 2725 1738 2774 haec
1766 2724 1897 2784 flant,
1928 2726 1979 2774 ut
2005 2720 2162 2774 maior
2196 2721 2398 2775 devotio
2424 2721 2667 2776 excitetur
2706 2729 2756 2776 et

286 2811 486 2862 effectus
513 2811 812 2862 Sanctorum
840 2805 1025 2860 meritis
1050 2806 1371 2860 adscribatur.
1393 2805 1536 2860 Aliud
1559 2811 1718 2858 tamen
1747 2813 1892 2865 essct,
1919 2804 1960 2858 si
1982 2813 2270 2871 putarentur
2296 2810 2418 2860 tales
2443 2805 2757 2860 circumstan-

289 2891 380 2946 tiae
398 2892 689 2947 inlallibiles
711 2898 795 2945 aut
819 2895 962 2959 plane
981 2890 1286 2944 necessariae
1306 2897 1391 2944 aut
1416 2904 1502 2957 per
1523 2903 1577 2941 se
1602 2892 1841 2951 efficaces»,
1865 2888 1975 2942 vide
1997 2891 2173 2942 Navar.
2197 2890 2257 2943 in
2285 2891 2435 2945 Man.
2452 2906 2493 2945 c.
2517 2895 2528 2944 1
2553 2892 2759 2946 l.Addit

289 2978 454 3042 Laym.
479 2992 543 3031 ex
572 2975 757 3040 Caiet.,
782 2975 823 3029 si
849 2975 1070 3028 homines
1109 2976 1261 3028 rudes
1300 2977 1425 3027 bona
1466 2976 1560 3027 fide
1587 2980 1634 3026 et
1661 2989 1721 3026 ex
1751 2973 2013 3027 devotione
2039 2975 2251 3040 aliquem
2279 2975 2424 3028 ritum
2452 2978 2514 3028 ab
2541 2976 2759 3030 Ecclesia

285 3077 376 3115 uon
403 3070 669 3130 receptum
696 3064 979 3124 observent,
1006 3059 1266 3126 aliquando
1293 3059 1341 3113 in
1368 3075 1456 3113 sua
1483 3057 1794 3126 simplicitate
1821 3058 2164 3127 reliquendos;
2187 3075 2295 3112 cum
2324 3060 2586 3114 difficulter
2612 3063 2763 3114 abdu-

279 3155 452 3203 cantur
478 3151 543 3203 ab
573 3162 661 3210 eo,
690 3148 822 3212 quod
849 3148 973 3199 bona
1004 3147 1099 3199 lide
1137 3160 1165 3198 a
1202 3144 1305 3198 suis
1342 3143 1612 3198 maioribus
1650 3151 1961 3210 acceperunt.
1990 3144 2038 3197 4.
2066 3145 2163 3197 Nec
2195 3145 2494 3198 damnandae
2521 3147 2760 3210 quaedam

279 3233 595 3300 devotiones,
629 3246 755 3297 quas
792 3238 969 3284 vocant
995 3229 1330 3295 novendialeS,
1357 3244 1403 3282 v.
1431 3244 1478 3294 g.
1507 3244 1700 3293 novem,
1732 3230 1812 3282 vel
1838 3230 1898 3282 ad
1925 3231 2202 3295 exemplum
2228 3244 2269 3281 s.
2298 3228 2521 3295 Gregorii
2550 3228 2761 3293 triginta,

280 3320 354 3371 vel
379 3317 537 3373 alium
564 3322 764 3371 certum
806 3329 1058 3369 numerum
1100 3317 1358 3368 Sacrorum
1398 3316 1665 3377 celebrare,
1694 3329 1805 3369 cum
1832 3320 1968 3366 certo
1990 3327 2194 3366 numero
2220 3322 2268 3367 et
2296 3313 2626 3379 magnitudine
2651 3329 2761 3368 can·

278 3402 500 3456 delarum
542 3409 597 3455 et
626 3398 822 3462 similia,
849 3398 890 3453 si
916 3401 1030 3452 flant
1056 3399 1103 3452 in
1131 3398 1409 3452 memoriam
1435 3398 1642 3452 alicuius
1671 3397 1908 3463 mysterii,
1938 3412 1985 3450 v.
2011 3413 2058 3461 g.
2089 3413 2262 3451 novem
2303 3399 2554 3458 mensium,
2582 3400 2760 3465 quibus

276 3486 503 3541 Christus
530 3486 627 3540 ruit
653 3486 705 3538 in
734 3491 874 3538 utero
902 3487 981 3538 vel
1004 3485 1217 3550 quinque
1243 3487 1500 3536 vulnerum
1529 3491 1620 3536 etc.
1653 3486 1793 3536 Esset
1823 3491 1982 3536 tamen
2010 3482 2424 3548 superstitiosum,
2447 3485 2649 3536 credere
2677 3498 2760 3536 eas

279 3584 449 3635 preces
475 3586 581 3624 non
624 3570 865 3636 prodesse
901 3568 950 3624 in
977 3568 1160 3622 maiore
1188 3571 1265 3621 vel
1295 3568 1484 3621 minore
1526 3581 1746 3620 numero.
1773 3568 1824 3620 5.
1851 3566 1988 3620 Multi
2015 3572 2250 3619 excusant
2278 3566 2424 3619 etiam
2450 3581 2553 3630 θος,
2579 3566 2663 3631 qui
2688 3580 2761 3618 sa·

278 3665 391 3711 aaut
424 3670 639 3712 morsus
671 3669 699 3707 a
738 3653 910 3708 rabido
935 3668 1072 3718 cane,
1097 3655 1227 3719 quod
1254 3659 1428 3720 putent
1448 3651 1563 3705 illos
1589 3653 1650 3704 ad
1678 3654 1772 3705 hoe
1799 3652 1982 3705 hahere
2008 3649 2211 3714 gratiam
2238 3649 2396 3717 gratis
2422 3651 2584 3703 datam
2611 3656 2660 3702 et
2690 3650 2762 3705 sic

274 3747 404 3796 tenet
430 3745 628 3797 Navar.
655 3739 720 3794 in
744 3739 897 3796 Man.
922 3753 966 3793 c.
998 3742 1078 3792 Η.
1106 3741 1170 3792 V.
1198 3741 1376 3792 Sanch.
1405 3739 1572 3802 Laym.
1601 3738 1722 3791 Bon.
1750 3738 1802 3789 ll.
1828 3750 1901 3788 ce.

357 3858 528 3933 381.
566 3859 676 3926 Ad
698 3879 758 3923 n.
788 3861 849 3923 5.
883 3858 1061 3939 Quod
1091 3859 1231 3941 quis
1262 3858 1460 3942 possit
1482 3858 1708 3922 habere
1738 3858 2013 3942 gratiam
2036 3857 2236 3942 gratis
2266 3857 2481 3922 datam
2505 3858 2765 3924 sanandi

276 3982 524 4029 morsos
558 3983 601 4027 a
638 3980 789 4026 cane
811 3961 1047 4036 rabido,
1080 3979 1205 4025 nou
1238 3963 1523 4045 negatur.
1557 3960 1694 4024 Erit
1731 3963 1941 4024 tamen
1979 3979 2076 4025 res
2116 3960 2539 4025 examinanda.
2573 3961 2765 4026 Aliud

271 4067 648 4152 exemplum
686 4064 928 4149 gratiae
951 4064 1207 4129 curandi
1243 4064 1486 4129 dolores
1516 4064 1882 4130 ischiadicos
1920 4063 2012 4146 (la
2043 4063 2327 4146 sciatica)
2363 4064 2664 4128 habemus
2701 4065 2766 4128 in

272 4170 678 4235 rusticorum
730 4164 972 4232 familia
1018 4185 1207 4249 prope
1253 4166 1637 4251 Fulginium‚
1686 4185 1846 4249 quae
1903 4166 2110 4252 gratia
2159 4166 2390 4232 collata.
2445 4166 2674 4230 dicitur
2729 4187 2766 4230 a.

271 4289 318 4334 s.
354 4271 556 4338 Petro
596 4268 758 4334 olim
793 4267 858 4332 in
888 4267 1233 4351 hospitium
1263 4269 1507 4352 recepto
1541 4270 1619 4334 ab
1653 4270 1807 4334 avis,

361 4373 425 4439 S.
462 4371 847 4455 Alphonsus
874 4389 937 4433 n.
976 4371 1078 4434 18.
1112 4370 1322 4454 tangit
1350 4371 1798 4452 quaestionem,
1825 4389 1904 4434 an
1939 4370 2114 4434 licita
2153 4371 2240 4434 sit
2276 4369 2478 4433 virtus
2517 4369 2770 4451 (vocata

268 4476 485 4561 magia
520 4469 878 4553 naturalis)
913 4471 978 4535 in
1011 4471 1345 4553 aliquibus,
1379 4472 1487 4553 qui
1524 4471 1848 4536 medentur
1886 4469 2261 4553 quibusdam
2306 4471 2537 4534 morbis
2586 4472 2765 4554 signo

268 4578 472 4644 erucis
507 4577 636 4641 aut
689 4573 890 4637 verbis
936 4573 1127 4639 sacris
1176 4576 1289 4638 aut
1318 4573 1769 4638 inhiatiouibus
1801 4572 1890 4653 (h.
1926 4592 1978 4636 e.
2013 4572 2425 4654 inhalatibus)
2464 4574 2527 4635 et
2573 4571 2763 4653 vulgo
