3497 5147
295 367 425 441 1550]
994 378 1075 418 Au
1116 378 1193 417 m
1230 376 1482 425 QUANDO
1520 377 1739 419 mcm‘r
1777 378 2013 419 maana
2620 363 2726 418 421

291 478 554 545 utilitate
585 478 649 540 et
688 473 1074 540 neeessitate.
1106 473 1188 539 Et
1219 475 1535 556 praeterea
1582 491 1703 538 non
1737 493 1802 538 se
1839 472 2088 556 exponit
2119 473 2409 557 periculo,
2459 474 2509 536 si
2558 474 2726 538 Deus

292 578 705 645 testimonium
738 576 1023 642 adhibere
1053 576 1324 642 noluerit
1352 575 1419 639 in
1446 576 1774 658 praesenti.
1808 573 2142 640 Adhibebit
2173 576 2385 639 autem
2416 593 2525 657 pro
2557 575 2725 639 certo

292 680 703 746 testimonium
748 679 811 743 in
858 678 1095 756 futuro,
1141 677 1387 761 quando
1418 678 1803 743 illuminabit
1834 677 2192 744 abscondita
2240 678 2632 743 tenebrarum
2663 680 2726 744 et

291 781 698 849 manifestabit
742 782 1002 847 consilia
1031 781 1330 856 cordium,
1363 782 1437 846 ut
1467 781 1695 846 dicitur
1729 782 1787 844 1.
1821 779 1962 845 Cor.
1997 781 2107 845 IV.
2143 783 2201 845 5.
2243 781 2326 844 Et
2361 781 2522 846 illud
2547 781 2725 845 testi-

287 886 557 952 monium-
577 885 736 950 nulli
783 885 1020 950 iuranti
1065 884 1308 949 deficiet
1350 884 1450 949 vel
1494 902 1603 966 pro
1637 902 1707 949 eo
1750 884 1848 947 vel
1878 884 2093 948 eontra
2124 903 2267 948 eum
2298 908 2359 947 ».
2395 882 2566 963 Quae
2613 904 2724 968 po-

285 992 499 1053 strema
529 987 721 1051 verba
749 987 899 1052 sunt
929 985 1372 1069 perpendenda,
1419 1006 1495 1052 ne
1541 987 1680 1068 quis
1725 987 1907 1069 putet
1943 985 2176 1051 frustra
2205 985 2432 1063 iurari,⁸
2453 1004 2525 1050 eo
2557 985 2722 1068 quod

288 1092 440 1156 Deus
470 1109 632 1154 nune
668 1089 1101 1154 testimonium
1130 1107 1253 1153 non
1275 1087 1463 1152 dieat.
1496 1086 1589 1153 Of.
1623 1089 1790 1153 dicta
1823 1089 1937 1153 sub
1971 1109 2028 1152 n.
2065 1091 2152 1153 2⁰.

361 1191 521 1258 Nota
552 1191 751 1256 iurari
781 1209 960 1274 posse
1006 1209 1115 1273 per
1141 1194 1624 1273 procuratorem.
1658 1189 1990 1275 Obligatur
2036 1193 2248 1255 autem
2293 1209 2415 1255 non
2461 1189 2580 1266 hic,
2614 1191 2728 1256 sed

284 1293 585 1371 mandans,
635 1312 745 1357 nee
782 1312 925 1357 reus
971 1293 1069 1357 est
1111 1293 1365 1375 periurii
1410 1294 1794 1376 procurator,
1834 1294 1884 1358 si
1923 1294 2084 1359 bona
2122 1293 2238 1358 fide
2285 1294 2455 1380 agat,
2503 1313 2724 1360 verum

280 1397 644 1479 principalis.
677 1395 948 1461 Eseobar
978 1396 1056 1460 tr.
1094 1397 1198 1460 29.
1233 1415 1293 1460 n.
1344 1397 1448 1461 29.

361 1495 525 1569 549.
544 1499 582 1537 *
604 1497 781 1578 Quod
806 1499 1046 1581 spectat
1070 1497 1150 1561 ad
1170 1498 1419 1561 comites
1441 1499 1800 1570 iuramenti,
1826 1498 1977 1562 haee
1993 1498 2184 1563 habet
2203 1499 2470 1563 breviter
2486 1518 2534 1562 S.
2561 1498 2720 1564 Τ110-

276 1620 400 1665 mas
431 1621 486 1665 a.
512 1602 576 1665 3.
622 1624 658 1660 ‹
685 1599 781 1665 Ad
806 1600 1038 1664 bonum
1062 1619 1247 1664 usum
1269 1599 1603 1664 iuramenti
1635 1599 1757 1664 duo
1781 1601 2199 1682 requiruntur.
2237 1601 2444 1663 Primo
2469 1599 2716 1681 quidem

276 1703 434 1785 quod
464 1703 692 1787 aliquis
728 1720 855 1767 non
882 1701 1121 1780 leviter,
1156 1697 1262 1766 sed
1308 1721 1380 1766 ex
1410 1702 1752 1767 necessaria
1798 1721 1984 1765 eausa
2017 1703 2080 1765 et
2115 1700 2373 1765 discrete
2403 1702 2585 1766 iuret.
2636 1702 2743 1795 Et„

278 1809 571 1886 quantum
612 1806 689 1871 ad
719 1806 836 1871 hoe
882 1804 1223 1887 requiritur
1253 1802 1574 1879 iudicium,
1607 1805 1845 1869 seilicet
1874 1803 2276 1879 discretionis
2304 1823 2376 1868 ex
2405 1805 2581 1887 parte
2626 1805 2724 1870 iu-

274 1907 482 1971 rantis.
515 1907 790 1973 Secundo
823 1908 1131 1989 quantum
1165 1905 1242 1970 ad
1273 1905 1337 1970 id
1367 1906 1532 1987 quod
1578 1925 1684 1989 per
1719 1906 2141 1970 iuramentum
2172 1905 2592 1985 confirmatur,
2641 1908 2716 1971 ut

271 2008 502 2074 scilieet
530 2029 724 2092 neque
762 2010 847 2074 sit
884 2008 1121 2091 aliquid
1151 2008 1380 2073 falsum
1427 2027 1624 2091 neque
1654 2008 1738 2072 sit
1785 2008 2020 2090 aliquid
2065 2009 2378 2074 illicitum.
2408 2009 2492 2074 Et
2525 2029 2715 2091 quan-

270 2109 403 2174 tum
435 2111 509 2175 ad
542 2112 661 2177 hoc
694 2111 1033 2194 requiritur
1078 2111 1329 2183 veritas,
1363 2130 1471 2195 per
1503 2130 1693 2192 quam
1734 2111 1959 2192 aliquis
1996 2111 2343 2176 iuramento
2392 2111 2722 2178 confirmat

263 2213 422 2293 quod
458 2233 680 2280 verum
716 2216 811 2281 est
848 2217 913 2279 et
958 2213 1223 2292 iustitia,
1273 2233 1379 2296 per
1416 2233 1604 2296 quam
1641 2213 1970 2278 confirmat
2014 2213 2178 2295 quod
2214 2213 2458 2278 licitum
2496 2215 2592 2278 est
2621 2214 2713 2295 (in

261 2333 411 2400 resp.
447 2318 527 2381 ad
560 2320 651 2382 2¹¹¹
681 2318 896 2383 monet
925 2317 1091 2399 quod
1121 2317 1367 2382 iustitia
1396 2317 1663 2400 pertinet
1694 2317 1886 2381 etiam
1919 2315 1996 2380 ad
2027 2334 2299 2396 oausam,
2326 2335 2435 2400 pro
2469 2335 2593 2397 qua
2623 2317 2713 2380 iu-

261 2419 477 2500 ratur).
498 2419 741 2486 Iudieio
767 2422 977 2484 autem
1002 2419 1173 2483 earet
1191 2419 1613 2485 iuramentum
1633 2418 1978 2496 incautum,
2007 2419 2268 2483 veritate
2294 2419 2712 2484 iuramentum

258 2520 530 2599 mendax,
568 2521 821 2587 iustitia
845 2522 1266 2586 iuramentum
1297 2521 1582 2603 iniquum
1614 2522 1743 2586 sive
1775 2521 2066 2586 illicitum
2099 2546 2161 2586 ».
2187 2521 2393 2604 Atque
2423 2522 2515 2587 ita
2546 2541 2714 2589 eom-

256 2624 539 2690 muniter.
569 2625 785 2707 Atque
814 2623 1135 2707 provocari
1169 2625 1328 2690 solet
1359 2624 1437 2688 ad
1463 2625 1648 2688 verba
1680 2624 1975 2693 Ieremiae
1999 2624 2108 2688 IV.
2139 2626 2198 2688 2.
2239 2624 2530 2689 Iurabis.-
2561 2627 2716 2689 vivit

252 2721 587 2807 Donzinzw,
640 2727 717 2790 in
741 2726 1000 2791 veritate
1044 2730 1107 2789 et
1134 2727 1207 2789 in
1251 2726 1482 2791 iudicio
1513 2730 1574 2789 et
1613 2728 1685 2789 in.
1729 2727 1974 2791 instit-ia
1992 2747 2013 2802 ‚·
2073 2746 2337 2807 quorum
2383 2728 2716 2794 verborum

253 2831 556 2896 sententia
596 2832 701 2895 est
728 2830 879 2894 haec
913 2828 1050 2912 ipsa
1073 2829 1352 2894 doctrina
1389 2829 1731 2913 Theologg.
1766 2830 1798 2865 *

329 2929 609 2998 Adverte
632 2930 799 3014 quod
813 2931 1061 2996 iustitia
1084 2931 1209 2996 fere
1232 2933 1297 2997 et
1319 2932 1564 3014 proprie
1586 2931 1647 2996 in
1666 2931 2016 2997 iuramento
2039 2933 2458 3015 promissorio,
2477 2935 2707 3000 veritas

245 3034 306 3099 in
360 3035 705 3101 assertorio
764 3034 1127 3099 attenditur.
1169 3034 1464 3099 Attamen
1520 3034 1598 3099 ad
1643 3035 1823 3099 resol.
1873 3036 1958 3097 4¹¹¹
1993 3034 2355 3111 videbimu3‚
2394 3037 2710 3117 quandam

243 3137 553 3204 iustitiam
602 3137 798 3202 etiam
856 3137 923 3201 in
980 3137 1311 3203 assertorio
1358 3137 1616 3219 requiri3
1672 3137 1793 3201 nisi
1839 3140 2050 3203 tamen
2093 3138 2244 3202 haec
2289 3158 2429 3203 eum
2475 3139 2702 3204 iudicio

242 3242 682 3311 confundatur.

323 3343 550 3409 Cetera
601 3342 1015 3426 explanantur
1058 3342 1123 3406 in
1158 3343 1663 3408 resolutionibus,

1193 3514 1370 3582 Unde
1410 3514 1760 3579 resolvitur.

333 3674 451 3727 XV.
486 3675 541 3726 1.
566 3672 748 3739 Quoad
784 3667 1037 3732 iudicium*
1061 3666 1105 3722 si
1142 3671 1237 3722 hoe
1272 3670 1433 3721 solum
1463 3666 1603 3731 desit,
1631 3674 1685 3721 ut
1709 3667 1970 3734 plurimum
1997 3675 2072 3721 est
2101 3666 2290 3721 veniale
2318 3674 2529 3721 mnium:
2563 3676 2613 3721 ut
2652 3668 2702 3723 si

233 3757 336 3822 quis
353 3761 551 3824 absque
578 3753 874 3810 necessitate
897 3752 1045 3817 iuret,
1068 3751 1174 3806 sive
1194 3751 1394 3806 levitate
1419 3753 1625 3816 quadam
1652 3751 1824 3816 animi,
1841 3752 1945 3806 sive
1965 3767 2026 3805 ex
2043 3751 2412 3805 consuetudine.
2435 3753 2496 3805 V.
2523 3755 2698 3807 Sanch.

230 3842 259 3895 Ι.
290 3845 338 3897 3.
363 3859 408 3898 c.
438 3846 492 3898 6.
519 3858 573 3897 n.
606 3843 689 3894 22.
719 3844 855 3894 Lesa.

314 3965 498 4040 550.
541 3970 582 4007 *
620 3965 1003 4049 Principium
1039 3968 1171 4031 est:
1219 3966 1643 4031 iuramentum
1674 3984 1798 4030 non
1835 3984 1942 4048 per
1978 3985 2043 4030 se
2080 3965 2290 4048 appeti
2321 3965 2423 4031 sed
2456 3969 2531 4032 ut
2568 3968 2706 4035 sub·

232 4073 522 4138 veniatur
557 4069 757 4135 alicui
785 4068 1069 4144 defectui,
1104 4086 1227 4149 quo
1252 4068 1489 4134 seilicet
1518 4086 1681 4133 unus
1713 4068 1901 4132 homo
1941 4068 2119 4133 alteri
2160 4086 2280 4133 non
2313 4069 2535 4143 credit3
2575 4088 2706 4135 esse

232 4175 485 4256 proinde
518 4174 694 4238 inter
730 4190 821 4245 ea,
856 4190 1015 4253 quae
1052 4170 1386 4235 identidem
1436 4170 1797 4247 adhibenda,
1832 4172 1978 4253 quia
2024 4173 2193 4235 certo
2225 4169 2330 4233 fini
2365 4170 2708 4233 necessaria

230 4281 337 4342 aut
373 4277 599 4351 utilia,
638 4273 863 4356 quibus
898 4272 1169 4338 indebite
1193 4274 1398 4337 utitur
1442 4274 1817 4354 quicumque
1847 4273 1936 4337 eis
1965 4273 2169 4337 utitur
2206 4271 2375 4341 ultra.
2408 4270 2704 4336 terminos

232 4379 635 4447 necessitatis
682 4379 795 4443 aut
831 4376 1150 4443 utilitatis,
1186 4374 1246 4440 S.
1288 4375 1507 4439 Thom.
1544 4393 1600 4438 a.
1637 4377 1699 4439 5.
1733 4376 1766 4413 '¹‘

305 4481 513 4549 Casus
566 4478 912 4544 deficientis
959 4477 1175 4543 indicii
1219 4477 1400 4553 esset,
1450 4476 1699 4557 quando
1744 4477 1883 4558 quis
1933 4475 2250 4541 oceasione
2297 4475 2488 4554 dubii,
2538 4476 2703 4558 quod

227 4582 381 4649 eirea
415 4584 562 4649 eius
616 4579 785 4645 diota
833 4579 1181 4657 obiiciatur,
1229 4578 1448 4643 statim
1494 4576 1785 4641 adhibeat
1830 4577 2270 4652 iuramentum,
2320 4596 2378 4641 v.
2411 4598 2502 4661 gr.
2537 4578 2702 4659 qnod
