3497 5147
330 324 464 395 [508]
946 337 1217 380 amoma,
1256 338 1339 379 AN
1377 338 1652 380 Pnnmmu
1689 338 2168 382 nas‘m'runnnuu
2676 329 2784 383 391

409 434 565 500 Cum
603 454 750 521 ergo
789 435 993 517 quoad
1026 436 1150 500 alia
1181 436 1378 500 cesset
1406 435 1882 500 fundamentum
1912 437 2181 519 petitum
2213 456 2285 501 ex
2317 438 2458 502 lure
2475 435 2784 503 Canonico

330 539 669 622 praevalere
722 537 904 602 debet
947 539 1111 602 ratio
1160 537 1459 614 evincens,
1508 537 1971 603 restitutionem
2020 538 2366 604 faciendam
2414 559 2544 604 esse
2591 540 2785 604 danti.

329 639 553 724 Nempe
583 640 747 704 ratio
786 641 902 717 est,
941 639 1220 723 quiatper
1252 659 1315 704 se
1339 643 1401 703 et
1429 638 1562 721 leye
1585 660 1696 704 seu
1723 641 2044 721 superiore
2074 639 2261 705 aliud
2294 661 2423 705 non
2463 647 2789 719 statuente,

328 743 559 807 ratione
603 742 875 806 iniustae
922 741 1294 824 acceptionis
1328 741 1644 807 restitutio
1671 743 1953 807 facienda
1990 745 2086 808 661
2117 743 2232 820 1111,
2263 744 2371 826 qui
2408 743 2617 808 laesus
2648 743 2790 807 fuit.

329 845 511 927 Atqui
535 845 600 908 111
633 862 780 908 66611
805 844 1011 908 1666116
1034 843 1159 907 fuit
1188 843 1314 922 ille,
1342 845 1449 926 qui
1474 844 1745 927 pretium
1772 845 1961 910 dedit.
1989 845 2177 930 Ergo.
2213 845 2517 911 Schmalz.
2545 865 2604 909 6.
2636 847 2785 910 297.

408 947 486 1010 Et
530 947 674 1011 11166
720 948 833 1023 661,
862 945 1026 1028 (1116(1
1059 945 1114 1010 61
1142 946 1218 1024 16,
1253 946 1361 1028 qui
1392 946 1726 1012 simoniace
1760 947 1950 1025 dedit,
1999 948 2282 1032 gratuito
2329 948 2615 1012 remittat
2649 967 2788 1030 pre-

330 1051 497 1126 tium,
553 1049 679 1128 ille,
729 1048 838 1131 qui
882 1048 1053 1113 istud
1104 1049 1356 1132 accepit,
1414 1048 1583 1114 licite
1630 1050 1792 1114 idem
1849 1051 2096 1127 retinet,
2146 1050 2337 1115 (16666
2397 1051 2462 1114 16
2509 1051 2785 1116 611161616

328 1171 599 1236 poenam,
634 1151 924 1215 ecclesiae
960 1150 1059 1215 vel
1096 1151 1469 1235 pauperibus
1514 1151 1673 1215 illud
1719 1170 1976 1237 erogare
2021 1171 2130 1236 per
2159 1152 2424 1217 iudicem
2471 1152 2786 1217 iubeatur.

329 1252 620 1318 Schmalz.
657 1253 807 1317 ibid.
855 1273 916 1317 n.
952 1253 1125 1330 297„
1164 1254 1273 1334 qui
1319 1253 1534 1317 deinde
1564 1274 1666 1317 nn.
1703 1255 2032 1318 298.-301.
2075 1254 2448 1319 obiectiones
2480 1254 2690 1318 solvit.

410 1351 584 1426 5⁰8.
626 1355 723 1421 An
754 1355 1064 1419 restitutio
1093 1353 1384 1434 facienda
1415 1354 1487 1419 ob
1534 1355 1868 1419 simoniam
1897 1354 2273 1419 mentalem:
2300 1355 2441 1420 61116
2475 1357 2787 1420 affirman-

326 1459 483 1524 tibus
516 1460 736 1524 contra
767 1459 923 1524 alios
957 1459 1274 1543 negantes,
1311 1456 1613 1522 Schmalz.
1642 1478 1785 1522 cum
1817 1457 2044 1523 Suarez
2078 1478 2211 1541 cap.
2249 1459 2352 1523 59.
2393 1479 2495 1522 nn.
2533 1459 2638 1521 46.
2674 1460 2781 1522 47.

328 1563 386 1626 et
428 1561 569 1626 aliis
615 1561 1095 1645 probabiliorem
1141 1560 1293 1624 dicit
1338 1560 1731 1637 sententiam,
1781 1580 1939 1643 quae
1987 1559 2339 1644 distinguit,
2389 1580 2467 1624 611
2514 1562 2786 1644 pretium

327 1665 405 1728 sit
436 1666 759 1747 acceptum
790 1664 1040 1740 iniuste,
1091 1682 1168 1726 an
1216 1682 1361 1726 vero
1410 1663 1547 1725 sine
1594 1662 1930 1741 iniustitia,
1971 1662 2147 1726 iuxta
2194 1682 2266 1726 ea
2312 1682 2471 1744 quae
2517 1662 2791 1727 diximus

328 1785 456 1850 sup.
486 1788 547 1831 n.
586 1768 733 1831 504.

415 1868 493 1933 Et
534 1869 600 1933 in
644 1868 844 1952 primo
893 1887 1042 1933 casu
1090 1867 1392 1953 obligatio
1441 1867 1641 1931 aderit
1669 1867 2055 1943 restituendi,
2090 1885 2211 1931 non
2245 1866 2492 1949 quidem
2524 1867 2588 1930 vi
2633 1867 2794 1933 iuris

332 1971 737 2045 ecclesiastici,
776 1971 882 2036 sed
920 1971 1131 2054 11611116
1163 1970 1491 2035 naturalis.
1525 1970 1734 2048 Ratio,
1775 1969 1925 2051 quia
1957 1969 2157 2033 omnis
2194 1969 2467 2051 exceptio
2515 1971 2790 2047 externa,

327 2092 480 2155 quae
522 2073 759 2138 iniusta
806 2074 894 2138 sit
938 2075 1003 2137 61
1047 2072 1339 2156 procedat
1368 2092 1441 2136 ex
1472 2072 1707 2136 iniusta
1743 2071 2106 2147 intentione,
2143 2071 2386 2156 obligat
2418 2070 2495 2134 ad
2532 2071 2818 2136 restitum

326 2176 575 2240 tionem.
614 2175 791 2240 Unde
822 2175 979 2240 nihil
1025 2175 1256 2259 quoad
1267 2175 1384 2239 hoc
1416 2174 1620 2239 differt
1662 2175 1826 2239 inter
1872 2175 2202 2239 simoniam
2249 2175 2477 2239 realem
2517 2193 2588 2238 66
2618 2193 2785 2237 men-

327 2278 528 2356 talem,
600 2277 705 2342 sed
750 2278 815 2342 in
862 2278 980 2342 hoc
1047 2278 1252 2342 solum
1315 2277 1625 2356 differunt,
1637 2276 1847 2359 quod
1896 2277 2271 2342 simoniacus
2307 2276 2599 2342 mentalis
2657 2294 2780 2340 non
2857 2265 2862 2270 ’

322 2382 513 2446 subsit
564 2381 784 2465 poenis
832 2401 869 2445 a
898 2381 1034 2446 iure
1065 2381 1334 2464 positivo
1360 2380 1639 2458 61616116,
1675 2381 1900 2461 quibus
1939 2380 2218 2445 subiacet
2240 2379 2522 2462 quisquis
2553 2380 2786 2444 realem

324 2484 655 2550 simoniam
688 2483 1020 2549 commisit.

404 2587 473 2651 In
518 2588 726 2652 altero
758 2606 905 2651 vero
929 2605 1079 2651 casu
1103 2586 1278 2651 nulla
1302 2588 1399 2651 est
1431 2586 1733 2671 obligatio
1768 2586 2134 2652 restituendi
2165 2586 2377 2670 1116111;
2417 2587 2599 2663 16116,
2633 2585 2783 2669 quia

322 2690 462 2754 tunc
482 2710 596 2755 nec
633 2690 738 2753 ius
773 2689 1061 2754 naturale
1109 2688 1186 2753 ad
1216 2689 1681 2754 restitutionem
1729 2689 1971 2774 obligat
1994 2690 2213 2772 utpote
2244 2688 2410 2771 quod
2440 2689 2785 2755 restitutio-

320 2811 453 2857 nem
469 2792 779 2876 praecipit
801 2792 1007 2857 solum
1032 2811 1103 2857 ex
1126 2792 1366 2856 ratione
1389 2792 1702 2868 1666161116,
1727 2792 1961 2855 6661116
1985 2791 2346 2874 positivum,
2373 2792 2592 2873 utpote
2617 2790 2785 2872 quod

318 2894 478 2959 ultra
522 2895 886 2960 naturalem
933 2894 1379 2979 obligationem
1443 2894 1686 2977 obligat
1731 2893 1809 2958 ad
1855 2894 2318 2959 restitutionem
2347 2894 2532 2977 pretii
2577 2895 2784 2959 solum

320 2995 389 3060 ob
419 3018 718 3078 poenam.
753 2996 1033 3064 Sufficiet
1079 3016 1228 3083 ergo
1259 2998 1325 3062 in
1355 2997 1473 3062 hoc
1518 3016 1687 3075 casu,
1715 2996 1882 3078 quod
1905 2996 2187 3061 mutetur
2208 2996 2471 3061 intentio
2505 2997 2570 3060 et
2602 2995 2786 3060 simo-

320 3099 485 3166 niace
517 3101 852 3183 acceptum
874 3100 1013 3165 dein
1050 3101 1166 3165 sub
1183 3100 1352 3165 iusto
1385 3100 1576 3165 titulo
1602 3100 1964 3164 retineatur.
1991 3096 2294 3164 Schmalz.
2321 3119 2423 3163 nn.
2451 3099 2602 3162 305.
2629 3098 2786 3162 307.
