3497 5147
320 360 468 436 [980]
855 374 939 415 An
975 373 1054 413 m·
1089 372 1337 421 quma
1373 371 1650 416 encoma
1687 373 1826 416 snm·
1860 374 2095 419 osenna
2131 376 2262 419 mo.
2674 365 2782 421 723

323 475 388 539 et
423 472 774 549 delectatio,
824 471 888 535 in
926 469 1247 554 spiritibus
1285 470 1347 534 et
1393 471 1694 554 sanguine
1739 473 2075 540 commotio
2108 475 2172 538 et
2206 472 2349 538 hinc
2377 475 2441 539 in
2487 476 2777 541 membris

323 575 585 742 reblzlffll
608 599 941 741 ldicendum
978 676 1185 740 censet
1220 674 1279 739 S.
1328 675 1513 758 Alph.
1553 696 1612 739 n.
1647 678 1798 740 422.
1847 677 1920 743 de
1952 678 2246 743 diuturno
2278 680 2586 762 colloquio
2617 698 2778 745 vano

327 799 468 844 cum
501 780 708 863 puella
739 778 1087 843 inordinate
1120 776 1362 854 dilecta,
1397 779 1718 861 peccatum
1748 799 1967 864 nempe
1997 801 2187 867 grave
2218 801 2366 860 esse,
2402 783 2626 846 saltem
2649 802 2784 866 pro-

329 886 466 967 pter
497 883 846 967 proximum
891 881 1234 965 periculum
1268 880 1533 946 labendi.

435 1009 540 1061 Vll.
566 1009 615 1061 5.
642 1008 772 1061 Idem
810 1004 1069 1059 dicendum
1107 1006 1168 1058 de
1194 1011 1325 1058 tactu
1353 1012 1403 1058 et
1441 1013 1639 1071 aspectu
1677 1005 2043 1061 inhonestarum
2085 1007 2294 1075 partium
2330 1007 2555 1075 corporis
2591 1007 2784 1076 proprii

326 1099 411 1147 aut
446 1090 808 1146 commixtionis
844 1089 1139 1152 animalium,
1180 1103 1276 1142 non
1313 1103 1423 1142 cum
1460 1089 1622 1143 animo
1661 1105 1892 1154 venereo,
1929 1094 2014 1146 sed
2052 1106 2115 1146 ex
2153 1091 2438 1146 curiositate
2476 1098 2663 1146 tantum
2699 1098 2786 1146 aut

325 1178 542 1240 levitate,
566 1177 759 1232 secluso
797 1184 955 1230 tamen
991 1177 1221 1229 scandalo
1258 1182 1305 1228 et
1344 1174 1559 1242 periculo
1596 1191 1865 1230 cousensus
1905 1176 2112 1231 venerei.
2145 1180 2264 1243 lmo,
2293 1177 2335 1231 si
2359 1185 2521 1232 tactus
2560 1177 2675 1232 talis
2699 1185 2784 1232 aut

325 1270 555 1329 aspectus
580 1260 768 1329 proprii
794 1259 1021 1327 corporis
1058 1259 1270 1313 naturali
1308 1259 1470 1325 aliquo
1499 1274 1553 1313 ac
1591 1276 1687 1313 non
1725 1265 1853 1315 malo
1882 1263 1976 1315 tine
2002 1265 2102 1326 flat,
2130 1277 2190 1315 ne
2221 1260 2413 1315 veniale
2437 1261 2634 1327 quidem
2659 1260 2783 1314 erit:

328 1355 382 1401 ut
420 1360 468 1399 v.
494 1361 567 1412 gr.
593 1346 635 1400 si
675 1345 895 1399 frictione
922 1343 1205 1408 extinguere
1244 1343 1369 1398 velis
1411 1343 1652 1410 pruritum
1692 1360 1788 1397 non
1828 1359 2115 1412 venereum3
2154 1347 2418 1399 dummodo
2457 1352 2616 1399 tamen
2661 1344 2788 1398 absit

326 1431 600 1500 periculum
626 1429 913 1498 pollutionis
937 1436 1020 1483 aut
1058 1443 1324 1482 consensus
1360 1426 1408 1481 in
1446 1443 1568 1489 eam,
1594 1428 1635 1482 si
1659 1427 1931 1494 improviso
1969 1438 2165 1497 praeter
2200 1429 2517 1484 intentionem
2545 1433 2670 1483 forte
2705 1433 2790 1481 ob-

332 1515 537 1569 veniret.
563 1517 699 1570 Less.
728 1528 776 1569 u.
804 1517 888 1568 63.
916 1514 1023 1568 Fill.
1049 1528 1097 1566 n.
1132 1514 1249 1566 214.
1277 1516 1454 1566 sancli.
1480 1516 1511 1566 l.
1538 1517 1588 1566 9.
1615 1515 1662 1566 d.
1693 1514 1776 1567 45.

420 1615 590 1691 979.
618 1618 800 1684 Nunc
830 1618 902 1682 de
926 1618 1024 1682 his
1049 1618 1309 1693 actibuS,
1336 1618 1525 1699 prout
1547 1617 1708 1682 circa
1731 1621 1940 1700 partes
1963 1618 2322 1684 inhonestas
2345 1620 2690 1684 versantur.
2710 1619 2785 1683 A.

337 1741 458 1787 non
483 1722 833 1806 distinguit,
848 1718 1368 1802 quemadmodum
1386 1736 1498 1782 nos
1514 1718 1770 1783 fecimus
1795 1738 1854 1783 n.
1869 1721 2040 1797 925„
2053 1722 2260 1803 partes
2276 1721 2481 1784 minus
2497 1721 2789 1785 honestas

340 1845 373 1889 a
400 1823 761 1907 simpliciter
804 1822 1147 1887 inhonestis
1186 1840 1294 1884 seu
1334 1820 1607 1885 obscenis
1655 1823 1718 1885 et
1748 1821 1822 1885 de
1853 1822 1950 1887 his
1983 1822 2186 1886 solum
2216 1823 2459 1906 proprie
2488 1823 2787 1905 loquitur.

337 1927 593 1991 Tractat
627 1927 839 1991 autem
884 1925 1019 1989 heic
1065 1923 1140 1988 A.
1191 1924 1263 1987 de
1310 1926 1561 2006 aspectu
1610 1926 1673 1987 et
1708 1925 1888 1988 tactu
1923 1923 2084 1989 circa
2115 1925 2435 2008 preprium
2471 1943 2692 2008 corpus
2728 1929 2792 1992 et

339 2030 412 2094 de
461 2031 714 2112 aspectu
759 2027 961 2093 coitus
1007 2027 1356 2092 brutorum.
1406 2027 1540 2090 Iam
1587 2045 1731 2090 vero
1781 2025 1854 2090 de
1902 2026 2155 2109 aspectu
2200 2029 2263 2091 et
2294 2028 2466 2092 tactu
2514 2027 2789 2110 partium

336 2133 542 2196 minus
574 2132 978 2195 honestarum
1008 2128 1242 2213 proprii
1274 2129 1546 2211 corporis
1577 2128 1752 2209 loqui
1782 2127 1918 2192 DD.
1952 2147 2073 2193 non
2105 2129 2326 2206 solent,
2359 2148 2431 2194 eo
2463 2128 2627 2211 quod
2650 2131 2792 2195 nul-

341 2234 475 2298 lum
506 2252 613 2316 per
643 2251 707 2296 se
739 2232 865 2296 sint
910 2233 1234 2315 peccatum
1279 2231 1342 2295 in
1389 2248 1609 2315 genere
1638 2229 1954 2306 luxuriae3
1995 2249 2137 2295 cum
2169 2231 2319 2294 haec
2348 2249 2471 2295 non
2501 2236 2796 2296 moveant

338 2337 416 2402 ad
448 2336 837 2419 voluptatem
867 2354 1208 2400 veneream.

428 2438 645 2519 Quoad
679 2441 887 2522 partes
910 2438 1267 2502 inhonestas
1299 2436 1532 2520 proprii
1556 2437 1849 2520 corporis,
1884 2436 2063 2501 docet
2091 2454 2141 2499 s,
2175 2435 2359 2519 Alph.
2394 2436 2511 2501 hoc
2540 2437 2603 2499 in
2634 2437 2793 2512 1000,

341 2542 506 2626 quod
539 2543 793 2627 tangere
839 2540 1086 2624 propria
1134 2539 1394 2604 verenda
1442 2559 1513 2604 ex
1550 2539 1808 2604 levitate
1855 2540 1966 2603 aut
2003 2537 2384 2615 curiositate,
2418 2557 2526 2621 per
2561 2557 2625 2604 se
2670 2557 2793 2605 non

341 2650 436 2712 est
467 2645 751 2722 mortale,
780 2646 853 2708 ut
875 2643 1090 2708 dicunt
1115 2642 1631 2707 salmanticenses
1656 2661 1796 2707 cum
1822 2642 2164 2717 communi;
2197 2640 2383 2705 modo
2409 2641 2572 2706 absit
2593 2644 2794 2726 turpis

337 2748 666 2815 delectatio
706 2749 818 2813 aut
849 2748 980 2811 eius
1021 2746 1363 2829 periculum
1395 2749 1455 2807 et
1488 2742 1601 2808 fiat
1638 2744 1863 2808 idcirco
1898 2743 2096 2808 obiter
2132 2745 2197 2808 et
2225 2762 2347 2808 non
2393 2745 2672 2827 repetitis
2709 2746 2796 2809 vi-

343 2854 549 2925 cibus:
599 2851 747 2934 quia
780 2868 954 2915 secus
1002 2849 1126 2912 iam
1177 2848 1375 2911 aderit
1409 2846 1772 2930 periculum.
1806 2846 1966 2909 Hinc
2003 2846 2228 2929 probat
2256 2846 2418 2911 idem
2465 2867 2514 2912 s.
2562 2849 2798 2914 Doctor

347 2974 478 3020 esse
521 2954 789 3020 mortale
827 2953 1145 3036 aspectum
1192 2949 1582 3033 propriorum
1616 2947 2005 3033 genitalium,
2046 2948 2099 3012 si
2129 2947 2242 3012 fiat
2273 2949 2548 3015 studiose
2578 2952 2643 3016 et
2672 2970 2801 3016 mo·

339 3075 495 3133 rose,
533 3058 763 3139 absque
794 3054 1193 3119 necessitate:
1227 3072 1401 3118 secus
1433 3052 1487 3117 si
1523 3051 1809 3115 breviter.

432 3158 649 3238 Quoad
681 3160 998 3241 aspectum
1031 3155 1485 3221 commixtionis
1526 3152 1912 3229 animalium,
1946 3152 2124 3219 docet
2160 3173 2210 3218 s.
2243 3154 2428 3237 Alph.
2462 3176 2604 3220 cum
2637 3159 2797 3236 aliis,

343 3261 506 3343 quod
538 3278 781 3325 morose
806 3279 942 3323 eam
977 3258 1243 3341 aspicere
1281 3257 1695 3340 periculosum
1726 3256 1842 3333 est,
1869 3256 2144 3319 excusari
2181 3274 2327 3320 vero
2359 3257 2799 3342 coniungentes

347 3383 556 3446 equos,
591 3365 805 3427 tauros
838 3364 990 3436 etc.;
1034 3361 1201 3423 iusta
1249 3360 1411 3422 enim
1445 3359 1620 3422 adest
1665 3375 1882 3422 causa:
1923 3357 2027 3421 sed
2077 3358 2287 3422 abesse
2332 3357 2511 3423 debet
2559 3361 2800 3427 animus

345 3466 732 3530 libidinosus.
774 3463 893 3525 Per
930 3478 994 3524 se
1042 3459 1192 3522 haec
1221 3461 1427 3523 minus
1475 3460 1727 3523 movent
1765 3460 1830 3523 et
1860 3459 1914 3522 si
1947 3460 2145 3524 obiter
2190 3459 2364 3537 fiant,
2403 3461 2521 3524 nisi
2554 3466 2806 3545 propter

350 3585 606 3650 pravam
642 3563 1111 3647 dispositionem
1142 3561 1399 3625 subiecti
1449 3560 1616 3623 aliud
1649 3562 1870 3623 natum
1909 3561 1992 3624 sit
2025 3562 2190 3639 oriri,
2229 3579 2350 3626 non
2396 3562 2670 3628 inferunt
2706 3586 2803 3647 pe-

345 3667 613 3732 riculum
644 3665 994 3750 proximum
1025 3680 1314 3728 venereae
1346 3661 1791 3726 delectationis.

435 3766 612 3842 980.
653 3768 931 3833 Secunda
979 3787 1121 3851 pars
1165 3766 1371 3830 Resol.
1421 3765 1589 3829 clara
1624 3767 1736 3841 est,
1779 3763 2115 3828 secundum
2147 3785 2238 3843 ea,
2272 3785 2430 3847 quae
2461 3767 2627 3833 dicta
2657 3773 2804 3836 sunt

347 3874 420 3938 de
455 3871 810 3938 voluntario
838 3871 899 3936 in
924 3888 1130 3935 causa.
1160 3868 1377 3950 Quoad
1410 3867 1722 3953 pruritum
1756 3866 2094 3931 sedandum
2124 3869 2338 3933 monet
2361 3868 2537 3956 Gury
2570 3871 2627 3955 ἓ.
2653 3872 2805 3936 416.

345 3997 413 4042 ex
439 3996 487 4041 S.
524 3974 707 4058 Alph.
737 3972 926 4037 Hom.
954 3973 1177 4053 Apost.
1203 3992 1263 4037 n.
1294 3973 1375 4049 3.,
1410 3996 1445 4030 «
1471 3971 1525 4035 si
1548 3971 1632 4035 sit
1656 3968 1999 4035 tolerabilis
2036 3971 2332 4054 pruritus,
2366 3973 2804 4040 insinuandum

348 4098 498 4157 esse,
535 4081 607 4142 ut
639 4077 879 4161 patiens
914 4094 949 4140 a
981 4075 1255 4140 tactibus
1304 4075 1632 4149 abstineat,
1672 4074 1981 4155 quatenus
2017 4074 2215 4157 possit
2249 4076 2378 4141 sine
2400 4078 2580 4161 gravi
2609 4079 2803 4143 mole-

346 4184 487 4248 stia.
521 4181 756 4266 Magna
787 4182 1019 4255 tamen,
1055 4179 1164 4254 ait,
1192 4180 1254 4241 in
1286 4179 1382 4242 his
1415 4177 1779 4242 discretione
1811 4175 2217 4242 confessarius
2248 4178 2485 4255 utatur,
2528 4183 2799 4263 oportet3

352 4283 710 4349 huiusmodi
770 4283 932 4347 enim
990 4280 1175 4344 dubia
1234 4298 1524 4362 personas
1580 4278 1942 4362 praesertim
2004 4280 2412 4344 conscientiae
2471 4282 2804 4349 timoratae

348 4408 567 4454 vexare
614 4387 833 4452 solent.
886 4384 1215 4449 Suasiones
1263 4384 1493 4456 autem,
1542 4383 1596 4446 si
1644 4383 1831 4465 paulo
1872 4382 2357 4448 vehementiores
2405 4383 2530 4448 sint
2575 4388 2638 4451 et
2681 4407 2804 4453 non

352 4489 722 4555 condiantur
770 4488 985 4569 aperta
1031 4484 1442 4548 declaratione
1488 4483 1562 4547 de
1610 4483 1889 4549 absentia
1936 4484 2211 4567 alioquin
2257 4485 2528 4551 cuiusvis
2572 4491 2803 4567 metue,

349 4594 593 4674 saepius
641 4594 704 4656 et
753 4590 933 4655 facile
980 4586 1383 4654 conscientias
1430 4585 1887 4651 molestissimis
1933 4587 2238 4671 scrupulis
2292 4588 2699 4671 implicabunt
2745 4618 2805 4658 ».

355 4690 446 4757 Of.
485 4693 599 4758 sub
629 4692 773 4757 dub.
808 4693 869 4756 4.
909 4691 1089 4756 resol.
1132 4692 1192 4753 5.
