3497 5147
316 351 458 426 [174]
944 368 1030 408 m]
1066 368 1214 409 omo
1251 369 1327 408 m
1366 368 1739 410 mmcrronn
1776 370 2150 412 mmrconmr
2675 360 2783 413 129

315 465 631 547 cognatoS,
672 465 924 549 collegii
969 465 1253 530 alumnos
1300 467 1438 542 etc..
1486 466 1799 542 conviva8‚
1849 468 2318 533 contubernales
2367 470 2505 544 etc..
2557 470 2780 536 distin-

314 566 626 651 guendum
673 569 772 632 est
815 567 897 644 id,
939 568 1104 650 quod
1150 588 1222 633 ex
1269 570 1489 650 suapte
1533 570 1759 633 natura
1789 569 1984 652 exigit
2028 570 2139 633 illa
2185 571 2558 649 coniunctio,
2594 573 2673 634 ab
2703 591 2776 637 eo

313 669 473 750 quod
518 669 684 733 inter
737 671 1015 733 membra
1069 672 1281 735 coetus
1343 669 1514 734 illius
1563 671 1815 734 accedat
1861 691 1933 735 ex
1979 672 2266 736 ultronea
2324 672 2775 738 familiaritate.

311 770 467 835 Nam
499 771 668 853 quod
701 774 943 855 spectat
988 791 1111 837 non
1142 773 1392 854 quidem
1441 771 1518 836 ad
1551 772 1825 836 officium
1871 773 2241 856 impositum
2271 794 2308 839 a
2339 777 2569 839 natura
2604 776 2777 841 illius

311 874 779 953 coniunctioniS,
829 875 935 940 sed
981 875 1059 939 ad
1106 874 1478 958 peculiarem
1523 875 1917 939 voluntariae
1963 875 2416 942 familiaritatis
2474 878 2780 961 significa-

313 976 559 1054 tionem,
594 976 658 1039 id
690 996 813 1041 non
846 977 1114 1060 pertinet
1146 977 1224 1040 ad
1262 977 1619 1042 communia
1651 977 1851 1060 signa.

395 1078 518 1142 Ubi
550 1078 746 1143 etiam
776 1080 1239 1157 advertendum,
1267 1080 1432 1161 quod
1478 1079 1747 1157 dilectio,
1782 1098 1942 1162 quae
1972 1080 2229 1144 debetur
2260 1101 2333 1147 ex
2365 1083 2505 1147 aliis
2537 1083 2772 1148 titulis:

311 1200 426 1245 non
472 1183 745 1265 pertinet
793 1182 871 1246 ad
926 1183 1226 1248 virtutem
1272 1183 1554 1247 caritatis
1617 1182 2022 1266 theologicae,
2075 1184 2191 1247 nisi
2237 1188 2546 1266 quatenus
2594 1188 2773 1250 actus

310 1284 410 1348 isti
457 1284 717 1349 virtutis
763 1285 1110 1350 dilectionis
1157 1285 1450 1368 imperari
1511 1286 1774 1369 possunt
1820 1304 1857 1349 a
1903 1286 2165 1351 caritate
2226 1287 2598 1372 theologica,
2648 1307 2772 1353 non

309 1404 477 1451 secus
511 1406 584 1451 ac
623 1388 784 1452 aliae
816 1388 1081 1452 virtutes
1115 1389 1401 1452 morales.

392 1489 493 1553 113
539 1509 591 1554 3.
625 1490 900 1555 Thomas
947 1490 1022 1554 de
1086 1490 1312 1555 Vir-tut.
1349 1510 1407 1572 q.
1449 1493 1509 1554 2.
1547 1492 1664 1554 art.
1716 1493 1799 1554 9.:
1857 1516 1891 1549 «
1923 1491 2102 1556 Aliae
2150 1491 2510 1556 dilectiones
2558 1494 2772 1558 licitae

310 1593 368 1657 et
413 1593 730 1671 honestae,
764 1613 923 1676 quae
968 1595 1116 1658 sunt
1147 1613 1220 1658 ex
1267 1593 1580 1675 aliquibus
1628 1593 1853 1670 0311313,
1894 1593 2166 1658 ordinari
2211 1595 2474 1675 possunt
2506 1595 2584 1657 ad
2624 1597 2776 1659 cari-

308 1695 522 1772 tatem,
556 1696 620 1760 et
666 1695 755 1760 sic
800 1696 1029 1760 caritas
1061 1696 1314 1759 illarum
1362 1695 1765 1759 dilectionum
1800 1695 1976 1759 actus
2008 1695 2312 1777 imperare
2352 1697 2560 1778 potest
2591 1699 2654 1760 et
2686 1697 2775 1761 sic

309 1798 474 1878 quod
517 1799 718 1882 magis
765 1799 1102 1863 secundum
1150 1798 1427 1879 aliquam
1473 1798 1725 1862 illarum
1774 1798 2176 1862 dilectionum
2222 1797 2527 1882 diligitur,
2568 1800 2774 1882 magis

310 1898 597 1984 diligitur
628 1919 698 1964 ex
740 1902 1002 1965 caritate
1033 1901 1393 1982 imperante.
1429 1899 1835 1964 Manifestum
1867 1902 1962 1964 est
1994 1903 2206 1963 autem
2237 1900 2402 1981 quod
2435 1901 2774 1966 secundum

306 2001 697 2068 dilectionem
742 2004 1094 2069 naturalem
1126 2003 1457 2085 propinqui
1503 2003 1642 2085 plus
1688 2002 2039 2086 diliguntur
2075 2003 2269 2067 etiam
2316 2004 2652 2068 secundum
2686 2003 2775 2067 af-

300 2103 536 2170 fectum
583 2107 647 2170 et
692 2105 1028 2172 secundum
1089 2105 1482 2170 dilectionem
1536 2105 1830 2170 socialem
1891 2105 2031 2188 plus
2076 2105 2391 2170 coniuncti
2453 2109 2516 2170 et
2562 2106 2651 2170 sic
2697 2106 2772 2171 de

297 2207 437 2273 aliis
488 2208 944 2274 dilectionibus.
997 2207 1172 2273 Unde
1217 2206 1619 2271 manifestum
1665 2208 1780 2284 est,
1829 2207 1996 2289 quod
2042 2207 2233 2271 etiam
2283 2207 2621 2271 secundum
2682 2207 2771 2271 af·

294 2309 531 2375 fectum
590 2330 750 2376 unus
811 2311 1234 2394 proximorum
1288 2309 1491 2394 magis
1538 2311 1634 2373 est
1688 2309 2037 2392 diligendus
2084 2328 2276 2391 quam
2324 2309 2505 2384 311113,
2571 2311 2635 2373 01
2696 2330 2770 2374 ex

293 2413 561 2477 caritate
596 2413 937 2497 imperante
974 2415 1152 2477 actus
1191 2412 1458 2476 aliarum
1497 2412 1917 2477 amicitiarum
1955 2411 2270 2476 licitarum
2305 2436 2365 2472 ».

381 2515 576 2602 Erg0‚
617 2517 693 2581 ut
738 2514 987 2580 demum
1034 2514 1248 2598 paucis
1294 2515 1445 2580 haec
1491 2533 1901 2593 resumamus,
1941 2514 2171 2579 caritas
2209 2513 2513 2597 postulat,
2549 2515 2623 2577 ut
2660 2513 2773 2577 ini-

289 2620 454 2683 mico
485 2638 615 2683 non
648 2637 866 2703 negem
902 2618 968 2682 10
1004 2618 1209 2683 officia
1254 2618 1539 2682 caritatis
1585 2619 1980 2696 christianae,
2014 2637 2172 2700 quae
2205 2616 2599 2681 definivimus
2632 2636 2769 2699 sup.

289 2722 407 2785 sub
441 2723 546 2806 ξς.
585 2721 732 2785 XII.
766 2721 962 2795 XIV..
996 2724 1065 2785 20
1097 2724 1171 2786 111
1217 2740 1340 2785 11011
1388 2740 1608 2805 negem
1655 2721 1878 2797 officia,
1914 2740 2072 2803 quae
2118 2721 2279 2785 ratio
2324 2719 2588 2783 alicuius
2635 2739 2776 2784 con-

284 2824 634 2890 iunctionis
683 2823 965 2907 specialis
1012 2823 1425 2889 communiter
1471 2823 1739 2906 imponit
1785 2842 1933 2907 erga
1979 2842 2106 2897 003,
2156 2824 2265 2904 qui
2314 2822 2461 2886 talis
2523 2821 2775 2887 coniun-

283 2927 514 2995 ctionis
548 2930 704 2992 sunt
749 2927 1097 3010 participes.
1134 2927 1232 2990 Ita
1280 2928 1457 3008 pater
1489 2945 1610 2990 non
1643 2926 1851 3008 potest
1895 2944 2120 3009 negare
2168 2924 2466 2989 alimenta
2496 2924 2629 2989 filio
2656 2925 2770 2987 aut

278 3033 490 3097 uxori:
527 3032 630 3095 ita
674 3028 1004 3093 Praelatus
1038 3047 1160 3092 non
1193 3028 1401 3111 potest
1448 3046 1672 3111 negare
1704 3026 2087 3104 beneficium,
2122 3046 2245 3108 quo
2286 3026 2565 3108 alioquin
2607 3025 2771 3108 quis-

277 3134 450 3218 piam
486 3134 726 3218 dignus
759 3132 844 3196 sit
871 3151 981 3196 nec
1011 3131 1190 3195 miles
1215 3130 1626 3195 obedientiam
1658 3133 1772 3193 aut
1805 3128 2170 3211 obsequium
2202 3129 2345 3193 duci
2369 3130 2483 3195 etc.

371 3233 535 3307 174.
567 3235 813 3299 Auctor
843 3238 1114 3315 quatuor
1145 3252 1324 3298 casus
1359 3232 1550 3310 addit,
1577 3233 1640 3297 in
1672 3232 1900 3314 quibus
1933 3234 2214 3296 tenemur
2246 3232 2543 3314 obsequia
2575 3231 2769 3295 etiam

275 3339 592 3423 specialia
623 3337 906 3401 exhibere
941 3336 1213 3400 inimico,

467 3444 540 3506 10
567 3440 791 3504 Τ111101·
821 3439 1096 3503 scandali
1132 3458 1204 3503 ex
1236 3437 1583 3514 omissione,
1611 3457 1828 3520 nempe
1866 3437 1919 3501 si
1950 3436 2230 3521 negando
2265 3437 2445 3520 signa
2478 3436 2770 3518 specialia

271 3545 537 3623 amoris,
576 3561 742 3623 quae
791 3543 974 3606 antea
1020 3542 1336 3623 praestare
1383 3559 1807 3617 consueveraS,
1845 3540 1922 3603 ad
1968 3540 2173 3603 maius
2211 3539 2423 3603 odium
2470 3539 2569 3602 vel
2604 3538 2767 3601 iram

275 3649 563 3713 concites
607 3643 947 3708 inimicum.

462 3753 540 3814 20
587 3747 743 3831 Spes
790 3745 1013 3810 salutis
1059 3745 1312 3821 inimici,
1363 3764 1580 3827 nempe
1626 3744 1678 3807 si
1725 3743 2106 3807 salutatione
2152 3744 2251 3805 vel
2297 3741 2594 3824 quopiam
2643 3742 2769 3806 alio

272 3849 763 3918 benevolentiae
825 3849 1003 3932 signo
1068 3846 1346 3911 animum
1405 3846 1636 3910 inimici
1686 3847 1816 3909 Deo
1867 3850 1929 3909 et
1991 3843 2106 3908 tibi
2161 3844 2639 3908 conciliaturum
2708 3847 2771 3908 te

273 3954 637 4022 arbitreris.
679 3954 842 4017 Azor
874 3952 1101 4025 tamen,
1138 3968 1321 4032 quem
1372 3969 1443 4013 ex
1490 3948 1811 4033 Laymann
1858 3948 2095 4011 Auctor
2134 3947 2386 4029 anegat,
2435 3945 2508 4010 de
2554 3946 2671 4035 hac
2708 3966 2773 4010 re

271 4061 425 4125 tom.
467 4062 534 4123 2.
575 4055 691 4120 lib.
723 4056 823 4117 12.
856 4072 987 4136 cap.
1016 4053 1076 4115 3.
1104 4070 1162 4134 q.
1191 4052 1253 4114 4.
1281 4052 1483 4116 solum
1515 4050 1684 4127 dicit,
1719 4050 1885 4132 quod
1917 4049 1979 4113 id
2019 4073 2054 4107 ‹
2087 4064 2434 4112 Paommnss
2474 4063 2770 4123 vaTmz,

270 4167 331 4226 et
373 4165 474 4226 ita
524 4158 733 4225 sentit
786 4152 1051 4220 Gabriel
1105 4155 1243 4229 etc.;
1278 4174 1349 4218 ex
1396 4173 1517 4237 quo
1567 4154 1759 4237 patet,
1795 4170 1917 4217 non
1966 4152 2115 4215 certi
2162 4150 2478 4232 quidpiam
2525 4150 2602 4212 ab
2639 4150 2777 4231 ipso

268 4265 570 4351 proponi.
625 4261 915 4337 Advorte,
972 4256 1139 4340 quod
1208 4257 1545 4341 probabilis
1607 4256 1913 4339 quaedam
1972 4274 2109 4338 spes
2171 4252 2471 4337 affulgere
2532 4251 2775 4316 fructus

267 4369 530 4435 deberet
564 4391 638 4429 ».

456 4473 534 4535 3⁰
551 4466 916 4533 Necessitas
940 4465 1301 4550 temporalis
1329 4463 1425 4527 vel
1451 4462 1815 4545 spiritualis,
1843 4459 2006 4542 quod
2032 4458 2222 4521 etiam
2250 4456 2460 4520 innuit
2486 4455 2774 4519 3.Τ110111.

265 4596 325 4640 11.
360 4576 501 4651 37.,
543 4573 708 4648 11110,
741 4570 817 4634 ut
846 4568 1129 4651 superius
1161 4568 1251 4631 ait
1299 4587 1345 4630 s.
1381 4566 1653 4629 Thomas
1686 4583 1745 4626 n.
1782 4563 1911 4637 69„
1944 4561 2007 4624 id
2038 4579 2160 4623 non
2207 4561 2340 4623 tam
2372 4577 2444 4621 ex
2482 4556 2767 4626 caritate,

434 4697 745 4740 Banmm.
766 4713 819 4722 -
839 4689 1008 4738 Hor-al.
1035 4689 1169 4732 Tom.
1200 4688 1268 4730 11.
2572 4675 2603 4716 9
