3497 5147
355 370 509 449 [941]
1177 385 1259 425 AN
1296 385 1374 425 m
1408 383 1733 435 Quonsotm
1769 389 2021 432 nannum
2728 374 2837 433 699

455 482 632 563 Quod
665 481 717 545 si
747 501 870 546 non
901 481 1163 565 ipsemet
1193 482 1471 566 princeps
1503 485 1602 548 vel
1638 486 1986 569 respublica
2019 488 2222 553 aliena
2285 489 2390 553 sed
2423 488 2554 552 eius
2601 488 2834 553 subditi

365 586 663 650 damnum
695 585 794 649 vel
825 583 1118 648 iniuriam
1150 584 1515 662 intulerunt,
1551 587 1698 657 tunc
1723 589 1831 671 qui
1863 608 1933 654 ex
1959 590 2156 655 altera
2187 590 2508 675 republica
2539 591 2834 654 iniuriam

364 688 533 772 passi
579 687 746 764 sunt,
794 704 917 750 non
964 686 1135 769 prius
1182 686 1414 751 bellum
1460 687 1683 753 inferre
1716 709 1787 754 ac
1818 690 1890 755 de
1937 692 2442 758 malefactoribus
2493 692 2834 756 vindictam

367 810 608 856 sumere
640 789 882 865 debent,
917 808 1105 871 quam
1153 790 1489 873 principem
1520 792 1619 855 vel
1650 794 2096 876 rempublicam
2133 797 2449 871 moneant,
2499 797 2574 859 ut
2623 813 2658 858 a
2705 793 2837 858 suis

366 893 632 960 subditis
664 910 926 976 poenam
958 891 1209 975 exigant
1240 910 1466 974 eosque
1499 892 1574 956 ad
1608 893 1819 959 damni
1850 897 2421 980 compensationem
2457 896 2736 981 adigant.
2773 893 2838 960 Si

370 999 580 1062 autem
611 995 892 1079 princeps
938 994 1038 1057 vel
1060 994 1472 1079 magistratus
1504 996 1568 1059 id
1600 995 1799 1061 facere
1831 999 2133 1083 negligat,
2188 1001 2337 1064 tnnc
2368 999 2583 1064 contra
2628 1000 2838 1083 ipsum

369 1119 613 1183 quoque
652 1098 885 1162 bellum
916 1097 1152 1162 moveri
1185 1099 1393 1180 potest
1425 1099 1501 1163 ab
1534 1118 1624 1177 eo,
1660 1102 1771 1182 qui
1818 1102 1880 1166 in
1917 1103 2256 1186 republica,
2306 1121 2466 1185 quae
2513 1120 2696 1184 passa
2744 1103 2841 1165 est

368 1201 681 1277 iniuriam,
724 1200 1163 1265 auctoritatem
1196 1200 1402 1266 habet.
1436 1200 1655 1286 Laym.
1690 1202 1839 1266 ibid.
1869 1224 1928 1268 n.
1968 1205 2028 1268 5.

466 1299 622 1374 941.
671 1303 768 1367 Ad
813 1304 1045 1368 bellum
1092 1304 1546 1370 instituendum
1594 1307 1841 1388 oportet
1886 1325 2141 1371 causam
2202 1308 2414 1372 adesse
2470 1325 2724 1391 gravem
2774 1324 2844 1369 ac

371 1407 585 1492 magni
607 1406 926 1471 momenti.
965 1406 1212 1471 Etenim
1244 1407 1309 1471 in
1342 1426 1413 1471 eo
1451 1408 1550 1473 tot
1581 1408 1905 1473 hominum
1937 1411 2127 1475 etiam
2177 1410 2596 1474 innocentium
2633 1409 2845 1473 caedes

373 1509 553 1585 fiunt,
607 1509 887 1593 regiones
933 1511 1266 1573 vastantur
1311 1511 1373 1573 et
1418 1510 1685 1594 ipsamet
1730 1510 2097 1594 respublica,
2157 1530 2316 1594 quae
2359 1510 2592 1575 bellum
2638 1509 2845 1587 infert,

376 1612 718 1696 periculum
767 1612 916 1676 adit.
966 1612 1129 1676 Hinc
1175 1612 1228 1676 si
1259 1612 1388 1676 sine
1426 1632 1611 1676 causa
1651 1612 2122 1696 proportionata
2159 1612 2393 1677 bellum
2446 1612 2843 1695 suscipiatur,

374 1712 652 1797 princeps
685 1713 749 1777 et
779 1713 1115 1778 consiliarii
1147 1715 1326 1798 gravi
1357 1714 1584 1778 iniuria
1608 1733 1730 1778 non
1756 1714 1939 1778 modo
1974 1713 2268 1790 alienam,
2308 1713 2412 1777 sed
2436 1715 2500 1778 et
2531 1713 2845 1796 propriam

373 1815 818 1899 rempublicam
852 1815 1152 1893 afficiunt,
1172 1815 1398 1898 quippe
1431 1835 1569 1879 eam
1592 1815 1882 1898 periculis
1907 1816 2243 1898 exponunt,
2273 1815 2528 1879 tributis
2553 1816 2843 1900 gravant,

378 1918 694 2001 publicum
730 1917 1037 1981 aerarium
1068 1917 1459 1982 exhauriunt.

523 2016 760 2083 Causas
827 2019 1130 2100 quasdam
1191 2019 1596 2102 particulares
1666 2020 1874 2105 tangit
1941 2019 2264 2105 Laymann
2334 2019 2441 2083 lib.
2514 2021 2574 2082 2.
2640 2022 2717 2083 tr.
2785 2018 2849 2085 3.

380 2141 511 2205 cap.
553 2122 654 2185 12.
688 2142 750 2186 n.
789 2123 883 2185 5.:

567 2225 635 2287 1⁵
662 2222 754 2289 Ut
782 2224 1016 2288 subditi
1047 2224 1302 2289 rebelles
1335 2224 1412 2288 ad
1445 2225 1861 2291 obedientiam
1894 2226 2276 2311 redigantur.

564 2328 635 2390 2⁸
665 2325 752 2391 Ut
796 2329 1190 2410 recuperetur
1234 2327 1545 2411 provincia
1582 2330 1694 2392 aut
1725 2329 1948 2393 civitas
1979 2328 2357 2412 reipublicae
2390 2328 2619 2407 debita,
2655 2348 2844 2410 quam

381 2449 740 2514 recuperare
771 2432 916 2496 boni
940 2432 1284 2497 communis
1322 2433 1594 2497 multum
1626 2432 1896 2498 intersit.

564 2533 636 2596 3⁸
666 2532 763 2598 Ad
799 2533 1229 2599 vindicandam
1261 2553 1515 2621 gravem
1547 2536 1989 2602 contumeliam
2033 2537 2306 2621 Principi
2339 2538 2436 2603 vel
2467 2536 2844 2621 reipublicae

383 2636 648 2714 illatam,
677 2638 751 2701 ut
773 2636 960 2701 habes
987 2637 1045 2700 2.
1074 2637 1227 2722 Reg.
1254 2638 1331 2701 X.
1351 2639 1411 2702 4.
1436 2638 1704 2704 Ammon
1728 2658 1832 2704 rex
1856 2639 2360 2705 Ammonitarum
2384 2641 2612 2726 legatis
2637 2639 2844 2703 missis

384 2758 421 2804 a
452 2739 675 2815 David,
701 2740 777 2803 ut
799 2741 1267 2805 consolarentur
1297 2739 1370 2804 de
1400 2742 1601 2814 morte
1634 2742 1852 2824 patrie,
1877 2743 2327 2828 instigantibus
2368 2742 2585 2807 aulicis
2626 2766 2661 2800 «
2691 2741 2853 2805 rasit

383 2839 711 2905 dimidiam
746 2846 994 2922 partem
1042 2842 1269 2905 barbae
1315 2846 1378 2906 et
1394 2844 1742 2923 praescidit
1784 2848 1981 2908 vestes
2011 2864 2223 2908 eorum
2253 2844 2492 2909 medias
2512 2864 2716 2925 vusque
2761 2842 2851 2906 ad

390 2947 569 3007 nates
599 2948 660 3007 et
687 2943 932 3008 dimisit
960 2964 1061 3008 eos
1086 2970 1146 3008 ».

571 3047 644 3110 4⁸
671 3046 761 3111 Ut
805 3047 966 3112 ultio
1015 3050 1301 3112 sumatur
1331 3047 1403 3112 de
1435 3051 1619 3133 gente
1657 3050 1755 3114 vel
1785 3050 2076 3134 principe,
2110 3051 2217 3134 qui
2258 3050 2561 3114 auxilium
2599 3050 2850 3132 praebet

388 3149 556 3215 hosti
585 3149 891 3214 iniustum
913 3150 1145 3214 bellum
1170 3150 1435 3235 gerenti:
1471 3170 1593 3233 quo
1619 3152 1752 3216 iure
1784 3152 2049 3217 Romani
2082 3154 2317 3217 multas
2347 3152 2698 3236 provincias
2731 3151 2850 3214 sibi

390 3252 783 3317 subiecerunt
819 3253 882 3316 et
918 3252 1106 3317 habes
1146 3253 1336 3316 etiam
1370 3254 1428 3316 2.
1457 3253 1610 3338 Reg.
1646 3253 1823 3317 VIII.
1868 3257 1926 3318 5.
1980 3254 2167 3319 Venit
2191 3233 2396 3337 “Syria
2428 3253 2751 3326 Damasci,
2789 3257 2856 3315 nt

381 3352 776 3434 'praesidium
809 3352 1008 3432 ferret
1043 3354 1371 3418 Adai-ezer
1400 3355 1569 3436 Rem·
1616 3354 1781 3419 Soba
1826 3362 1886 3419 ct
1919 3358 2236 3437 percussit
2278 3356 2500 3420 David
2542 3357 2616 3420 de
2664 3354 2857 3437 Syria

396 3459 502 3521 22.
526 3455 733 3520 millia
766 3458 1060 3521 virorum.

578 3561 648 3624 5⁵
676 3561 767 3625 Ut
794 3561 842 3624 ii
864 3561 1263 3644 repellantur,
1298 3559 1406 3641 qui
1437 3560 1665 3622 iniuste
1698 3559 2045 3642 prohibent,
2073 3581 2148 3625 ne
2179 3561 2467 3625 nocentes
2492 3561 2853 3643 puniantur,

397 3681 552 3747 quos
590 3663 795 3747 puniri
831 3663 1204 3746 reipublicae
1235 3662 1508 3726 multum
1542 3661 1818 3738 interest,
1847 3663 1920 3726 ut
1943 3662 2131 3726 habes
2163 3662 2357 3727 Iudic.
2384 3663 2522 3726 XX.
2555 3663 2656 3725 12.
2686 3680 2854 3744 seqq.

580 3767 651 3830 6⁸
682 3765 771 3831 Ut
808 3766 1340 3830 animadvertatur
1385 3765 1447 3829 in
1480 3782 1604 3840 eoS,
1653 3764 1761 3846 qui
1785 3764 2000 3829 foedus
2046 3784 2189 3829 cum
2221 3764 2501 3847 Principe
2552 3765 2651 3828 vel
2683 3782 2865 3847 repu-

398 3869 559 3934 blica
588 3870 817 3934 initum
848 3888 970 3934 non
1009 3869 1139 3933 sine
1169 3869 1349 3954 gravi
1379 3869 1625 3945 damnO,
1660 3868 1889 3932 iniuria
1923 3870 1986 3932 et
2017 3867 2306 3932 dedecore
2339 3867 2471 3932 eius
2519 3867 2858 3944 violarunt,

400 3973 475 4036 ut
512 3972 701 4037 habes
734 3973 794 4036 4.
830 3972 984 4057 Reg.
1025 3971 1141 4035 III.
1178 3972 1329 4035 4.-7.

588 4071 661 4138 7·
713 4074 803 4140 Ut
851 4075 1248 4139 obtineantur
1294 4094 1383 4151 ea,
1434 4094 1590 4156 quae
1630 4073 1763 4138 iure
1795 4073 2076 4159 gentium
2110 4073 2408 4155 permissa
2455 4076 2604 4137 sunt
2649 4073 2712 4135 et
2759 4091 2866 4153 per

403 4177 696 4243 iniuriam
733 4178 1143 4262 denegantur:
1178 4197 1235 4240 v.
1287 4197 1379 4260 gr.
1420 4178 1724 4241 transitus
1757 4176 1887 4241 sine
1911 4194 2086 4240 mora
2120 4177 2182 4239 et
2218 4178 2587 4240 nocumento
2621 4193 2691 4236 ex
2738 4192 2864 4236 una

403 4281 467 4344 in
523 4280 715 4344 aliam
767 4280 1099 4364 regionem,
1151 4279 1224 4342 ut
1270 4280 1457 4343 habes
1505 4299 1637 4362 cap.
1687 4279 1792 4343 fin.
1842 4297 2009 4343 caus.
2063 4278 2167 4341 23.
2201 4296 2260 4358 q.
2298 4278 2357 4340 2.
2408 4295 2479 4340 ex
2509 4274 2865 4360 Augustino

415 4382 666 4465 Quaest.
716 4383 785 4446 in
832 4382 1025 4445 Num.
1077 4401 1134 4464 q.
1170 4382 1275 4443 44.
1312 4381 1387 4444 ad
1420 4400 1469 4445 c.
1507 4384 1649 4445 2Ο.;
1692 4406 1727 4440 «
1751 4380 2111 4446 Notandum
2145 4381 2240 4443 est
2272 4398 2436 4456 sane,
2473 4377 2868 4460 quemadmo-

406 4486 555 4551 dum
586 4486 756 4550 iusta
786 4485 951 4548 bella
981 4483 1356 4568 gerebantur
1389 4502 1424 4546 a
1454 4483 1599 4546 filiis
1634 4484 1829 4548 Israel
1860 4484 2076 4548 contra
2109 4481 2543 4546 Amorrhaeos
2573 4481 2868 4547 Innoxius

409 4588 571 4653 enim
603 4588 907 4652 transitus
953 4585 1394 4670 denegabatur,
1444 4585 1550 4666 qui
1597 4586 1729 4648 iure
1777 4587 2084 4649 humanae
2131 4584 2448 4649 societatis
2497 4585 2869 4669 aequissimo

413 4694 627 4776 patere
659 4690 839 4755 debet
869 4716 930 4753 ».
