3497 5147
745 320 851 375 506
886 333 1101 374 TRAOT.
1123 333 1202 374 vr.
1225 331 1385 372 srwr.
1408 331 1472 370 11.
1490 330 1579 370 m:
1604 330 1885 373 smunno
1903 331 2122 374 rme.
2148 333 2480 375 Damnem.
2499 333 2634 375 cu.
2661 333 2753 373 111.
2770 333 2915 374 nun.
2943 333 3022 374 w.
3063 317 3179 387 [666]

745 433 858 495 661.
899 428 1148 493 Scilicet
1192 428 1316 503 ille,
1367 428 1544 493 cuius
1590 426 1881 493 voluntas
1917 433 2012 495 est
2057 431 2122 494 in
2190 431 2464 496 dominio
2513 429 2771 495 alterius
2842 429 3180 507 voluntatis,

745 532 983 596 nullam
1030 534 1237 615 potest
1282 531 1400 595 sibi
1432 531 1882 614 obligationem
1911 533 2244 616 imponere,
2278 552 2438 615 quae
2475 533 2605 597 vim
2650 532 2883 596 habeat
2917 531 2971 595 si
3007 530 3181 596 obstet

742 635 869 712 ille,
902 634 1019 698 sub
1065 635 1242 698 cuius
1275 633 1547 698 dominio
1595 637 1691 698 est
1727 653 1800 699 ea
1831 635 2159 700 voluntas:
2192 635 2255 699 id
2281 636 2418 719 ipsa
2449 636 2614 700 ratio
2646 634 3068 700 dominativae
3099 652 3182 715 po-

742 737 992 801 testatis
1023 736 1234 820 exigit.
1270 735 1505 818 Utique
1528 755 1727 802 sermo
1775 757 1899 802 non
1945 739 2043 803 est
2086 739 2159 803 de
2194 739 2443 822 proprie
2470 738 2637 803 dicto
2675 737 2986 814 domini03
3024 736 3182 800 huius

743 839 905 903 enim
951 841 1137 904 homo
1187 859 1380 922 capax
1423 858 1547 903 non
1593 842 1688 904 est
1724 841 1789 904 in
1824 841 2081 906 alterius
2119 841 2545 905 voluntatem:
2578 839 2683 904 sed
2731 838 3101 922 intelligitur
3125 854 3183 901 66

743 943 1042 1024 potestas,
1093 960 1250 1023 quae
1299 941 1555 1006 alterius
1618 942 2008 1006 voluntatem
2055 943 2147 1007 ita
2195 942 2313 1008 sibi
2361 943 2615 1008 subiicit
2660 945 2734 1007 ut
2780 942 2960 1006 valor
3021 940 3180 1004 huius

745 1044 1001 1108 actuum
1048 1044 1126 1107 ab
1170 1044 1343 1107 1111116
1381 1061 1679 1107 consensu
1726 1043 2084 1127 dependeat,
2125 1045 2218 1109 ita
2261 1045 2339 1110 ut
2383 1045 2608 1109 saltem
2656 1044 2835 1109 valor
2876 1041 3184 1108 subsistere

743 1147 1027 1226 nequeat,
1062 1164 1134 1209 ea
1163 1145 1476 1227 potestate
1496 1146 1954 1211 contradicente
1986 1146 2100 1230 (6).

835 1245 962 1311 Cur
997 1265 1140 1310 vero
1174 1249 1323 1311 vota
1370 1266 1489 1311 non
1535 1248 1912 1312 reviviscant
1956 1250 2227 1325 irritata,
2268 1249 2430 1313 ratio
2470 1251 2604 1324 est3
2655 1249 2806 1331 quia
2852 1245 3184 1311 huiusmodi

744 1350 983 1412 directa
1014 1350 1286 1414 irritatio
1318 1369 1437 1414 non
1463 1352 1560 1414 est
1589 1351 2103 1433 impedimentum
2138 1353 2413 1434 positum
2451 1350 2832 1416 exsecutioni
2865 1349 3189 1415 voluntatis

746 1454 943 1530 661116,
993 1452 1102 1533 qui
1149 1451 1425 1533 alioquin
1472 1472 1545 1516 ex
1590 1455 1767 1535 parte
1805 1473 1918 1517 sua
1964 1452 2211 1519 validus
2243 1473 2492 1519 manere
2528 1454 2756 1537 possit;
2791 1452 2896 1516 sed
2945 1452 3045 1516 est
3073 1451 3190 1515 sub-

746 1555 972 1618 tractio
1021 1555 1355 1620 cuiuslibet
1400 1556 1629 1620 valoris
1686 1556 1765 1620 ab
1809 1556 1946 1638 ipso
1994 1558 2163 1630 actu,
2212 1575 2283 1620 ac
2330 1556 2527 1621 veluti
2575 1556 2708 1620 eius
2756 1555 3085 1620 exstinctio
3138 1555 3191 1644 et

747 1657 1115 1722 annullatio.

836 1762 931 1823 An
958 1779 1102 1825 vero
1128 1763 1336 1844 peccet
1370 1761 1625 1826 irritans
1644 1762 1775 1825 sine
1798 1780 2007 1838 causa,
2042 1762 2372 1846 respondet
2403 1763 2635 1845 optime
2664 1780 2714 1826 s.
2736 1761 2926 1844 Alph.
2953 1780 3017 1824 11.
3041 1759 3186 1822 2281

754 1888 787 1922 «
820 1861 1076 1926 Certum
1125 1865 1237 1938 est,
1278 1880 1394 1926 PRo
1442 1880 1684 1927 vALoRE
1717 1863 2091 1928 irritationis
2137 1865 2377 1928 nullam
2406 1864 2638 1946 requiri
2669 1881 2952 1928 causam.
2985 1887 3047 1926 ›.
3087 1862 3191 1924 De-

745 1964 886 2027 inde
918 1964 1080 2028 idem
1125 1965 1253 2028 ibid
1286 1965 1476 2028 addit.
1510 1990 1545 2023 «
1570 1964 1913 2031 Commune
1945 1969 2059 2042 est,
2094 1968 2258 2048 quod
2290 1986 2419 2030 non
2448 1968 2536 2030 sit
2575 1965 2838 2030 mortale
2886 1991 2951 2030 ›.
2991 1964 3190 2029 Suara

747 2066 987 2130 limitat
1020 2066 1128 2129 111).
1164 2067 1223 2129 6.
1259 2086 1390 2149 cap.
1436 2069 1492 2130 1.
1534 2088 1593 2133 n.
1639 2070 1774 2131 10.:
1816 2094 1851 2127 ⁴<
1883 2068 2021 2133 Nisi
2069 2070 2167 2133 vel
2199 2088 2392 2151 prava
2421 2069 2709 2147 intentio,
2744 2069 2845 2132 vel
2891 2085 3082 2153 grave
3106 2084 3193 2129 no-

747 2170 1107 2233 cumentum
1154 2169 1385 2233 subditi
1433 2190 1503 2234 ex
1549 2171 1814 2236 notabili
1883 2171 2148 2254 praelati
2194 2172 2576 2256 negligentia
2636 2170 3006 2249 intercedat,
3052 2166 3192 2250 quod

746 2290 887 2336 raro
936 2271 1193 2347 eveniet,
1242 2272 1479 2336 seclusa
1526 2273 1760 2338 directa
1793 2274 2037 2338 malitia
2067 2299 2128 2338 ».
2163 2273 2335 2354 Quae
2366 2275 2717 2339 referuntur
2752 2272 2832 2338 ad
2865 2272 3192 2357 praelatum

746 2374 1228 2458 Religiosorum.
1290 2374 1461 2438 Idem
1508 2375 1832 2440 dicendum
1880 2376 1953 2439 de
2015 2379 2211 2459 patre,
2260 2376 2368 2458 qui
2412 2376 2475 2439 id
2522 2375 2754 2440 faceret
2795 2395 2870 2440 ex
2921 2375 3063 2440 odio
3103 2391 3192 2436 6611

748 2477 982 2541 invidia
1013 2476 1324 2560 profectus
1371 2477 1717 2560 spiritualis
1750 2498 2006 2543 suorum
2053 2479 2328 2543 filiorum
2383 2481 2497 2543 aut
2550 2497 2622 2542 ex
2667 2479 3037 2561 contemptu
3078 2475 3195 2539 reli·

747 2600 971 2664 gioms.

833 2684 1051 2767 Pergit
1094 2704 1144 2747 6.
1179 2684 1363 2766 Alph.
1394 2683 1576 2747 ibid:
1622 2709 1658 2743 ‹
1690 2685 1967 2749 Dubium
2016 2688 2110 2750 est
2157 2703 2234 2749 an
2265 2686 2353 2751 sit
2397 2686 2700 2749 veniale...
2734 2682 2857 2748 Sed
2901 2683 2979 2747 de
3021 2702 3085 2746 66
3125 2679 3196 2744 lo-

748 2787 988 2865 quenda
1035 2787 1242 2851 verius
1278 2789 1375 2851 est
1420 2787 1664 2851 nullum
1712 2806 1842 2851 esse
1897 2791 2239 2870 peccatum,
2275 2788 2422 2870 quia
2461 2790 2610 2852 vota
2655 2786 3054 2851 subditorum
3095 2783 3196 2847 sub

748 2888 1099 2952 conditione
1160 2906 1492 2953 consensus
1560 2891 1948 2973 superiorum
2011 2890 2421 2965 emittuntur;
2482 2890 2645 2954 unde
2708 2888 3058 2953 obedientia
3099 2903 3195 2970 pro

748 3009 937 3054 causa
975 2991 1272 3054 sufficit...
1309 2992 1451 3055 Dixi
1501 2992 1574 3054 de
1620 3013 1686 3056 se
1734 2991 2057 3073 loquenda,
2108 2993 2254 3074 quia
2302 2992 2634 3056 difficulter
2689 2989 2945 3055 aliunde
2989 2988 3196 3073 poterit

748 3095 1025 3158 excusari
1073 3113 1110 3157 a
1157 3094 1402 3173 veniali,
1451 3096 1549 3159 vel
1580 3095 1729 3177 quia
1776 3095 1925 3159 facit
1973 3097 2185 3159 actum
2232 3095 2523 3170 otiosum,
2563 3094 2663 3157 vel
2693 3092 2845 3174 quia
2891 3093 3199 3157 irrationa-

748 3196 958 3259 biliter
1004 3198 1347 3279 profectum
1395 3198 1653 3261 alterius
1700 3197 2025 3279 impedit...
2060 3196 2308 3262 Sufficit
2335 3215 2481 3261 vero
2513 3196 2771 3278 quaevis
2807 3214 3001 3260 causa
3029 3191 3199 3258 ratio·

750 3301 909 3364 nalis
957 3300 1030 3364 ad
1080 3303 1496 3367 excusandum
1544 3323 1579 3366 a
1625 3303 1947 3366 veniali».

839 3400 1083 3468 Clarius
1115 3424 1256 3469 cum
1282 3403 1507 3469 Suarez
1538 3406 1646 3468 lib.
1684 3406 1742 3469 6.
1780 3404 1853 3467 cle
1904 3404 2073 3481 Vota,
2107 3424 2239 3487 cap.
2272 3406 2328 3469 1.
2363 3426 2422 3468 n.
2454 3406 2557 3469 10.
2590 3406 2743 3468 11016
2780 3405 2851 3467 1⁰
2875 3418 3198 3469 sermonem

749 3526 880 3570 esse
925 3526 1048 3571 non
1095 3526 1271 3589 posse
1305 3507 1378 3571 de
1410 3510 1659 3589 peccato
1692 3510 1910 3572 contra
1943 3507 2302 3591 religionem
2341 3507 2493 3584 voti,
2527 3506 2694 3588 quod
2724 3506 2810 3571 sit
2850 3506 3026 3589 quasi
3052 3502 3200 3567 iniu-

749 3609 985 3674 riosum
1016 3610 1181 3685 De03
1218 3611 1436 3673 votum
1469 3609 1633 3673 enim
1664 3609 1868 3673 cessat
1897 3608 2154 3691 ideoque
2202 3628 2324 3674 non
2370 3627 2499 3672 6666
2545 3609 2874 3691 peccatum
2903 3609 2970 3672 111
3013 3604 3206 3670 irrita·

748 3713 935 3785 tione,
964 3713 1144 3794 quale
1175 3712 1491 3776 invenitur
1512 3713 1575 3775 in
1609 3713 2063 3795 dispensatione
2096 3713 2228 3776 voti
2253 3713 2382 3776 sine
2405 3730 2614 3775 causa.
2642 3710 2856 3788 Ratio,
2884 3711 3030 3793 quia
3055 3704 3200 3771 illud

749 3816 969 3877 votum
1000 3816 1093 3877 est
1124 3815 1618 3881 conditionatum
1653 3817 1715 3879 et
1753 3815 2027 3899 positum
2075 3816 2137 3879 in
2173 3815 2430 3880 arbitrio
2462 3813 2790 3878 irritantis.
2827 3814 2901 3876 2ο
2931 3809 3206 3878 Conside-

748 3916 1030 3993 randum,
1068 3937 1144 3982 an
1181 3918 1467 3983 irritandi
1500 3920 1777 4003 potestas
1809 3918 1957 3983 data
1989 3918 2072 3983 sit
2107 3917 2173 3983 in
2202 3918 2435 3982 bonum
2467 3917 2771 3993 voventis),
2807 3917 2906 3981 uti
2937 3913 3207 4000 praelato

860 4244 921 4295 (a)
954 4242 1013 4285 Id
1034 4255 1155 4286 vero
1182 4241 1426 4297 dignitati
1457 4240 1715 4286 hnmanae
1745 4240 2030 4283 voluntatis
2051 4252 2151 4283 non
2172 4242 2453 4294 repugnat3
2485 4250 2602 4282 cum
2632 4242 2684 4282 et
2713 4238 2888 4282 sociali
2906 4235 3210 4282 auctoritate

751 4310 1030 4363 contingat,
1059 4313 1204 4352 actus
1233 4308 1417 4352 liberos
1444 4307 1641 4351 irritari
1668 4307 1745 4351 ita
1774 4312 1835 4350 ut
1863 4308 2070 4350 nullum
2113 4308 2209 4359 ius,
2253 4305 2455 4350 nullam
2484 4306 2846 4362 obligatIonem
2888 4307 3112 4362 gignant.
3143 4301 3212 4344 nt

748 4376 882 4419 siout
911 4378 974 4419 ab
1002 4377 1110 4431 ipsa
1139 4380 1328 4419 natura
1357 4375 1615 4418 confertur
1646 4374 1944 4417 auctoritati
1973 4374 2147 4417 sociali
2164 4377 2385 4429 potestat
2413 4373 2611 4428 aliquo·
2630 4376 2778 4417 notun
2805 4370 3058 4424 irritandi,
3087 4368 3210 4412 hino

751 4443 826 4485 nil
857 4444 1060 4496 mirum,
1104 4445 1239 4499 quod
1280 4443 1344 4486 ab
1384 4442 1494 4495 ipsa
1535 4446 1739 4495 natura,
1790 4442 2025 4484 inchoate
2053 4442 2252 4495 saltem,
2283 4440 2409 4485 11660
2437 4443 2661 4495 potestas
2691 4442 2813 4483 vota
2841 4437 3070 4483 irritandi
3097 4432 3210 4489 qni-

752 4510 964 4554 busdm
993 4512 1269 4555 tribuatur.
1287 4510 1361 4554 cf.
1378 4523 1430 4552 n.
1448 4508 1544 4550 667.
1568 4508 1663 4550 Sed
1691 4514 1741 4552 et
1771 4512 1992 4561 potestas
2019 4506 2329 4563 flagianum,
2345 4520 2476 4563 quae
2501 4508 2600 4551 han
2619 4508 2820 4562 potitur
2835 4509 3073 4563 potam·
3094 4499 3212 4545 irri-

750 4577 894 4619 tandi
922 4581 1085 4631 actus,
1106 4590 1205 4619 non
1228 4582 1301 4619 est
1318 4588 1408 4619 our
1428 4587 1527 4616 11011
1551 4576 1705 4628 possit
1724 4576 1936 4617 eandem
1957 4574 2072 4618 aliis
2090 4587 2209 4630 erga.
2229 4589 2278 4630 p.
2292 4575 2459 4618 ivatas
2478 4586 2716 4630 personas
2735 4573 3117 4618 communicare.
3143 4566 3206 4610 B·
