3497 5147
724 339 840 394 364
912 352 1125 394 mor.
1152 354 1233 394 VI.
1260 352 1422 395 sno-r.
1452 354 1491 393 1.
1523 353 1609 393 11111
1633 354 1827 396 muno
1855 354 2073 394 1131133.
2099 354 2427 397 mammet.
2451 355 2585 396 cAP.
2610 357 2672 397 11.
2699 357 2832 399 nus.
2859 359 2941 399 111.
3000 344 3129 419 [477]

726 450 934 514 stetur
979 449 1283 514 adnexum
1327 450 1652 533 spirituale
1699 451 1992 515 officium.
2026 449 2203 530 Quod
2251 452 2304 515 si
2350 453 2765 535 pensionarius
2795 456 2985 518 tamen
3011 456 3131 518 reti·

730 553 903 617 neret
947 571 1127 617 suam
1160 553 1624 638 obligationem,
1665 556 1915 636 possent
1944 555 2163 618 redimi
2193 555 2433 620 fructus
2483 556 2755 632 triennii,
2786 557 2936 622 sicut
2962 559 3018 620 et
3042 577 3133 639 per

730 655 1068 720 triennium
1098 655 1357 732 elocari3
1393 656 1541 738 quia
1572 656 1635 719 in
1667 656 1784 720 tali
1830 675 1979 721 casu
2010 675 2130 721 non
2160 657 2290 721 iam
2332 659 2543 740 pensio
2575 677 2682 722 seu
2719 658 2811 723 ius
2847 659 3130 741 1133313313,

724 757 836 822 sed
880 759 998 823 soli
1044 759 1284 824 fructus
1314 758 1779 835 redimerentur,
1814 758 1980 841 quod
2009 759 2142 823 fieri
2181 760 2410 841 absque
2456 761 2749 825 simoniae
2783 761 2926 825 vitio
2961 762 3137 843 potest

726 861 923 942 (sicut
970 862 1034 926 et
1077 862 1141 925 in
1186 861 1495 927 locatione
1539 861 2035 944 beneficiorum);
2077 861 2225 943 quia
2269 862 2509 927 fructus
2557 866 2702 927 sunt
2743 882 2898 927 mere
2937 866 3138 944 tempo-

727 963 891 1027 rales
916 967 979 1028 et
1011 983 1047 1028 a
1078 964 1267 1029 titulo
1300 963 1613 1047 spirituali
1643 963 2035 1046 separabiles.
2069 963 2447 1048 Schmalzgr.
2481 965 2588 1028 lib.
2623 967 2684 1029 3.
2718 965 2814 1030 tit.
2851 966 2942 1028 12.
2966 985 3017 1028 n.
3049 965 3136 1027 35.

820 1062 999 1136 477.
1035 1067 1105 1130 13
1155 1065 1446 1149 pensione
1492 1066 1689 1130 mixta
1735 1064 2241 1150 distinguendum
2288 1070 2384 1131 est
2425 1068 2589 1132 inter
2623 1068 2723 1132 ius
2769 1067 3063 1149 antiquum
3089 1067 3142 1129 et

726 1167 969 1251 stylum
1019 1165 1243 1231 Curiae
1289 1186 1601 1232 romanae.
1650 1166 1941 1250 Spectato
1988 1168 2121 1232 iure
2168 1168 2447 1249 antiquo,
2497 1169 2644 1233 talis
2685 1169 2886 1251 pensio
2928 1169 3041 1231 sine
3078 1166 3143 1230 si·

732 1270 945 1333 monia
970 1272 1104 1333 tam
1134 1269 1355 1333 redimi
1385 1289 1571 1352 quam
1605 1268 1788 1333 vendi
1819 1271 2045 1352 potest.
2077 1270 2286 1346 Ratio,
2314 1270 2461 1352 quia
2485 1271 2803 1352 pensiones
2831 1266 3142 1334 huiusmodi

732 1371 961 1436 dantur
990 1372 1195 1436 solum
1226 1374 1476 1455 propter
1498 1391 1719 1436 causas
1753 1372 2125 1454 temporales
2155 1372 2220 1435 et
2249 1372 2547 1437 alimenta
2580 1374 2644 1436 et
2667 1374 2812 1437 sunt
2835 1370 3141 1454 spirituales

731 1474 981 1537 tantum
1027 1473 1383 1547 subiective,
1432 1474 1738 1554 quatenus
1786 1473 1934 1537 solis
1980 1474 2255 1556 personis
2300 1474 2731 1539 ecclesiasticis
2794 1473 3144 1538 conferuntur

728 1583 793 1644 et
839 1579 1171 1661 aliquando
1220 1580 1472 1663 propter
1517 1579 1792 1644 officium
1838 1580 2160 1663 spirituale
2197 1582 2605 1663 praeteritum
2650 1585 2941 1664 tanquam
2974 1578 3144 1644 condi·

725 1682 982 1759 tionem,
1016 1682 1147 1747 sine
1192 1701 1316 1764 qua
1347 1700 1469 1746 non
1506 1682 1820 1746 darentur.
1853 1682 1941 1746 At
1971 1683 2044 1746 de
2081 1683 2245 1767 stylo
2284 1681 2507 1748 Curiae
2542 1702 2832 1749 romanae
2867 1682 3143 1767 pensiones

728 1789 1086 1854 huiusmodi
1133 1788 1313 1853 vendi
1358 1807 1479 1852 non
1527 1790 1789 1871 possunt
1834 1788 2064 1871 absque
2108 1790 2429 1854 Pontificis
2475 1791 2654 1854 venia
2693 1795 2757 1855 et
2789 1790 3030 1854 vendens
3057 1806 3143 1870 pu-

727 1891 901 1954 nitur
932 1893 1005 1953 31
1035 1891 1427 1955 31313313333.
1453 1890 1551 1954 Α3
1575 1909 1718 1955 vero
1742 1890 1962 1954 redimi
1985 1892 2113 1956 sine
2137 1893 2512 1957 auctoritate
2535 1893 2896 1976 Apostolica
2921 1890 3142 1975 possint,

726 1992 1029 2055 dissident
1074 1993 1208 2055 DD.
1242 1992 1372 2055 Alii
1417 1993 1752 2069 affirmant,
1799 1992 1983 2057 modo
2030 2012 2153 2057 non
2200 1995 2599 2076 praecesserit
2644 1997 2790 2060 ante
2826 1992 3147 2078 resignatio-

728 2112 871 2157 nem
917 2093 998 2174 (si
1045 2093 1145 2156 hic
1191 2093 1277 2156 sit
1319 2095 1529 2176 casus)
1575 2095 1827 2175 pactum
1874 2094 1947 2157 de
1993 2097 2281 2178 pensione
2327 2097 2672 2162 constituta
2730 2094 3051 2162 redimenda
3090 2095 3143 2157 et

729 2195 915 2261 modo
947 2214 1071 2260 non
1103 2196 1368 2260 tollatur
1398 2214 1506 2278 per
1534 2196 1652 2260 hoc
1683 2195 1985 2280 obligatio
2015 2198 2317 2262 recitandi
2349 2199 2622 2263 officium
2654 2200 2731 2264 B.
2767 2200 2864 2276 V.‚
2895 2194 3148 2262 31110311-

727 2301 984 2366 stitutio
1031 2301 1129 2365 Pii
1168 2301 1242 2363 V.
1283 2303 1527 2382 recepta
1574 2302 1694 2376 est;
1745 2301 1894 2382 quia
1940 2302 2027 2365 313
2072 2322 2193 2367 333
2241 2305 2374 2367 13111
2421 2303 2668 2369 videtur
2722 2306 2822 2369 ius
2866 2298 3150 2386 spirituale

722 2405 1058 2490 exstingui,
1108 2424 1296 2488 quam
1342 2404 1522 2469 vendi
1568 2405 1808 2469 fructus
1841 2406 2181 2489 anticipata
2227 2407 2556 2472 solutione.
2589 2407 2826 2473 Verum
2857 2408 3149 2490 Fagnanus

724 2527 872 2572 cum
916 2508 1056 2571 aliis
1102 2508 1441 2571 innumeris
1489 2507 1729 2580 volunt,
1767 2506 1901 2570 fieri
1946 2508 2009 2571 id
2055 2528 2176 2573 non
2224 2528 2402 2592 posse
2450 2509 2682 2593 absque
2738 2506 3154 2594 dispensatione

726 2611 1106 2693 Apostolica.

822 2712 1113 2777 Ceterum
1152 2711 1331 2794 plura
1371 2712 1513 2788 alia,
1541 2730 1699 2793 quae
1729 2712 1804 2776 de
1841 2714 2236 2795 pensionibus
2274 2715 2581 2797 disputari
2611 2718 2896 2797 possunt,
2929 2733 3005 2778 33.
3040 2709 3157 2793 (1313

732 2814 934 2898 possit
998 2833 1101 2877 eas
1165 2813 1495 2896 imponere,
1544 2814 1607 2876 in
1653 2814 1878 2895 quibus
1935 2815 2241 2879 beneficiis
2303 2817 2542 2899 possint
2595 2818 2915 2895 constitui,
2962 2813 3157 2898 quibus

734 2917 985 2982 concedi
1017 2918 1276 3000 possint,
1303 2935 1460 2999 quae
1490 2917 1617 2981 sint
1642 2936 1827 2981 33313
1857 2918 2406 3000 pensionariorum,
2441 2939 2591 2984 num
2614 2921 2677 2983 et
2700 2919 3006 3002 quomodo
3029 2920 3160 2981 tras-

726 3021 871 3086 ferri
903 3021 967 3085 in
1000 3021 1189 3084 aliam
1213 3039 1537 3103 personam
1561 3021 1818 3103 possint,
1839 3023 1994 3101 quot
2029 3020 2228 3085 modis
2261 3024 2492 3103 queant
2523 3023 2808 3107 extingui
2840 3024 2974 3098 etc.‚
3007 3018 3160 3085 omit

726 3125 921 3189 timus
943 3126 1163 3207 utpote
1187 3123 1264 3187 ad
1289 3121 1657 3187 Canouistas
1681 3124 2045 3205 spectantia.
2073 3123 2213 3187 Vid.
2242 3122 2618 3209 Schmalzgr.
2637 3125 2701 3189 in
2727 3126 2837 3190 lib.
2866 3127 2926 3189 3.
2951 3124 3044 3189 tit.
3071 3121 3153 3184 12.

727 3230 883 3293 tom.
921 3229 980 3290 5.
1022 3247 1058 3290 a
1083 3246 1223 3308 pag.
1251 3227 1401 3289 406.
1443 3222 1621 3289 Certe
1657 3227 1719 3288 in
1769 3223 2182 3307 Cappellaniis
2218 3227 2543 3291 laicalibus
2575 3229 2795 3310 nequit
2824 3224 3160 3293 intercedere

725 3330 1013 3394 simonia.
1046 3329 1262 3392 Lucidi
1297 3348 1356 3392 v.
1393 3329 1453 3391 3.
1488 3349 1545 3410 p.
1588 3328 1735 3391 527.
1772 3326 2150 3412 Schmalzgr.
2183 3329 2256 3393 de
2295 3328 2571 3394 Simonia
2604 3332 2756 3396 226.

838 3469 983 3520 LVll.
1014 3467 1064 3519 5.
1097 3466 1201 3518 Non
1239 3473 1313 3518 est
1341 3464 1543 3517 simonia
1569 3463 1693 3515 iuris
1731 3463 1884 3516 divini
1910 3464 2021 3527 (etsi
2049 3469 2338 3532 quandoque
2367 3466 2490 3519 iuris
2516 3466 2713 3520 numani
2741 3483 2850 3521 esse
2891 3465 3053 3533 possit)
3079 3460 3159 3528 spi·

736 3553 913 3606 rituale
951 3566 1060 3604 cum
1101 3549 1344 3618 spirituali
1380 3557 1670 3615 permutare,
1709 3563 1757 3601 V.
1795 3564 1869 3612 gr.
1911 3550 2196 3603 beneficium
2235 3565 2326 3616 pro
2366 3552 2620 3615 beneflcio,
2656 3552 2896 3618 reliquias
2931 3563 3034 3603 cum
3070 3544 3161 3600 reli·

724 3637 858 3703 quiis
888 3645 981 3690 ete.
1011 3638 1085 3689 vel
1113 3639 1228 3688 dare
1253 3637 1521 3701 temporale
1544 3648 1636 3700 pro
1662 3634 1936 3701 temporali,
1959 3641 2010 3688 ut
2035 3635 2077 3688 si
2101 3635 2318 3698 calicem,
2349 3637 2426 3689 vel
2453 3650 2605 3699 agnos
2633 3636 2724 3690 Dei
2750 3635 2973 3703 praecise
2997 3632 3163 3687 ratione

734 3722 968 3776 materiae
1006 3722 1217 3774 vendas:
1246 3721 1326 3774 vel
1351 3723 1469 3773 dare
1496 3720 1765 3784 temporale
1793 3733 1877 3785 pro
1904 3718 2160 3785 spirituali,
2186 3735 2274 3786 per
2298 3722 2497 3773 modum
2521 3720 2636 3775 doni
2665 3719 2884 3785 gratuiti,
2906 3720 3045 3773 etiam
3069 3730 3163 3769 cum

731 3822 819 3873 spe
849 3809 924 3859 vcl
950 3805 1216 3859 intentione
1243 3804 1484 3859 excitandi
1505 3807 1562 3857 ad
1583 3804 2023 3857 remunerationem
2051 3804 2165 3857 doni
2193 3804 2463 3871 spiritualis
2485 3809 2564 3858 vel
2590 3813 2774 3859 contra.
2795 3804 2941 3859 Ratio
2961 3811 3046 3868 est,
3067 3799 3164 3868 quia

728 3890 980 3955 gratitudo
1022 3905 1115 3943 non
1152 3890 1351 3956 respicit
1377 3890 1605 3956 pretium,
1634 3892 1717 3941 sed
1745 3887 2030 3941 beneficium
2057 3903 2144 3940 nec
2170 3888 2319 3941 solvit
2357 3887 2572 3942 debitum
2613 3888 2843 3952 iustitiae,
2872 3891 2958 3942 sed
2999 3886 3166 3941 antido·

735 3979 864 4029 rale:
885 3990 981 4040 quo
1009 3988 1103 4026 non
1126 3972 1418 4031 excluditur,
1439 3973 1552 4037 quin
1574 3972 1725 4033 gratis
1745 3974 1903 4024 detur.
1926 3975 2076 4025 Recte
2103 3980 2260 4025 tamen
2287 3981 2449 4026 monet
2475 3975 2678 4037 Suarez,
2698 3972 3035 4027 huiuscemodi
3059 3973 3166 4023 dona

738 4063 803 4113 ob
843 4057 1286 4125 praesumptionem
1314 4057 1456 4107 valde
1485 4058 1719 4107 cavenda.
1746 4059 1862 4109 item
1901 4060 2102 4120 donare,
2128 4057 2415 4123 promittere
2455 4061 2529 4110 vel
2558 4072 2734 4123 negare
2758 4060 3028 4125 temporale
3052 4055 3169 4120 quip·

737 4144 882 4211 piam,
912 4146 1003 4195 sub
1042 4138 1320 4193 conditione
1356 4138 1521 4204 operis
1558 4138 1824 4203 spiritualis
1861 4141 2154 4206 praestandi,
2180 4144 2327 4196 modo
2365 4157 2460 4196 non
2497 4146 2582 4196 ssat
2621 4158 2706 4210 per
2744 4141 2945 4196 modum
2982 4140 3168 4195 retribu-

732 4228 881 4281 tionis
906 4241 992 4278 seu
1023 4222 1440 4277 commutationis:
1461 4236 1509 4275 v,
1530 4236 1603 4287 gr.
1628 4223 1669 4276 si
1695 4239 1868 4290 parens
1888 4225 1991 4278 tilio
2020 4226 2271 4292 promittat
2291 4242 2480 4290 munus,
2503 4227 2545 4280 si
2565 4231 2876 4282 Sacramenta
2900 4232 3170 4292 frequentet.

741 4310 881 4365 Ratio
910 4317 1001 4374 est,
1029 4307 1141 4373 quia
1168 4307 1245 4361 liic
1271 4322 1367 4360 non
1392 4306 1654 4361 intervenit
1681 4317 1961 4363 contractus
1986 4326 2243 4375 onerosus,
2275 4314 2359 4364 sed
2400 4311 2587 4364 sistitur
2629 4315 2700 4364 vel
2728 4312 2775 4364 in
2802 4311 2997 4364 liberali
3034 4313 3166 4361 dona·

728 4394 880 4456 tione,
913 4396 989 4445 vel
1029 4392 1289 4445 donatione
1328 4394 1418 4445 sub
1459 4392 1543 4445 tali
1582 4393 1861 4446 conditione
1889 4402 1936 4445 ct
1976 4398 2137 4447 mode.
2166 4399 2350 4448 Suarcz
2376 4397 2409 4449 1.
2442 4397 2488 4448 4.
2516 4412 2558 4448 3.
2589 4397 2670 4449 45.
2697 4398 2868 4459 Laym.
2895 4397 2928 4449 1.
2956 4411 2998 4447 c.
3025 4410 3069 4447 n.
3095 4396 3136 4443 8.

821 4495 1000 4569 478.
1029 4497 1205 4578 Quod
1228 4499 1604 4582 permutatio
1645 4500 1730 4562 rei
1757 4499 2099 4580 spiritualis
2131 4519 2273 4564 cum
2311 4500 2622 4583 spirituali
2645 4519 2763 4564 non
2789 4500 2876 4562 sit
2901 4495 3168 4569 simonia,

726 4601 882 4667 iuris
915 4602 1128 4680 divini,
1163 4602 1292 4666 scil.
1342 4600 1666 4677 naturaliS,
1716 4600 1896 4664 facile
1928 4602 2132 4683 patet3
2182 4620 2328 4666 nam
2365 4602 2611 4666 malitia
2656 4600 2955 4665 simoniae
3001 4600 3061 4662 in
3103 4614 3167 4660 eo
