3497 5147
767 343 875 397 432
912 357 1124 396 macr.
1153 357 1233 397 vi.
1260 355 1426 396 sacr.
1456 355 1517 395 11.
1544 354 1631 394 Dm
1656 353 1937 396 3301111110
1959 354 2180 395 pruno.
2208 353 2538 396 macanoor.
2559 354 2694 396 oar.
2713 354 2778 395 11.
2799 354 2946 396 nun.
2968 355 3051 396 lv.
3092 341 3234 410 {5641

950 455 1017 515 2ο
1051 451 1308 531 Quando
1334 452 1677 535 propositio
1703 452 2116 534 multiplicem
2149 452 2336 517 habet
2368 470 2637 529 sensum,
2665 453 2771 534 qui
2805 472 2913 535 per
2936 471 3000 517 se
3034 455 3240 536 potest

769 574 898 619 esse
947 574 1137 636 aeque
1170 554 1555 637 principalis;
1597 555 1884 636 quamvis
1917 555 2240 619 contextus
2273 551 2577 619 sermonis
2601 554 2701 618 vel
2738 555 3237 620 circumstantiae

769 658 957 724 alicui
1004 657 1206 741 magis
1269 677 1458 739 quam
1498 658 1679 722 alteri
1727 657 2000 734 faveant,
2041 658 2115 722 ut
2161 655 2261 721 hic
2308 656 2469 721 liber
2513 659 2608 720 est
2645 656 2875 720 Petri:
2922 658 3094 739 quod
3139 678 3239 741 per

768 779 832 825 se
866 761 1059 843 accipi
1092 763 1299 843 potest
1330 761 1429 824 vel
1467 759 1540 824 de
1573 759 1822 824 domino
1857 760 1954 824 vel
1987 759 2060 823 de
2084 759 2358 824 auctore.

951 864 1021 926 3⁰
1054 862 1312 942 Quando
1332 863 1677 927 locutiones
1700 862 2114 945 multiplicem
2146 862 2376 927 habent
2409 880 2679 936 sensum,
2715 863 2984 927 alterum
3016 864 3236 948 magiS,

770 965 1039 1029 alterum
1070 965 1275 1028 minus
1317 965 1570 1029 obvium
1602 965 1666 1028 et
1696 983 2108 1029 communem.
2145 966 2244 1029 Ita
2291 984 2434 1030 cum
2481 964 2620 1046 quis
2668 964 2820 1030 dicit
2865 965 3072 1029 cibum
3117 965 3235 1029 ali-

769 1086 949 1148 que-m
980 1066 1207 1130 bonum
1238 1087 1385 1144 esse,
1421 1066 1585 1150 quod
1620 1086 1759 1131 vere
1791 1066 2018 1130 dicitur
2049 1067 2179 1131 sive
2210 1066 2427 1130 habita
2458 1066 2701 1131 ratione
2726 1066 3037 1144 sanitatiS‚
3073 1067 3238 1154 utnfit

769 1169 1199 1246 commimiter,
1252 1169 1380 1232 sive
1418 1169 1940 1246 mortificationiS,
1979 1170 2054 1233 ut
2085 1169 2158 1233 fit
2190 1168 2525 1235 identidem
2559 1189 2595 1234 a
2628 1169 2767 1253 piis,

862 1271 895 1307 *
946 1269 1104 1335 Cum
1137 1290 1255 1336 usu
1290 1272 1808 1355 amphibologiae,
1859 1273 2223 1354 praesertim
2271 1272 2458 1337 tertio
2505 1273 2641 1337 loco
2691 1272 3055 1356 descriptae,
3104 1292 3237 1338 con·

767 1372 980 1437 iuncta
1027 1375 1123 1437 est
1176 1393 1247 1437 ea
1301 1393 1457 1456 quae
1513 1374 1740 1438 dicitur
1787 1374 2098 1438 restrictio
2160 1372 2492 1439 mentalis:
2537 1394 2610 1440 ea
2656 1375 2894 1440 scilicet
2940 1394 3101 1458 quae
3148 1377 3238 1440 est

767 1494 896 1539 non
928 1496 1094 1556 pure
1126 1475 1438 1554 mentali&
1475 1495 1544 1541 eo
1579 1476 1744 1558 quod
1776 1496 1849 1541 ex
1881 1476 2190 1545 adiunctis
2223 1477 2522 1541 sermonis
2559 1477 2894 1559 loquentis,
2933 1477 3236 1541 audientis

767 1579 832 1641 et
876 1578 1253 1656 huiusmodi,
1282 1579 1560 1664 dignosci
1606 1599 1714 1663 per
1744 1599 1810 1644 33
1849 1581 2083 1663 potest:
2119 1581 2213 1643 est
2263 1599 2480 1662 nempe
2528 1580 2870 1646 coarctatio
2921 1580 3000 1644 ad
3047 1600 3234 1655 unum

766 1699 1036 1759 sensum,
1070 1681 1277 1745 minus
1324 1681 1572 1763 quidem
1622 1681 1875 1746 obvium
1908 1683 1970 1746 et
2001 1700 2413 1759 communem,
2451 1701 2524 1747 ex
2554 1681 2859 1765 pluribuS,
2896 1682 3007 1765 qui
3039 1682 3234 1746 verbis

768 1784 1029 1867 prolatis
1077 1784 1218 1867 plus
1264 1784 1471 1848 minus
1505 1785 1667 1848 clare
1700 1772 2014 1848 enuntiari
2045 1786 2324 1868 possunt.
2360 1783 2679 1863 QuamviS,
2720 1786 2796 1849 ut
2831 1786 3048 1849 monet
3079 1784 3234 1848 Viva

765 1886 830 1950 in
878 1906 1050 1969 prop.
1089 1887 1192 1949 27.
1236 1885 1577 1954 Innocentii
1604 1885 1737 1961 XL,
1771 1906 1831 1949 n.
1874 1888 1957 1964 3.,
1997 1887 2306 1951 restrictio
2339 1905 2462 1951 non
2499 1907 2650 1970 pure
2696 1887 2990 1953 mentalis
3027 1886 3233 1951 haberi

767 1988 967 2071 possit
1013 1989 1242 2068 absque
1299 2007 1443 2053 vera
1498 1989 2026 2069 aequivocatione,
2075 1989 2320 2071 quando
2358 1971 2564 2067 verba,
2613 2008 2772 2072 quae
2819 2008 2894 2054 ex
2938 2009 3005 2054 se
3048 2008 3232 2055 unam

768 2089 1287 2175 significationem
1332 2091 1583 2168 habent,
1632 2093 1883 2175 propter
1951 2092 2451 2157 circumstantias
2505 2092 2735 2157 habent
2782 2092 2995 2157 aliam.
3050 2092 3142 2157 Ut
3184 2091 3231 2156 si

766 2192 950 2258 iudex
997 2211 1107 2276 pro
1158 2192 1456 2257 tribunali
1504 2192 1670 2258 dicat
1716 2193 2105 2259 innocentem
2143 2213 2293 2271 esse,
2336 2212 2520 2276 quem
2552 2195 2799 2277 privata
2845 2195 3073 2259 notitia
3117 2193 3233 2257 scit

768 2315 900 2360 3333
947 2315 1157 2372 reum:
1209 2295 1714 2360 circumstantiae
1764 2296 1927 2360 enim
1959 2296 2181 2360 docent
2212 2295 2668 2361 definnocentia
2705 2295 2967 2361 iuridica
3013 2314 3231 2360 sermo-

767 2417 909 2463 nem
940 2418 1089 2464 esse.
1131 2398 1366 2464 Verum
1398 2400 1462 2463 et
1493 2399 1644 2464 haec
1678 2399 1989 2463 restrictio
2015 2397 2194 2462 facile
2227 2397 2305 2461 ad
2353 2397 2930 2480 aequivocationem
2962 2417 3072 2463 3311
3112 2417 3230 2462 3111·

767 2501 1196 2587 phibologiam
1234 2501 1512 2565 revocari
1543 2503 1768 2584 potest.

853 2606 999 2670 Alia
1045 2605 1273 2670 dicitur
1303 2604 1614 2668 restrictio
1647 2624 1814 2684 pure
1861 2604 2174 2683 mcntaZiS‚
2209 2623 2366 2687 quae
2399 2603 2546 2669 talis
2579 2606 2691 2681 est,
2733 2606 2808 2667 ut
2841 2604 3017 2669 nullo
3049 2604 3228 2670 modo

764 2709 843 2772 ab
877 2709 1017 2773 aliis
1048 2708 1281 2792 percipi
1325 2706 1558 2790 possit:
1594 2710 1689 2771 est
1735 2708 1972 2772 scilicet
2026 2707 2366 2787 coarctatio
2414 2724 2628 2772 sensus
2667 2706 2745 2771 ad
2777 2707 3035 2790 aliquid,
3068 2706 3231 2790 quod

762 2812 966 2876 verbis
1000 2812 1173 2875 nullo
1208 2810 1391 2875 modo
1427 2809 1793 2893 exprimitur
1825 2811 1889 2873 et
1922 2810 2252 2875 arbitraria
2290 2810 2403 2874 est.
2430 2810 2464 2847 *

852 2913 1089 2977 Auctor
1120 2914 1272 2978 dicit
1300 2912 1482 2977 licere
1515 2913 1718 2975 iurare
1757 2931 1899 2976 cum
1947 2913 2474 2994 aequivocatione,
2508 2912 2753 2994 quando
2803 2913 3228 2995 aequivocatio

763 3015 928 3079 licet.
964 3015 1156 3079 Porro
1189 3014 1390 3091 licere,
1432 3033 1557 3079 non
1590 3013 1839 3095 quidem
1887 3033 2144 3097 semper,
2187 3014 2760 3096 aequivocationem
2807 3014 2944 3078 DD.
2996 3015 3222 3091 dicunt,

764 3118 1009 3201 quando
1044 3118 1352 3183 restrictio
1386 3136 1509 3182 non
1548 3118 1643 3181 est
1675 3136 1826 3199 pure
1858 3117 2183 3182 mentalis:
2217 3135 2339 3181 non
2371 3116 2553 3181 licere
2592 3118 2823 3193 autem,
2857 3118 3107 3199 quando
3136 3126 3228 3184 est

764 3240 914 3302 pure
946 3221 1254 3284 mentalis.
2812 3247 2820 3253 ·

856 3327 889 3363 *
946 3325 1122 3405 Quod
1170 3326 1416 3409 perinde
1472 3327 1568 3390 est
1622 3344 1693 3389 ac
1744 3324 1961 3402 dicere,
2021 3325 2593 3406 aequivocationem
2644 3324 2985 3389 identidem
3027 3326 3224 3401 licere,

764 3427 1010 3509 quando
1060 3428 1144 3492 sit
1176 3447 1320 3493 vera
1354 3427 1804 3509 aequivocatio,
1839 3445 2093 3490 manens
2147 3445 2363 3509 nempe
2393 3425 2561 3490 intra
2597 3424 2898 3490 terminos
2945 3427 3224 3509 aequivo-

762 3530 1045 3607 cationiS,
1095 3532 1169 3595 ut
1213 3529 1540 3612 multiplex
1588 3529 1671 3594 sit
1719 3529 1942 3593 saltem
1990 3549 2060 3592 ex
2108 3527 2591 3593 circumstantiis
2638 3546 2852 3592 sensus
2898 3529 3224 3594 verborum

760 3634 1151 3715 prolatorum
1189 3634 1253 3697 et
1299 3632 1526 3714 aliquis
1559 3651 1631 3696 ex
1662 3632 1761 3696 his
1807 3630 2201 3697 intendatur:
2235 3630 2400 3712 quod
2447 3630 2696 3712 quidem
2741 3649 2867 3696 non
2913 3630 2989 3696 fit
3033 3633 3094 3695 in
3135 3649 3224 3695 re-

761 3736 1081 3799 strictione
1114 3755 1265 3818 pure
1297 3733 1576 3810 mentali,
1613 3753 1773 3815 quae
1809 3733 2020 3816 potius
2052 3732 2308 3797 dicenda
2339 3734 2500 3797 esset
2531 3732 2906 3799 substitutio
2936 3732 3221 3799 mentalis

762 3837 1019 3900 alterius
1059 3856 1273 3900 sensus
1306 3837 1440 3902 loco
1475 3837 1607 3901 eius
1650 3836 1759 3918 qui
1796 3836 2178 3917 exprimitur.
2208 3837 2242 3873 *

852 3934 1025 4009 564.
1053 3940 1189 4003 Iam
1223 3959 1366 4004 vero
1399 3940 1697 4004 habemus
1731 3940 1794 4003 111
1827 3939 1942 4002 1130
1973 3939 2238 4003 materia
2284 3937 2738 4022 propositiones
2771 3937 3096 4004 damnatas
3138 3939 3220 4001 ab

759 4042 1118 4108 Innocentio
1151 4041 1262 4105 XI.
1291 4043 1396 4106 26.
1431 4044 1537 4107 27.
1573 4044 1679 4107 28.

849 4146 965 4209 26³
996 4146 1083 4210 sic
1116 4145 1330 4209 habet:
1379 4172 1413 4203 ‹<
1446 4145 1508 4210 Si
1544 4146 1682 4228 quis
1715 4146 1813 4211 vel
1846 4146 2016 4210 solus
2055 4146 2153 4209 vel
2190 4164 2399 4210 coram
2432 4144 2591 4222 31113,
2625 4145 2754 4210 sive
2799 4146 3220 4229 inter-rogatus

757 4248 885 4312 sive
918 4249 1166 4332 propria
1200 4250 1418 4331 sponte
1451 4249 1579 4313 sive
1615 4250 2014 4314 recreationis
2061 4267 2251 4313 causa
2297 4249 2427 4312 sive
2474 4266 2865 4331 quocumque
2909 4249 3028 4313 alio
3071 4247 3216 4322 fine,

756 4350 920 4414 iuret
982 4370 1045 4414 se
1093 4370 1215 4415 non
1261 4350 1476 4416 fecisse
1525 4350 1762 4432 aliquid
1810 4351 1974 4433 quod
2020 4369 2235 4416 revera
2279 4350 2445 4429 fecit,
2493 4350 2896 4435 intelligendo
2942 4352 3098 4415 intra
3143 4367 3218 4413 se

760 4452 995 4534 aliquid
1043 4454 1211 4518 aliud
1259 4454 1423 4535 quod
1470 4472 1592 4517 non
1640 4454 1788 4517 fecit
1833 4456 1931 4518 vel
1980 4455 2168 4519 aliam
2217 4455 2384 4519 viam
2419 4454 2498 4518 ab
2528 4472 2600 4519 ea
2645 4455 2709 4518 in
2758 4473 2882 4537 qua
2927 4453 3064 4518 fecit
3105 4451 3221 4516 vel

758 4555 1021 4638 quodvis
1056 4556 1223 4620 aliud
1260 4556 1540 4621 additum
1580 4576 1814 4633 verum,
1850 4577 2062 4622 revera
2094 4576 2218 4623 non
2249 4558 2553 4623 mentitur
2589 4576 2698 4622 nec
2729 4560 2827 4624 est
2857 4557 3148 4641 periurus.
