3497 5147
644 330 756 385 816
865 342 1078 384 1111101.
1105 343 1186 384 v1.
1214 340 1377 381 sinor.
1408 341 1446 380 1.
1473 340 1557 379 DE
1581 337 1773 379 Pmno
1798 337 2015 378 Priamo.
2038 336 2368 379 pacamur.
2393 337 2527 378 cAP.
2557 340 2622 380 11.
2649 340 2792 381 mm.
2819 341 2883 380 11.
2954 325 3101 401 [427]

736 440 913 520 Quod
960 459 1105 504 vero
1153 439 1421 523 pertinet
1465 436 1540 500 ad
1588 435 1903 518 reliquiaS‚
1953 453 2157 499 sacras
2208 435 2534 518 imagines,
2584 437 2793 501 oleum
2839 457 3101 520 sacrum,

644 542 962 625 quaelibet
1007 540 1357 625 profanatio
1404 540 1687 604 censetur
1731 537 1961 622 gravis

729 644 788 707 N
793 663 874 708 on
907 646 1058 709 item
1092 643 1229 725 (ubi
1274 643 1703 723 contemptum
1750 640 1941 722 absit)
1973 638 2093 703 dici
2137 638 2318 703 debet
2362 639 2436 703 de
2481 639 2770 717 candelis,
2806 659 2970 722 aqua
2999 641 3102 706 be-

642 746 907 824 nedicta,
941 747 1209 820 incenso,
1248 765 1423 829 pane,
1457 744 1719 808 carbone
1758 742 1895 818 etc.;
1935 741 2082 824 quia
2117 741 2320 806 minor
2356 742 2519 807 ratio
2567 741 2833 807 habetur
2879 743 3098 808 harum

643 849 1144 914 benedictionum
1182 852 1246 913 et
1275 849 1437 912 circa
1483 848 1634 910 haec
1678 864 1802 910 non
1834 844 2045 928 agitur
2073 844 2138 908 in
2170 844 2443 909 Ecclesia
2486 865 2628 909 cum
2660 846 2841 909 tanto
2872 846 3095 930 rigore,

636 952 735 1016 uti
779 952 1018 1016 Auctor
1062 951 1268 1033 inquit
1313 949 1518 1014 Resol.
1555 950 1615 1012 3.

730 1052 948 1133 Quoad
980 1052 1293 1139 tangenda
1323 1054 1447 1116 ista
1480 1051 1707 1127 omnia,
1727 1050 1884 1114 satis
1931 1050 2097 1126 sunt,
2125 1068 2283 1130 quae
2315 1049 2501 1113 habet
2546 1049 2785 1114 Auctor
2817 1050 3004 1115 Resol
3034 1053 3094 1116 5.

641 1156 1011 1221 Addendum
1057 1157 1266 1221 tamen
1306 1156 1375 1219 1⁰
1406 1155 1566 1237 quod
1616 1153 1992 1218 monialibus
2037 1171 2109 1216 ex
2154 1153 2479 1237 privilegio
2526 1153 2900 1230 conceditur,
2934 1153 3096 1237 quod

644 1261 805 1324 circa
854 1279 1028 1324 sacra
1074 1278 1226 1324 vasa
1272 1258 1509 1322 Auctor
1555 1257 1707 1320 dicit
1752 1256 1825 1320 de
1871 1254 2125 1319 clericis.

821 1358 889 1424 2⁰
924 1360 1103 1440 Quod
1150 1360 1392 1442 publice
1437 1360 1622 1422 liceat
1666 1357 1844 1421 laicis
1891 1357 2136 1442 gestare
2166 1355 2459 1436 reliquias
2504 1355 2569 1419 in
2607 1357 3097 1439 processionibus

638 1481 762 1527 non
795 1466 888 1527 est
921 1461 1413 1546 intelligendum,
1454 1459 1700 1542 quando
1748 1461 1896 1523 sunt
1943 1459 2252 1523 obiectum
2299 1458 2559 1541 speciale
2604 1458 2813 1523 cultus
2845 1462 2909 1523 et
2940 1479 3100 1525 com-

642 1565 823 1629 mode
870 1565 1014 1629 ferri
1062 1584 1099 1628 a
1144 1564 1279 1628 viro
1326 1562 1739 1628 ecclesiastico
1787 1581 1896 1624 seu
1942 1561 2257 1625 sacerdote
2302 1561 2580 1643 possunt.

729 1666 909 1747 Quod
957 1667 1034 1731 ad
1084 1667 1200 1731 III.
1237 1666 1483 1741 attinet,
1526 1664 1601 1728 ad
1650 1664 1906 1728 ornatus
1953 1682 2170 1745 nempe
2205 1661 2635 1726 ministrorum
2680 1681 3003 1728 sacrorum
3038 1666 3101 1729 et

636 1771 956 1848 altarium,
992 1771 1055 1834 in
1094 1770 1310 1854 primis
1342 1788 1531 1854 grave
1561 1768 1723 1832 esset
1755 1766 2169 1850 sacrilegium,
2203 1765 2258 1829 si
2287 1765 2537 1850 indigne
2567 1767 2992 1831 tractarentur
3023 1769 3096 1833 ob

630 1874 1078 1955 contemptum.

725 1973 944 2052 Quoad
979 1973 1455 2056 applicationem
1504 1991 1645 2036 vero
1684 1989 1899 2036 eorum
1948 1970 2023 2033 ad
2063 1990 2210 2034 usus
2257 1970 2567 2054 profanOS,
2599 1989 2696 2033 res
2745 1971 3095 2054 accipienda

632 2078 734 2139 est
763 2074 1031 2139 maxime
1063 2076 1136 2139 de
1167 2076 1244 2139 iis
1294 2076 1634 2152 ornatibus,
1661 2074 1768 2156 qui
1799 2072 2140 2139 consecrari
2172 2075 2283 2137 aut
2313 2074 2534 2138 saltem
2567 2073 2840 2137 benedici
2865 2075 3084 2152 solent,

628 2177 980 2242 cuiusmodi
1027 2181 1174 2243 sunt
1220 2180 1420 2242 vestes
1466 2177 1898 2242 sacerdotales

725 2279 940 2360 Quoad
980 2281 1221 2362 reliqua
1259 2281 1467 2345 valeat
1521 2281 1737 2365 regula
1777 2280 1854 2342 ab
1886 2279 1959 2343 A.
1994 2280 2312 2362 proposita
2343 2279 2548 2343 Resol.
2584 2281 2667 2358 3.,
2703 2299 2825 2345 11011
2861 2280 3090 2345 censeri

636 2384 1120 2461 irreverentiam,
1156 2383 1315 2465 quod
1357 2383 1659 2466 quaedam
1693 2383 1879 2463 (citra
1909 2382 2363 2465 contemptum)
2391 2382 2452 2446 in
2488 2401 2880 2447 communem
2910 2403 3091 2448 usum

630 2486 1062 2551 adhibeantur.

720 2584 900 2659 427.
951 2588 1093 2652 Alia
1157 2588 1253 2652 est
1297 2587 1600 2669 quaestiO,
1651 2606 1809 2668 quae
1870 2589 2302 2671 complectitur
2359 2608 2482 2654 11011
2533 2590 2719 2654 1110ᾶο
2773 2592 2979 2655 vestes
3033 2594 3094 2654 et

639 2694 919 2767 ornatus,
968 2690 1069 2754 sed
1120 2691 1311 2754 etiam
1358 2708 1506 2754 vasa
1554 2708 1748 2766 sacra,
1789 2709 1868 2753 an
1916 2690 2149 2753 scilicet
2193 2693 2469 2756 converti
2514 2693 2753 2775 possint
2797 2694 2862 2757 in
2913 2713 3092 2758 usum

628 2794 975 2878 profanum.

727 2894 787 2958 S.
822 2895 1095 2959 Thomas
1128 2895 1188 2957 3.
1224 2914 1283 2977 q.
1321 2895 1424 2957 83.
1459 2897 1576 2958 art.
1613 2896 1672 2957 3.
1715 2893 1792 2958 ad
1827 2895 1887 2958 3.
1924 2895 2101 2959 affert
2131 2896 2192 2959 in
2226 2897 2384 2959 hanc
2420 2916 2549 2961 rem
2580 2917 2713 2961 can.
2748 2898 2854 2962 38.
2892 2899 2957 2962 et
2988 2900 3090 2963 39.

637 2999 797 3062 Dist.
840 2998 889 3061 I.
930 2997 1003 3060 de
1059 2995 1551 3062 Consecratione.
1600 2997 1882 3060 Primum
1928 3000 2024 3061 est
2069 2997 2379 3062 decretum
2422 2998 2787 3082 inscriptum
2836 3000 3089 3086 Hygino

636 3100 843 3182 Papae
891 3102 952 3163 et
989 3099 1077 3163 sic
1122 3099 1339 3162 habet:
1381 3126 1414 3155 «
1446 3098 1646 3183 Ligna
1694 3098 1982 3163 ecclesiae
2028 3099 2344 3165 dedicatae
2391 3119 2511 3164 non
2559 3102 2781 3165 debent
2812 3103 2890 3166 ad
2924 3103 3090 3167 aliud

639 3220 793 3284 opus
827 3202 1021 3286 iungi,
1056 3202 1175 3265 nisi
1224 3202 1300 3265 ad
1333 3201 1521 3266 aliam
1554 3202 1893 3277 ecclesiam,
1928 3202 2027 3266 vel
2061 3202 2193 3287 igni
2225 3205 2371 3267 sunt
2417 3204 2848 3283 comburenda,
2885 3206 2984 3270 vel
3014 3206 3086 3270 ad

630 3304 975 3387 profectum
1023 3304 1086 3367 in
1132 3304 1509 3369 monasterio
1571 3304 1911 3368 fratribus:
1958 3306 2022 3369 111
2083 3306 2386 3369 laicorum
2446 3310 2657 3371 autem
2721 3327 2907 3390 opera
2965 3327 3083 3373 non

620 3405 846 3469 debent
893 3405 1231 3470 admitti».

712 3508 1001 3574 Alterum
1049 3511 1145 3573 est
1190 3510 1501 3574 decretum
1548 3509 1855 3574 tributum
1903 3508 2206 3575 Clementi
2253 3511 2304 3574 I.
2352 3510 2634 3576 Romano
2689 3512 2980 3576 Pontifici
3024 3516 3084 3577 et

620 3611 715 3675 sic
749 3612 957 3676 habet.
1000 3638 1034 3670 «
1066 3612 1303 3676 Altaris
1351 3613 1537 3695 palla,
1572 3612 1885 3688 cathedra,
1919 3612 2355 3677 candelabrum
2402 3615 2467 3678 et
2510 3614 2736 3689 velum,
2772 3614 2825 3677 si
2857 3614 3086 3678 fuerint

622 3716 940 3777 vetustate
989 3715 1376 3796 consumpta,
1408 3714 1686 3779 incendio
1720 3715 1971 3779 dentur:
2005 3715 2234 3779 cineres
2266 3734 2510 3797 quoque
2541 3734 2755 3780 eorum
2786 3715 2851 3779 in
2883 3717 3088 3800 bapti-

618 3814 889 3878 sterium
921 3815 1266 3879 inferantur
1301 3818 1411 3880 aut
1449 3818 1511 3880 in
1544 3818 1777 3899 pariete
1811 3820 1922 3882 aut
1953 3818 2016 3881 in
2053 3817 2220 3882 fossa
2250 3818 2745 3900 pavimentorum
2780 3818 3090 3884 iactentur

622 3936 699 3980 ne
744 3916 1192 3982 introeuntium
1242 3919 1497 4001 pedibus
1542 3920 2026 4001 inquinentur».

715 4015 775 4082 S.
830 4018 1016 4102 Alph.
1068 4020 1201 4082 heic
1249 4040 1307 4083 n.
1357 4022 1486 4084 41.:
1533 4046 1568 4081 «
1607 4022 1834 4085 Melius
1883 4021 2107 4086 Suarez
2156 4024 2324 4103 (cum
2373 4021 2541 4105 aliis)
2587 4021 2987 4107 distinguunt
3030 4026 3092 4088 et

620 4120 860 4197 dicunt,
904 4122 1067 4205 quod
1117 4122 1170 4187 si
1216 4143 1312 4187 res
1345 4125 1629 4188 totaliter
1672 4124 2062 4199 immutetur,
2097 4128 2171 4190 ut
2218 4124 2295 4188 ad
2342 4143 2730 4189 communem
2761 4126 3092 4190 materiam

623 4223 857 4297 redeat,
903 4226 1066 4290 sicut
1116 4227 1168 4291 si
1215 4227 1373 4290 calix
1418 4227 1516 4290 vel
1561 4227 1705 4310 igne
1753 4227 1852 4290 vel
1897 4227 2057 4291 ferro
2106 4228 2184 4291 ad
2231 4246 2618 4292 communem
2661 4244 2937 4291 massam
3000 4247 3094 4293 ar·

622 4328 796 4411 genti
843 4329 1195 4406 reducatur,
1245 4330 1394 4392 tunc
1440 4329 1585 4392 licet
1631 4330 1692 4392 in
1740 4348 1925 4393 usum
1982 4331 2308 4413 profanum
2369 4331 2759 4394 convertere:
2809 4349 2987 4395 secus
3034 4331 3086 4395 si

621 4428 908 4493 totaliter
949 4449 1071 4494 non
1120 4429 1514 4494 deformetur.
1556 4429 1717 4493 Hinc
1765 4450 1886 4495 non
1934 4432 2082 4496 licet
2112 4452 2182 4495 ex
2229 4431 2422 4495 veteri
2468 4431 2680 4496 casula
2712 4434 2917 4496 vestes
2958 4453 3093 4516 pro-

619 4529 797 4593 fanas
829 4531 1140 4595 resarcire.
1176 4531 1321 4596 Ideo
1371 4531 1476 4594 alii
1527 4531 1760 4608 dicunt,
1799 4553 1917 4598 non
1965 4534 2146 4598 licere
2193 4532 2549 4599 huiusmodi
2595 4534 2794 4598 vestes
2826 4534 3089 4600 vendere

616 4629 698 4695 ad
745 4652 895 4697 usus
929 4633 1218 4717 profanos
1265 4634 1378 4695 aut
1425 4634 1834 4717 oppignorare
1880 4638 2053 4718 (nam
2099 4636 2361 4720 pignora
2408 4636 2589 4701 vendi
2634 4638 2924 4719 possunt)
2948 4662 3008 4701 ».
