3497 5147
346 351 505 426 1482]
1321 366 1589 407 3111611111.
1632 368 1877 409 pomum
2719 358 2828 413 367

1347 575 1706 639 Annoums
1738 576 1820 639 II.

1203 711 1305 776 De
1353 711 1593 778 Poenis
1640 713 1976 780 Sinwniae.

457 900 623 953 LVlll.
651 902 799 966 Resp.
834 901 878 950 l.
913 901 1026 953 Sota
1068 899 1282 953 Simonis
1321 900 1653 955 Confidentiae
1693 910 1741 955 et
1780 902 1945 956 Reatis
1983 903 2030 956 in
2069 903 2266 970 Ordine,
2305 904 2547 958 Beneficio
2587 904 2821 959 Ecclesia·

348 982 477 1037 stico
500 991 551 1036 et
577 982 847 1047 Religionis
885 983 1110 1049 ingressu
1136 999 1318 1050 poenas
1337 985 1461 1039 iuris
1484 986 1591 1052 ipso
1622 990 1747 1039 tacto
1774 986 1983 1040 inducit:
2013 988 2124 1041 ticet
2164 991 2227 1040 ob
2266 987 2540 1053 ingressum
2569 988 2821 1054 religionis

346 1083 461 1122 raro
498 1067 797 1132 incurratur,
825 1075 878 1121 ut
916 1067 1099 1121 dictum
1137 1074 1225 1130 est,
1258 1074 1332 1122 vel
1373 1073 1438 1123 ob
1478 1071 1764 1125 tenuitatem
1805 1072 2087 1126 monasterii
2130 1074 2206 1127 vel
2248 1074 2539 1128 contrariam
2566 1082 2821 1128 consuetu·

344 1155 512 1209 dinem
551 1162 814 1222 receptam.
842 1159 966 1208 Suar
992 1170 1035 1208 6.
1062 1156 1148 1208 56.
1176 1160 1225 1208 et
1250 1157 1335 1209 57.
1364 1158 1471 1210 Les·
1496 1158 1542 1210 d.
1566 1158 1651 1209 23.
1678 1160 1846 1222 Laym.
1875 1158 1907 1211 l.
1940 1173 1984 1212 c.
2005 1158 2054 1225 g.
2084 1159 2134 1211 7.

440 1274 603 1348 481.
638 1277 851 1342 Sermo
898 1279 994 1342 est
1034 1277 1109 1341 de
1161 1278 1391 1360 poenis,
1425 1298 1585 1360 quae
1632 1279 1695 1342 vi
1740 1297 1820 1343 ss.
1862 1277 2184 1344 Canonum
2231 1280 2530 1344 simoniae
2576 1280 2820 1345 crimini

342 1380 741 1465 infliguntur.
780 1380 861 1446 Et
892 1380 1140 1462 quidem
1179 1380 1551 1446 confessario
1584 1399 1825 1446 necesse
1873 1383 1969 1447 est
2015 1383 2376 1464 praesertim
2425 1401 2624 1455 nosse,
2659 1402 2818 1465 quae

344 1484 483 1566 ipso
516 1482 682 1548 facto
731 1483 1146 1562 incurrantur,
1197 1503 1354 1565 quae
1402 1483 1522 1547 dici
1569 1484 1771 1548 solent
1818 1484 1985 1549 latae
2033 1486 2394 1549 sententiae.
2443 1485 2606 1549 Nam
2638 1503 2816 1549 nosse

347 1606 598 1670 11061163,
648 1606 807 1669 (11166
839 1589 988 1651 311111
1018 1585 1298 1652 ferendae
1331 1588 1691 1664 sententiae,
1725 1589 1967 1670 spectat
1999 1587 2077 1652 ad
2107 1587 2339 1652 iudices
2372 1588 2816 1652 ecclesiasticos

341 1709 419 1754 ac
452 1691 709 1773 proinde
741 1690 820 1754 ab
849 1689 927 1755 iis
964 1690 1099 1754 heic
1131 1690 1532 1754 abstinemus.

438 1793 651 1856 Prima
691 1793 1005 1875 responsio
1055 1792 1209 1856 duas
1258 1793 1444 1856 habet
1491 1795 1716 1874 partes,
1753 1793 1933 1857 Prior
1979 1795 2073 1857 est
2120 1793 2445 1874 potissima
2493 1793 2557 1855 et
2603 1791 2815 1875 paucis

349 1895 561 1959 multa
591 1914 778 1977 eaque
809 1895 1182 1980 gravissima
1212 1896 1519 1959 continet:
1564 1894 1713 1958 Sola
1743 1896 2014 1959 simonia
2051 1893 2488 1975 confidentalis
2534 1897 2596 1956 et
2621 1893 2817 1956 realis

348 1998 425 2060 in
449 1996 684 2071 ordine,
702 1997 992 2078 beneficio
1017 1997 1424 2061 ecclesiastico
1449 2002 1509 2061 et
1532 1997 1889 2079 Reliye'onis
1913 2001 2221 2081 ‘e'nyresstg
2238 2018 2478 2078 poenas
2495 1999 2660 2062 iuris
2683 2000 2815 2078 ipso

345 2099 519 2180 facto
542 2099 866 2164 inducit».
886 2100 1119 2165 Deinde
1144 2100 1448 2184 posterior
1470 2121 1613 2185 pars
1629 2102 1856 2179 innuit,
1874 2122 1985 2167 cur
2008 2121 2148 2167 raro
2171 2121 2404 2186 poenae
2419 2102 2817 2166 incurrantur

352 2203 434 2267 ob
458 2204 807 2288 ingressum
827 2204 1199 2288 Religionis:
1223 2223 1345 2286 qua
1362 2204 1436 2268 de
1451 2224 1515 2268 re
1532 2204 1681 2286 quid
1698 2224 1868 2280 ,nunc
1885 2206 2218 2270 tenendum
2234 2206 2337 2282 sit,
2360 2225 2501 2270 mox
2519 2205 2812 2268 dicemus.

439 2306 662 2388 Itaque
703 2308 902 2390 primo
940 2307 1246 2371 revocatis
1283 2308 1404 2371 huc
1442 2308 1643 2372 tribus
1682 2327 1791 2372 seu
1831 2311 2103 2390 quatuor
2140 2309 2438 2373 simoniae
2476 2306 2813 2391 speciebus,

344 2409 757 2474 statuendum
795 2410 908 2486 est,
944 2427 1171 2492 poenas
1203 2410 1356 2472 istas
1388 2428 1507 2474 non
1543 2412 1798 2495 tangere
1824 2430 1959 2476 reos
1985 2411 2285 2476 simoniae
2311 2430 2473 2475 mere
2505 2412 2812 2481 intemae,

350 2531 541 2595 quam
580 2511 776 2595 aliqui
822 2510 1106 2576 dixerunt
1152 2531 1315 2576 mere
1359 2512 1707 2591 mentalem,
1742 2533 1900 2595 quae
1948 2514 2183 2579 scilicet
2214 2512 2502 2579 consistit
2538 2512 2601 2577 in
2647 2510 2813 2577 nudo

348 2616 670 2699 proposito
710 2616 1136 2680 committendi
1169 2616 1397 2680 crimen
1423 2616 1851 2695 simoniacum,
1886 2617 2035 2682 licet
2069 2618 2228 2681 nihil
2251 2617 2519 2681 exterius
2554 2617 2809 2700 agatur:

343 2737 540 2800 quam
572 2722 783 2782 tamen
808 2718 1107 2783 simoniae
1131 2720 1420 2782 mentalis
1452 2720 1854 2802 partitionem
1879 2720 2035 2783 alias
2061 2720 2327 2784 diximus
2351 2720 2473 2783 huc
2494 2718 2653 2782 nihil
2676 2737 2814 2801 spe-

342 2824 537 2886 ctare.
566 2822 706 2886 Vid.
742 2841 876 2904 sup.
904 2822 1054 2885 445.
1090 2841 1214 2903 seq.

437 2924 559 2989 Sed
590 2944 789 3006 neque
835 2926 1044 3008 tangit
1089 2943 1225 2988 reos
1271 2925 1570 2990 simoniae
1616 2924 1931 3001 mutatis,
1973 2927 2161 3008 prout
2206 2925 2616 2989 communiter
2661 2926 2813 2988 haec

345 3028 511 3091 solet
555 3026 842 3111 intelligi,
882 3026 1185 3104 videlicet,
1220 3046 1362 3091 cum
1409 3027 1567 3109 (11113,
1609 3028 1782 3093 1111116
1829 3027 2240 3092 intercedente
2271 3028 2452 3110 pacto
2485 3044 2681 3107 neque
2718 3044 2815 3090 ex-

344 3148 559 3213 presso
611 3148 809 3211 neque
855 3130 1069 3206 tacite,
1109 3130 1220 3193 dat
1250 3130 1573 3212 spirituale
1605 3150 1716 3213 pro
1756 3130 2085 3213 temporali
2133 3132 2246 3194 aut
2290 3129 2619 3205 viceversa,
2670 3148 2812 3193 cum

342 3252 637 3316 perversa
658 3232 999 3296 intentione
1024 3232 1339 3316 obligandi
1373 3234 1586 3298 alium.
1621 3234 1734 3298 Est
1773 3233 2116 3298 communis
2153 3233 2453 3297 doctrina.

436 3334 631 3399 Ratio
679 3335 794 3410 est,
846 3333 993 3416 quia
1031 3335 1204 3399 nulla
1248 3336 1312 3399 in
1360 3335 1493 3400 iure
1540 3337 1682 3400 huic
1736 3337 2036 3400 simoniae
2083 3353 2280 3419 poena
2316 3335 2640 3419 infligitur.
2674 3335 2811 3400 Imo

342 3458 459 3502 nec
507 3437 867 3520 expediebat
912 3455 1174 3520 poenam
1219 3438 1538 3503 constitui.
1573 3438 1731 3518 Quia
1764 3459 1906 3503 cum
1946 3458 2108 3502 mere
2131 3439 2386 3501 interna
2416 3438 2719 3502 consistat
2749 3438 2811 3501 111

342 3543 498 3605 66111
545 3561 655 3605 3611
685 3541 1005 3625 proposito
1036 3560 1287 3625 prorsus
1319 3542 1559 3606 interno
1585 3544 1648 3606 et
1686 3542 1949 3619 occulto,
1989 3540 2282 3604 mentalis
2314 3541 2525 3603 autem
2557 3540 2815 3623 prodeat

343 3643 603 3726 quidem
649 3644 712 3708 in
759 3646 1078 3708 externum
1111 3648 1319 3708 actum
1353 3644 1622 3708 dationis
1655 3645 1753 3708 vel
1784 3644 2152 3727 receptionis
2189 3643 2278 3707 rei
2310 3642 2669 3724 temporalis
2702 3661 2811 3726 pro

341 3747 667 3830 spirituali
714 3748 827 3811 aut
872 3747 1204 3823 viceversa,
1248 3748 1511 3812 intentio
1560 3753 1769 3811 tamen
1816 3764 2029 3829 prava,
2085 3765 2193 3828 per
2245 3764 2434 3826 quam
2469 3747 2682 3809 reatus
2729 3744 2813 3810 si·-

341 3850 597 3914 moniae
642 3850 1000 3927 incurritur,
1042 3852 1284 3916 occulta
1331 3851 1433 3925 sit,
1469 3850 1615 3931 (11116
1661 3850 1735 3914 fit
1781 3850 1911 3914 sine
1959 3849 2175 3933 pacto:
2222 3848 2433 3932 palam
2465 3850 2577 3927 est,
2613 3847 2814 3913 Eccle-

337 3953 481 4016 siae
527 3954 907 4035 potestatem
956 3956 1272 4017 externam
1316 3972 1438 4018 non
1485 3971 1661 4036 posse
1700 3953 1773 4017 (16
1806 3972 1879 4017 66
1925 3970 2290 4037 cognoscere
2336 3955 2400 4016 et
2435 3952 2661 4017 idcirco
2710 3972 2814 4036 pa-

340 4074 495 4119 rum
520 4053 800 4138 expedire
824 4055 901 4119 ut
921 4056 1040 4139 ipsi
1085 4055 1409 4141 infligatur
1433 4075 1647 4139 poena.
1688 4054 2068 4140 Schmalzgr.
2095 4055 2202 4120 lib.
2243 4056 2303 4119 5.
2339 4054 2439 4118 tit.
2476 4055 2537 4117 3.
2561 4074 2622 4118 n.
2660 4055 2809 4119 244.

432 4151 624 4227 482.
669 4156 861 4221 Nulla
906 4157 1058 4222 item
1095 4158 1249 4222 iuris
1275 4160 1337 4221 et
1367 4158 1518 4223 facti
1549 4178 1744 4242 poena
1776 4159 2117 4224 incurritur
2147 4178 2254 4241 per
2285 4158 2614 4223 simoniam
2648 4176 2813 4224 mere

343 4256 881 4323 comentwnalmn
910 4258 1469 4341 (conventionalem
1503 4262 1711 4325 autem
1742 4260 2174 4345 intelligimus
2207 4261 2396 4343 prout
2441 4259 2744 4346 distingui
2776 4280 2814 4326 a

346 4361 775 4426 confidentiali
821 4362 1028 4445 solet),
1094 4361 1378 4427 videlicet
1425 4381 1581 4445 (11166
1642 4363 1920 4428 6611111161
1966 4361 2215 4444 quidem
2261 4363 2515 4444 pactum
2562 4365 2674 4428 aut
2721 4384 2816 4429 ex-

347 4486 632 4549 pressum
671 4468 788 4531 aut
830 4468 1116 4544 tacitum,
1150 4467 1255 4533 sed
1288 4467 1489 4532 adhuc
1532 4486 1656 4533 non
1686 4469 1956 4551 perfecta
1994 4470 2090 4532 est
2122 4466 2456 4531 traditione
2492 4468 2677 4549 pretii
2706 4487 2817 4533 1166

351 4571 435 4634 rei
482 4569 865 4654 spiritualis:
898 4571 1049 4633 utut
1073 4570 1160 4634 sic
1196 4570 1621 4652 delinquentes
1668 4570 1927 4633 arbitrio
1959 4568 2180 4633 iudicis
2218 4569 2479 4633 coerceri
2516 4569 2811 4645 debeant3
