3497 5147
704 359 813 414 514
849 371 1062 412 rnAcr.
1090 373 1169 412 vn
1193 371 1355 411 011οΤ.
1376 370 1441 409 11.
1464 371 1547 409 mr.
1573 370 1852 411 SECUNDO
1876 368 2092 409 PRAEG.
2121 365 2451 408 DECALOGI.
2474 366 2608 407 OAP.
2631 365 2722 405 111.
2745 365 2889 407 nun.
2914 364 2996 404 vx.
3034 346 3185 422 [675]

814 471 939 521 LIV.
968 470 1015 520 3.
1047 470 1175 520 ldem
1203 474 1379 532 potest,
1406 468 1671 519 secundum
1699 468 1917 518 Sanehez
1958 466 1987 515 Ι.
2019 467 2066 515 9.
2095 461 2160 516 de
2187 461 2432 517 Matrim.
2473 463 2521 513 d.
2565 463 2675 526 39„
2700 459 2907 513 maritus
2944 465 3175 524 respectu

708 562 933 606 votorum
975 551 1167 605 uxoris:
1202 551 1314 605 licet
1341 550 1643 618 probabilius
1680 550 1729 602 id
1769 549 1852 602 alii
1892 548 2097 601 limitent
2135 549 2194 600 ad
2234 562 2289 599 ea
2331 553 2459 610 vota,
2496 561 2620 611 quae
2659 543 2815 598 mariti
2853 544 2952 596 iuri
2986 543 3174 609 praeiu-

710 638 889 690 dicant.
916 640 1084 700 Laym.
1113 635 1192 689 11ῖο
1218 651 1261 689 0.
1286 636 1339 687 7.
1370 634 1474 688 Fiu.
1503 642 1559 686 tr.
1588 636 1672 686 26.
1700 650 1742 685 c.
1773 635 1820 685 8.
1848 647 1894 697 q.
1927 635 1973 684 8.
2005 634 2138 684 Less.
2169 646 2213 684 0.
2245 632 2325 683 40.
2355 632 2404 683 (1.
2443 631 2523 683 15.

803 741 974 815 875.
1010 746 1247 809 Α110101·
1293 744 1461 812 (11011,
1497 742 1879 826 probabilius
1912 740 2278 804 facultatem
2315 739 2529 803 mariti
2575 739 2874 824 restringi
2922 740 2999 802 ad
3036 743 3178 803 vota

713 868 873 931 quae
905 847 1332 931 praeiudicant
1364 847 1495 909 eius
1528 846 1788 909 iuribus.

802 951 852 1014 E
878 951 1188 1015 contrario
1215 970 1263 1014 s.
1292 950 1476 1033 Alph.
1504 970 1563 1012 n.
1594 951 1766 1012 234:
1802 974 1834 1004 «
1860 947 2269 1022 Probabilior,
2297 946 2521 1009 saltem
2554 945 2910 1022 extrinsece,
2940 946 3182 1010 videtur

713 1052 1026 1116 contraria
1059 1053 1384 1129 sententia,
1420 1051 1582 1134 quod
1615 1052 1710 1113 vir
1742 1051 1940 1133 possit
1975 1050 2206 1111 directe
2238 1048 2444 1112 omnia
2478 1049 2627 1111 vota
2666 1046 2877 1110 uxoris
2909 1047 3177 1120 irritare,

714 1156 862 1218 11001
892 1175 1013 1219 11011
1046 1155 1466 1238 praeiudioent
1501 1155 1639 1217 usui
1674 1153 2059 1217 matrimonii
2092 1153 2189 1216 vel
2226 1150 2416 1234 prolis
2451 1150 2802 1214 educationi
2836 1151 2937 1213 vel
2971 1151 3180 1234 guber-

716 1257 959 1321 nationi
990 1256 1361 1321 domesticae
1388 1283 1448 1320 ».
1477 1257 1557 1320 Et
1581 1257 1699 1319 huc
1733 1256 1971 1319 faciunt
2001 1255 2189 1318 verba
2223 1275 2271 1318 s.
2295 1254 2569 1317 Thomae
2598 1254 2657 1315 2.
2686 1255 2746 1316 2.
2773 1273 2831 1334 q.
2853 1253 2964 1316 38.
2985 1257 3097 1316 art.
3118 1255 3173 1316 8.

716 1358 795 1422 ad
832 1359 915 1437 3.,
957 1359 1065 1441 qui
1112 1378 1362 1423 uxorem
1401 1361 1723 1441 comparat
1756 1359 1871 1421 hac
1901 1358 1962 1420 in
1998 1377 2061 1421 re
2109 1376 2252 1420 cum
2298 1354 2546 1419 subdito
2580 1355 2875 1438 praelati:
2919 1379 2956 1412 ε
2994 1355 3088 1418 Ad
3116 1356 3172 1416 3.

713 1460 1058 1538 dicendum,
1086 1462 1250 1543 quod
1283 1463 1611 1547 religiosus
1644 1461 1929 1526 subditus
1963 1463 2059 1524 est
2090 1460 2391 1544 praelato,
2417 1461 2724 1541 quantum
2752 1458 2828 1522 ad
2862 1478 3011 1523 suas
3046 1479 3179 1543 ope·

713 1563 986 1628 rationes
1036 1564 1370 1629 seeundum
1416 1565 1856 1648 professionem
1903 1564 2178 1647 regulae.
2219 1563 2301 1626 Et
2345 1561 2504 1639 ide0,
2544 1562 2790 1626 etiamsi
2839 1562 2917 1624 ad
2969 1562 3174 1626 horam

714 1665 951 1747 aliquid
991 1667 1188 1732 facere
1234 1668 1451 1751 possit,
1487 1667 1732 1748 quando
1784 1667 1861 1730 ad
1910 1667 2034 1730 alia
2082 1685 2203 1730 non
2253 1667 2590 1747 occupatur
2625 1684 2659 1727 a
2698 1665 3005 1748 praelato,
3039 1667 3169 1746 quia

713 1757 924 1833 tamen
973 1771 1218 1836 nullum
1252 1772 1498 1853 tempus
1531 1773 1625 1833 est
1659 1771 2000 1852 exceptum,
2035 1769 2098 1831 in
2130 1786 2253 1850 quo
2293 1766 2608 1850 praelatus
2656 1786 2777 1830 non
2812 1767 3015 1849 possit
3042 1786 3172 1830 eum

715 1872 876 1934 cirea
925 1873 1159 1956 aliquid
1208 1893 1523 1955 occupare,
1575 1871 1818 1935 nullum
1865 1873 2085 1935 votum
2133 1869 2434 1954 Religiosi
2483 1871 2579 1933 est
2623 1869 2897 1945 firmum,
2951 1870 3068 1933 nisi
3111 1870 3178 1932 (10

716 1991 1018 2038 consensu
1050 1976 1332 2057 praelati,
1360 1974 1523 2038 sicut
1560 1995 1670 2038 nee
1700 1975 1921 2037 votum
1958 1973 2201 2056 puellae
2233 1972 2583 2036 exsistentis
2617 1971 2678 2034 in
2717 1971 2925 2046 domo.
2956 1973 3071 2036 nisi
3103 1974 3180 2036 sit

719 2074 793 2136 de
827 2093 1123 2140 consensu
1158 2077 1376 2159 patris,
1411 2097 1519 2140 nec
1552 2076 1760 2141 uxoris
1793 2076 1912 2139 nisi
1944 2077 2028 2140 sit
2060 2076 2132 2138 de
2171 2093 2470 2140 consensu
2510 2074 2624 2137 viri
2659 2100 2720 2136 ».

808 2178 1140 2243 Rationem
1179 2179 1353 2243 addit
1383 2199 1431 2244 s.
1469 2180 1650 2261 Alph.
1691 2180 1733 2242 1.
1770 2199 1843 2259 0.,
1884 2179 2032 2261 quia
2064 2179 2306 2262 expedit
2338 2178 2517 2242 valde
2551 2177 2627 2240 ad
2665 2197 2879 2259 pacem
2911 2177 3180 2242 familiae

719 2281 797 2344 ad
830 2285 1125 2346 mutuum
1164 2301 1438 2346 amorem
1470 2282 1823 2360 fovendum,
1859 2281 2024 2364 quod
2056 2300 2210 2345 uxor
2241 2281 2632 2344 voluntatem
2663 2281 2954 2345 totaliter
2989 2301 3022 2345 a
3059 2282 3179 2344 viro

721 2384 1161 2467 dependentem
1186 2386 1411 2449 habeat
1444 2385 1507 2449 et
1538 2385 1625 2449 sie
1650 2385 1919 2467 impetus
1944 2384 2315 2448 feminarum
2346 2383 2779 2447 retundantur.
2807 2383 2990 2462 Quod
3016 2383 3179 2447 intel-

717 2486 842 2571 lige
891 2487 964 2551 de
1010 2488 1175 2552 votis
1213 2487 1453 2551 emissis
1494 2490 1758 2566 tempore
1804 2487 2236 2564 subiectionis;
2270 2505 2414 2549 nam
2461 2486 2690 2549 directe
2737 2485 2968 2549 emissa
3008 2487 3174 2548 antea

721 2588 965 2653 irritare
1003 2609 1182 2654 nemo
1216 2593 1442 2672 potest.

808 2691 890 2753 Et
912 2692 1072 2755 hanc
1103 2692 1477 2756 sententiam
1501 2691 1883 2775 probabilem
1915 2691 2146 2755 habent
2178 2693 2369 2757 etiam
2389 2693 2635 2776 patroni
2662 2693 3018 2776 oppositae:
3045 2692 3175 2755 licet

719 2794 1016 2858 nimirum
1047 2797 1420 2880 exaggerent
1451 2794 1968 2861 Salmanticenses
1999 2795 2073 2857 (ἵο
2116 2793 2248 2858 Vot.
2275 2815 2412 2878 cap·
2442 2796 2502 2858 3.
2538 2816 2597 2859 n.
2627 2796 2755 2871 58„
2790 2794 2941 2858 dum
2978 2796 3173 2858 dicunt

718 2896 797 2958 ab
821 2895 917 2959 his
948 2897 1178 2961 censeri
1202 2897 1361 2962 hanc
1384 2897 1976 2981 probabilissimam3
2005 2918 2149 2962 nam
2175 2898 2261 2961 sie
2284 2917 2404 2961 non
2431 2897 2778 2961 tenuissent
2810 2898 3172 2981 oppositam,

719 2998 839 3061 nisi
873 2999 1218 3063 voluissent
1254 2999 1558 3082 praeferre
1592 3000 1942 3082 opinionem
1979 3000 2080 3063 vix
2119 3000 2388 3064 tenuiter
2423 2998 2837 3079 probabilem,
2872 3018 3067 3081 quam
3095 3002 3174 3063 te-

720 3103 953 3176 nerent,
974 3100 1525 3181 probabilissimae
1557 3101 1669 3184 (a).

813 3199 981 3272 676.
1017 3204 1233 3282 Quoad
1282 3224 1536 3269 uxorem
1588 3222 1728 3267 vero
1763 3206 2044 3287 respectu
2083 3205 2313 3281 mariti,
2349 3223 2397 3268 0.
2434 3204 2617 3288 Alph.
2653 3203 2760 3268 lib.
2797 3205 2859 3267 3.
2903 3225 2964 3268 n.
3002 3205 3166 3267 235:

731 3329 764 3359 «
791 3304 960 3368 Uxor
990 3306 1206 3387 nequit
1235 3307 1481 3372 irritare
1506 3310 1653 3372 vota
1685 3307 1822 3383 viri,
1850 3308 1968 3370 nisi
1995 3307 2113 3371 sibi
2146 3307 2586 3390 praeiudicent,
2613 3314 2686 3371 ut
2717 3308 2942 3372 votum
2968 3308 3168 3391 longae

720 3406 1253 3490 peregrinationis,
1303 3429 1566 3493 magnae
1615 3409 2044 3487 abstinentiae,
2095 3410 2392 3475 vestiendi
2448 3410 2736 3474 habitum
2784 3411 3074 3475 eremitae
3111 3408 3164 3469 et

722 3510 953 3575 similia
1001 3514 1063 3576 et
1108 3513 1298 3576 etiam
1345 3515 1566 3577 votum
1612 3532 1733 3577 non
1780 3511 2027 3596 petendi
2074 3513 2371 3590 debitum,
2421 3516 2493 3578 ut
2526 3512 2935 3595 probabilius
2981 3512 3161 3579 tenent

722 3611 965 3696 Sporer,
1000 3614 1321 3699 Laymann
1370 3617 1484 3679 etc.
1536 3615 1714 3678 Talia
1763 3616 1912 3680 vota
1958 3615 2180 3680 docent
2225 3617 2360 3680 DD.
2410 3615 2842 3694 communiter,
2879 3635 3012 3681 esse
3054 3611 3167 3678 irri-

716 3716 934 3792 tanda;
971 3720 1039 3781 at
1068 3718 1277 3800 potius
1316 3717 1603 3782 videntur
1650 3736 1888 3800 semper
1920 3717 2280 3797 invalida...‚
2323 3719 2483 3783 sieut
2529 3718 2810 3783 sentiunt
2846 3715 3166 3783 Salmanti-

720 3836 927 3881 censes
965 3820 1037 3880 (Ie
1088 3819 1220 3881 Vot.
1255 3839 1386 3903 cap.
1423 3822 1483 3883 3.
1524 3842 1584 3884 n.
1622 3821 1724 3883 56.
1761 3846 1823 3883 ».

814 3917 971 3983 Sane
1003 3919 1090 3983 sic
1129 3921 1358 3987 habent
1382 3922 1594 3986 Salm.:
1631 3922 1851 3987 «Illud
1883 3925 1979 3987 est
2009 3927 2266 3998 certum,
2296 3924 2420 3987 tale
2454 3926 2670 3988 votum
2703 3923 2856 4005 (non
2891 3921 3165 4008 petendi),

724 4023 888 4087 sieut
933 4024 996 4087 01
1040 4023 1262 4088 votum
1309 4025 1621 4089 castitatis
1671 4028 1733 4089 et
1781 4025 2218 4101 continentiae,
2255 4026 2331 4089 ab
2379 4028 2640 4091 uxorato
2688 4028 3005 4101 emissum,
3049 4042 3167 4089 esse

724 4127 1125 4193 indiscretum
1158 4128 1225 4191 et
1257 4125 1568 4203 illicitum,
1603 4131 1739 4192 tum
1774 4129 1920 4210 quia
1955 4128 2136 4192 alteri
2183 4128 2433 4213 coniugi
2471 4129 2827 4205 molestum,
2868 4132 3002 4193 tum
3032 4126 3164 4208 quia

805 4346 870 4397 (0,)
901 4346 1221 4391 Facultatem
1252 4347 1353 4390 viri
1395 4347 1633 4390 irritandi
1666 4354 1785 4391 vota
1813 4349 1986 4392 uxoris
2026 4350 2241 4404 probant
2269 4350 2457 4394 Theou.
2479 4363 2540 4393 ex
2571 4364 2614 4395 ο.
2637 4352 2811 4403 Notum,
2835 4346 3162 4402 caus.ae1q.5.

725 4411 857 4466 quod
900 4412 1060 4467 legem
1096 4420 1321 4459 veterem
1355 4416 1581 4458 continet
1609 4429 1671 4458 ex
1699 4416 1854 4460 Num.
1886 4416 2045 4461 XXX.
2077 4418 2226 4465 7.·11.;
2256 4431 2412 4473 quam
2451 4420 2614 4474 legem
2656 4417 2881 4462 Ecclesia
2919 4417 3164 4470 adoptasse

726 4481 975 4521 censetur.
1007 4481 1196 4524 Verum
1226 4486 1404 4525 utrum
1432 4483 1493 4524 de
1523 4483 1748 4537 quolibet
1779 4486 1896 4527 voto
1924 4485 2095 4527 uxoris
2123 4486 2206 4537 ait,
2239 4498 2377 4529 nuno
2406 4486 2607 4539 saltem,
2638 4485 2721 4530 lex
2747 4484 3075 4540 intelligenda,
3094 4493 3161 4523 *Ψ

722 4545 786 4587 (10
814 4546 892 4595 iis,
911 4558 1041 4600 quae
1069 4547 1265 4591 iuribus
1285 4549 1459 4592 mariti
1488 4550 1828 4594 adversantur
1848 4554 1899 4595 et
1926 4555 2119 4596 rectam
2148 4554 2329 4597 domus
2354 4554 2851 4599 administrationem
2880 4551 3162 4608 impediunt·

725 4612 992 4665 disputant
1018 4613 1269 4669 Theologi.
1300 4615 1444 4658 Certe
1474 4618 1610 4670 prior
1639 4622 1862 4671 potestas
1891 4620 2173 4664 necessaria
2201 4634 2302 4665 non
2331 4626 2424 4668 eet.
2445 4624 2505 4670 Ε.
