<?xml version="1.0" encoding="UTF-8"?>
<!DOCTYPE html PUBLIC "-//W3C//DTD XHTML 1.0 Transitional//EN"
    "http://www.w3.org/TR/xhtml1/DTD/xhtml1-transitional.dtd">
<html xmlns="http://www.w3.org/1999/xhtml" xml:lang="en" lang="en">
 <head>
  <title>
</title>
<meta http-equiv="Content-Type" content="text/html;charset=utf-8" />
  <meta name='ocr-system' content='tesseract 3.04.00' />
  <meta name='ocr-capabilities' content='ocr_page ocr_carea ocr_par ocr_line ocrx_word'/>
</head>
<body>
  <div class='ocr_page' id='page_1' title='image "./opustheologicum00ballgoog/opustheologicum00ballgoog_0031.png"; bbox 0 0 3497 5147; ppageno 0'>
   <div class='ocr_carea' id='block_1_1' title="bbox 614 327 3085 412">
    <p class='ocr_par' dir='ltr' id='par_1_1' title="bbox 614 327 3085 412">
     <span class='ocr_line' id='line_1_1' title="bbox 614 327 3085 412; baseline 0.001 -30"><span class='ocrx_word' id='word_1_1' title='bbox 614 327 690 382; x_wconf 84' lang='lat'>24</span> <span class='ocrx_word' id='word_1_2' title='bbox 999 343 1213 385; x_wconf 64' lang='lat' dir='ltr'>mac-r.</span> <span class='ocrx_word' id='word_1_3' title='bbox 1252 345 1307 387; x_wconf 82' lang='lat' dir='ltr'>v.</span> <span class='ocrx_word' id='word_1_4' title='bbox 1348 343 1510 386; x_wconf 72' lang='lat' dir='ltr'>sno-r.</span> <span class='ocrx_word' id='word_1_5' title='bbox 1551 345 1591 384; x_wconf 87' lang='lat'>1.</span> <span class='ocrx_word' id='word_1_6' title='bbox 1632 344 1717 384; x_wconf 73' lang='lat' dir='ltr'>nn</span> <span class='ocrx_word' id='word_1_7' title='bbox 1754 344 2134 385; x_wconf 68' lang='lat' dir='ltr'>PRAEODPTIS</span> <span class='ocrx_word' id='word_1_8' title='bbox 2169 345 2358 386; x_wconf 72' lang='lat' dir='ltr'>mom.</span> <span class='ocrx_word' id='word_1_9' title='bbox 2395 344 2592 386; x_wconf 65' lang='lat' dir='ltr'>carm·</span> <span class='ocrx_word' id='word_1_10' title='bbox 2631 343 2693 383; x_wconf 90' lang='lat'>11.</span> <span class='ocrx_word' id='word_1_11' title='bbox 2975 329 3085 412; x_wconf 78' lang='lat'><strong>[37]</strong></span> 
     </span>
    </p>
   </div>
   <div class='ocr_carea' id='block_1_2' title="bbox 612 440 3084 812">
    <p class='ocr_par' dir='ltr' id='par_1_2' title="bbox 612 440 3084 812">
     <span class='ocr_line' id='line_1_2' title="bbox 618 440 3080 524; baseline 0 -19"><span class='ocrx_word' id='word_1_12' title='bbox 618 440 922 524; x_wconf 77' lang='lat' dir='ltr'>obligatio</span> <span class='ocrx_word' id='word_1_13' title='bbox 948 441 1213 505; x_wconf 79' lang='lat' dir='ltr'>maxime</span> <span class='ocrx_word' id='word_1_14' title='bbox 1245 440 1725 507; x_wconf 86' lang='lat' dir='ltr'>indeterminata</span> <span class='ocrx_word' id='word_1_15' title='bbox 1741 444 1856 519; x_wconf 88' lang='lat' dir='ltr'>est,</span> <span class='ocrx_word' id='word_1_16' title='bbox 1877 443 1971 507; x_wconf 90' lang='lat' dir='ltr'>uti</span> <span class='ocrx_word' id='word_1_17' title='bbox 1996 462 2066 507; x_wconf 84' lang='lat' dir='ltr'>ex</span> <span class='ocrx_word' id='word_1_18' title='bbox 2092 440 2317 506; x_wconf 87' lang='lat' dir='ltr'>Suarez</span> <span class='ocrx_word' id='word_1_19' title='bbox 2352 441 2704 505; x_wconf 77' lang='lat' dir='ltr'>audivimus</span> <span class='ocrx_word' id='word_1_20' title='bbox 2721 459 2858 523; x_wconf 86' lang='lat' dir='ltr'>sup.</span> <span class='ocrx_word' id='word_1_21' title='bbox 2886 462 2944 504; x_wconf 93' lang='lat' dir='ltr'>n.</span> <span class='ocrx_word' id='word_1_22' title='bbox 2973 442 3080 505; x_wconf 88' lang='grc'>41.</span> 
     </span>
     <span class='ocr_line' id='line_1_3' title="bbox 615 543 3084 628; baseline 0.001 -22"><span class='ocrx_word' id='word_1_23' title='bbox 615 544 681 607; x_wconf 90' lang='lat' dir='ltr'>et</span> <span class='ocrx_word' id='word_1_24' title='bbox 717 543 885 607; x_wconf 90' lang='lat' dir='ltr'>inani</span> <span class='ocrx_word' id='word_1_25' title='bbox 916 543 1126 608; x_wconf 86' lang='lat' dir='ltr'>labore</span> <span class='ocrx_word' id='word_1_26' title='bbox 1160 544 1436 627; x_wconf 75' lang='lat' dir='ltr'>theologi</span> <span class='ocrx_word' id='word_1_27' title='bbox 1470 545 1583 609; x_wconf 85' lang='lat' dir='ltr'>has</span> <span class='ocrx_word' id='word_1_28' title='bbox 1615 545 1713 608; x_wconf 87' lang='lat' dir='ltr'>vel</span> <span class='ocrx_word' id='word_1_29' title='bbox 1746 545 1887 609; x_wconf 87' lang='lat' dir='ltr'>illas</span> <span class='ocrx_word' id='word_1_30' title='bbox 1918 544 2242 628; x_wconf 85' lang='lat' dir='ltr'>proferunt</span> <span class='ocrx_word' id='word_1_31' title='bbox 2269 544 2626 620; x_wconf 65' lang='lat' dir='ltr'>sententiam,</span> <span class='ocrx_word' id='word_1_32' title='bbox 2677 562 2835 626; x_wconf 88' lang='lat' dir='ltr'>quae</span> <span class='ocrx_word' id='word_1_33' title='bbox 2883 544 3084 627; x_wconf 87' lang='lat' dir='ltr'>reipsa</span> 
     </span>
     <span class='ocr_line' id='line_1_4' title="bbox 615 645 3084 729; baseline 0 -19"><span class='ocrx_word' id='word_1_34' title='bbox 615 646 1018 728; x_wconf 79' lang='lat' dir='ltr'>potiusquam</span> <span class='ocrx_word' id='word_1_35' title='bbox 1065 645 1360 711; x_wconf 82' lang='lat' dir='ltr'>fundatae</span> <span class='ocrx_word' id='word_1_36' title='bbox 1406 647 1467 710; x_wconf 89' lang='lat' dir='ltr'>in</span> <span class='ocrx_word' id='word_1_37' title='bbox 1516 647 1714 712; x_wconf 89' lang='lat' dir='ltr'>solida</span> <span class='ocrx_word' id='word_1_38' title='bbox 1763 648 1973 729; x_wconf 89' lang='lat' dir='ltr'>aliqua</span> <span class='ocrx_word' id='word_1_39' title='bbox 2020 647 2281 724; x_wconf 90' lang='lat' dir='ltr'>ratione,</span> <span class='ocrx_word' id='word_1_40' title='bbox 2315 646 2603 712; x_wconf 81' lang='lat' dir='ltr'>videntur</span> <span class='ocrx_word' id='word_1_41' title='bbox 2639 645 2716 709; x_wconf 86' lang='lat' dir='ltr'>ad</span> <span class='ocrx_word' id='word_1_42' title='bbox 2751 645 3084 710; x_wconf 85' lang='lat' dir='ltr'>arbitrium</span> 
     </span>
     <span class='ocr_line' id='line_1_5' title="bbox 612 747 928 812; baseline 0.006 -4"><span class='ocrx_word' id='word_1_43' title='bbox 612 747 928 812; x_wconf 88' lang='lat' dir='ltr'>confictae.</span> 
     </span>
    </p>
   </div>
   <div class='ocr_carea' id='block_1_3' title="bbox 1330 891 2361 956">
    <p class='ocr_par' dir='ltr' id='par_1_3' title="bbox 1330 891 2361 956">
     <span class='ocr_line' id='line_1_6' title="bbox 1330 891 2361 956; baseline -0.001 -1"><span class='ocrx_word' id='word_1_44' title='bbox 1330 891 1440 955; x_wconf 77' lang='lat' dir='ltr'>Ex</span> <span class='ocrx_word' id='word_1_45' title='bbox 1478 893 1562 955; x_wconf 59' lang='lat' dir='ltr'>niis</span> <span class='ocrx_word' id='word_1_46' title='bbox 1598 891 2000 956; x_wconf 75' lang='lat' dir='ltr'>resolvuntur</span> <span class='ocrx_word' id='word_1_47' title='bbox 2035 891 2104 954; x_wconf 75' lang='lat' dir='ltr'>Izi</span> <span class='ocrx_word' id='word_1_48' title='bbox 2142 892 2361 956; x_wconf 72' lang='lat' dir='ltr'>Casus.</span> 
     </span>
    </p>
   </div>
   <div class='ocr_carea' id='block_1_4' title="bbox 611 1041 3081 1276">
    <p class='ocr_par' dir='ltr' id='par_1_4' title="bbox 611 1041 3081 1276">
     <span class='ocr_line' id='line_1_7' title="bbox 720 1041 3081 1107; baseline -0.001 -13"><span class='ocrx_word' id='word_1_49' title='bbox 720 1043 850 1094; x_wconf 87' lang='lat' dir='ltr'>xlll.</span> <span class='ocrx_word' id='word_1_50' title='bbox 880 1044 927 1094; x_wconf 80' lang='lat' dir='ltr'>t.</span> <span class='ocrx_word' id='word_1_51' title='bbox 957 1042 1257 1106; x_wconf 72' lang='lat' dir='ltr'>llaereticuS,</span> <span class='ocrx_word' id='word_1_52' title='bbox 1284 1042 1501 1106; x_wconf 86' lang='lat' dir='ltr'>quandiu</span> <span class='ocrx_word' id='word_1_53' title='bbox 1528 1057 1665 1096; x_wconf 86' lang='lat' dir='ltr'>suam</span> <span class='ocrx_word' id='word_1_54' title='bbox 1706 1049 1889 1096; x_wconf 86' lang='lat' dir='ltr'>sectam</span> <span class='ocrx_word' id='word_1_55' title='bbox 1929 1042 2112 1095; x_wconf 89' lang='lat' dir='ltr'>iudicat</span> <span class='ocrx_word' id='word_1_56' title='bbox 2151 1056 2259 1095; x_wconf 84' lang='lat' dir='ltr'>esse</span> <span class='ocrx_word' id='word_1_57' title='bbox 2298 1041 2657 1095; x_wconf 75' lang='lat' dir='ltr'>credibilior-eni</span> <span class='ocrx_word' id='word_1_58' title='bbox 2685 1044 2764 1093; x_wconf 82' lang='lat' dir='ltr'>vel</span> <span class='ocrx_word' id='word_1_59' title='bbox 2792 1055 2945 1107; x_wconf 79' lang='lat' dir='ltr'>neque</span> <span class='ocrx_word' id='word_1_60' title='bbox 2971 1056 3081 1093; x_wconf 86' lang='lat' dir='ltr'>cre-</span> 
     </span>
     <span class='ocr_line' id='line_1_8' title="bbox 611 1124 3079 1194; baseline 0 -17"><span class='ocrx_word' id='word_1_61' title='bbox 611 1124 827 1188; x_wconf 84' lang='lat' dir='ltr'>dibilem,</span> <span class='ocrx_word' id='word_1_62' title='bbox 854 1141 949 1179; x_wconf 90' lang='lat' dir='ltr'>non</span> <span class='ocrx_word' id='word_1_63' title='bbox 978 1135 1167 1180; x_wconf 86' lang='lat' dir='ltr'>tenetur</span> <span class='ocrx_word' id='word_1_64' title='bbox 1193 1129 1413 1193; x_wconf 80' lang='lat' dir='ltr'>credere3</span> <span class='ocrx_word' id='word_1_65' title='bbox 1440 1127 1554 1193; x_wconf 85' lang='lat' dir='ltr'>quia</span> <span class='ocrx_word' id='word_1_66' title='bbox 1594 1129 1715 1180; x_wconf 87' lang='lat' dir='ltr'>lldcs</span> <span class='ocrx_word' id='word_1_67' title='bbox 1746 1129 1958 1180; x_wconf 88' lang='lat' dir='ltr'>nondum</span> <span class='ocrx_word' id='word_1_68' title='bbox 1986 1136 2061 1179; x_wconf 86' lang='lat' dir='ltr'>cst</span> <span class='ocrx_word' id='word_1_69' title='bbox 2088 1127 2385 1180; x_wconf 78' lang='lat' dir='ltr'>sufficienter</span> <span class='ocrx_word' id='word_1_70' title='bbox 2412 1127 2658 1194; x_wconf 88' lang='lat' dir='ltr'>proposita</span> <span class='ocrx_word' id='word_1_71' title='bbox 2699 1133 2957 1192; x_wconf 77' lang='lat' dir='ltr'>ageretque</span> <span class='ocrx_word' id='word_1_72' title='bbox 2994 1124 3079 1178; x_wconf 79' lang='lat' dir='ltr'>int-</span> 
     </span>
     <span class='ocr_line' id='line_1_9' title="bbox 614 1211 2349 1276; baseline 0 -13"><span class='ocrx_word' id='word_1_73' title='bbox 614 1211 896 1275; x_wconf 77' lang='lat' dir='ltr'>prudenter.</span> <span class='ocrx_word' id='word_1_74' title='bbox 924 1213 1099 1264; x_wconf 83' lang='lat' dir='ltr'>Sancb.</span> <span class='ocrx_word' id='word_1_75' title='bbox 1129 1215 1174 1264; x_wconf 79' lang='lat'>2.</span> <span class='ocrx_word' id='word_1_76' title='bbox 1201 1213 1343 1265; x_wconf 81' lang='lat' dir='ltr'>Mor.</span> <span class='ocrx_word' id='word_1_77' title='bbox 1370 1227 1413 1265; x_wconf 89' lang='lat' dir='ltr'>c.</span> <span class='ocrx_word' id='word_1_78' title='bbox 1447 1214 1492 1264; x_wconf 79' lang='lat' dir='ltr'>l.</span> <span class='ocrx_word' id='word_1_79' title='bbox 1522 1214 1691 1276; x_wconf 83' lang='lat' dir='ltr'>Laym.</span> <span class='ocrx_word' id='word_1_80' title='bbox 1724 1214 1754 1264; x_wconf 93' lang='grc' dir='ltr'>Ι.</span> <span class='ocrx_word' id='word_1_81' title='bbox 1787 1215 1835 1265; x_wconf 74' lang='lat'>2.</span> <span class='ocrx_word' id='word_1_82' title='bbox 1866 1219 1899 1264; x_wconf 90' lang='lat' dir='ltr'>t.</span> <span class='ocrx_word' id='word_1_83' title='bbox 1935 1215 1978 1264; x_wconf 87' lang='lat' dir='ltr'>l.</span> <span class='ocrx_word' id='word_1_84' title='bbox 2006 1228 2047 1265; x_wconf 86' lang='lat' dir='ltr'>c.</span> <span class='ocrx_word' id='word_1_85' title='bbox 2087 1214 2163 1263; x_wconf 88' lang='grc'><strong>10.</strong></span> <span class='ocrx_word' id='word_1_86' title='bbox 2192 1218 2240 1264; x_wconf 90' lang='lat' dir='ltr'>ct</span> <span class='ocrx_word' id='word_1_87' title='bbox 2269 1214 2349 1263; x_wconf 74' lang='grc'><strong>1-2.</strong></span> 
     </span>
    </p>
   </div>
   <div class='ocr_carea' id='block_1_5' title="bbox 609 1314 3081 2220">
    <p class='ocr_par' dir='ltr' id='par_1_5' title="bbox 609 1314 3081 1995">
     <span class='ocr_line' id='line_1_10' title="bbox 702 1314 3080 1403; baseline -0.002 -17"><span class='ocrx_word' id='word_1_88' title='bbox 702 1314 823 1386; x_wconf 85' lang='grc'>37.</span> <span class='ocrx_word' id='word_1_89' title='bbox 860 1318 1184 1383; x_wconf 88' lang='lat' dir='ltr'>Resolutio</span> <span class='ocrx_word' id='word_1_90' title='bbox 1224 1320 1319 1383; x_wconf 89' lang='lat' dir='ltr'>est</span> <span class='ocrx_word' id='word_1_91' title='bbox 1359 1320 1522 1402; x_wconf 90' lang='lat' dir='ltr'>quod</span> <span class='ocrx_word' id='word_1_92' title='bbox 1558 1340 1683 1382; x_wconf 75' lang='lat' dir='ltr'>non</span> <span class='ocrx_word' id='word_1_93' title='bbox 1719 1323 1963 1382; x_wconf 76' lang='lat' dir='ltr'>tenetur</span> <span class='ocrx_word' id='word_1_94' title='bbox 1994 1319 2235 1384; x_wconf 88' lang='lat' dir='ltr'>credere</span> <span class='ocrx_word' id='word_1_95' title='bbox 2273 1320 2354 1396; x_wconf 92' lang='lat' dir='ltr'>id,</span> <span class='ocrx_word' id='word_1_96' title='bbox 2383 1319 2548 1401; x_wconf 90' lang='lat' dir='ltr'>quod</span> <span class='ocrx_word' id='word_1_97' title='bbox 2571 1318 2691 1403; x_wconf 88' lang='lat' dir='ltr'>ipsi</span> <span class='ocrx_word' id='word_1_98' title='bbox 2715 1319 3080 1402; x_wconf 87' lang='lat' dir='ltr'>proponitur</span> 
     </span>
     <span class='ocr_line' id='line_1_11' title="bbox 612 1419 3081 1505; baseline 0 -23"><span class='ocrx_word' id='word_1_99' title='bbox 612 1419 935 1500; x_wconf 77' lang='lat' dir='ltr'>velaeque</span> <span class='ocrx_word' id='word_1_100' title='bbox 966 1421 1066 1483; x_wconf 83' lang='lat' dir='ltr'>vel</span> <span class='ocrx_word' id='word_1_101' title='bbox 1112 1421 1320 1483; x_wconf 79' lang='lat' dir='ltr'>minus</span> <span class='ocrx_word' id='word_1_102' title='bbox 1374 1419 1684 1484; x_wconf 74' lang='lat' dir='ltr'>credibile.</span> <span class='ocrx_word' id='word_1_103' title='bbox 1725 1422 1813 1485; x_wconf 88' lang='lat' dir='ltr'>At</span> <span class='ocrx_word' id='word_1_104' title='bbox 1861 1441 1983 1485; x_wconf 92' lang='lat' dir='ltr'>non</span> <span class='ocrx_word' id='word_1_105' title='bbox 2033 1422 2279 1497; x_wconf 88' lang='lat' dir='ltr'>dicitur,</span> <span class='ocrx_word' id='word_1_106' title='bbox 2330 1421 2495 1503; x_wconf 91' lang='lat' dir='ltr'>quod</span> <span class='ocrx_word' id='word_1_107' title='bbox 2535 1421 2735 1505; x_wconf 81' lang='lat' dir='ltr'>possit</span> <span class='ocrx_word' id='word_1_108' title='bbox 2771 1422 3081 1502; x_wconf 78' lang='lat' dir='ltr'>qui-escere</span> 
     </span>
     <span class='ocr_line' id='line_1_12' title="bbox 612 1522 3078 1607; baseline 0.001 -23"><span class='ocrx_word' id='word_1_109' title='bbox 612 1522 988 1603; x_wconf 87' lang='lat' dir='ltr'>tranquillus</span> <span class='ocrx_word' id='word_1_110' title='bbox 1020 1523 1083 1586; x_wconf 92' lang='lat' dir='ltr'>in</span> <span class='ocrx_word' id='word_1_111' title='bbox 1117 1542 1230 1588; x_wconf 88' lang='lat' dir='ltr'>sua</span> <span class='ocrx_word' id='word_1_112' title='bbox 1264 1524 1450 1586; x_wconf 88' lang='lat' dir='ltr'>secta.</span> <span class='ocrx_word' id='word_1_113' title='bbox 1487 1524 1624 1587; x_wconf 93' lang='lat' dir='ltr'>Duo</span> <span class='ocrx_word' id='word_1_114' title='bbox 1663 1523 1814 1587; x_wconf 88' lang='lat' dir='ltr'>haec</span> <span class='ocrx_word' id='word_1_115' title='bbox 1854 1526 2000 1588; x_wconf 88' lang='lat' dir='ltr'>sunt</span> <span class='ocrx_word' id='word_1_116' title='bbox 2038 1523 2222 1607; x_wconf 90' lang='lat' dir='ltr'>longe</span> <span class='ocrx_word' id='word_1_117' title='bbox 2256 1524 2517 1587; x_wconf 85' lang='lat' dir='ltr'>diversa.</span> <span class='ocrx_word' id='word_1_118' title='bbox 2561 1523 2641 1587; x_wconf 88' lang='lat' dir='ltr'>Et</span> <span class='ocrx_word' id='word_1_119' title='bbox 2666 1526 2944 1606; x_wconf 86' lang='lat' dir='ltr'>superest</span> <span class='ocrx_word' id='word_1_120' title='bbox 2976 1523 3078 1585; x_wconf 84' lang='lat' dir='ltr'>via</span> 
     </span>
     <span class='ocr_line' id='line_1_13' title="bbox 610 1623 3080 1708; baseline 0.002 -22"><span class='ocrx_word' id='word_1_121' title='bbox 610 1623 813 1687; x_wconf 87' lang='lat' dir='ltr'>media</span> <span class='ocrx_word' id='word_1_122' title='bbox 862 1624 1147 1689; x_wconf 86' lang='lat' dir='ltr'>videlicet</span> <span class='ocrx_word' id='word_1_123' title='bbox 1178 1624 1475 1705; x_wconf 73' lang='lat' dir='ltr'>obliyatz&#39;o</span> <span class='ocrx_word' id='word_1_124' title='bbox 1506 1625 1874 1706; x_wconf 72' lang='lat' dir='ltr'>inquirendi</span> <span class='ocrx_word' id='word_1_125' title='bbox 1884 1646 1906 1702; x_wconf 89' lang='lat'>‚·</span> <span class='ocrx_word' id='word_1_126' title='bbox 1938 1627 2084 1706; x_wconf 88' lang='lat' dir='ltr'>quia</span> <span class='ocrx_word' id='word_1_127' title='bbox 2117 1628 2352 1690; x_wconf 88' lang='lat' dir='ltr'>certam</span> <span class='ocrx_word' id='word_1_128' title='bbox 2388 1644 2679 1708; x_wconf 87' lang='lat' dir='ltr'>quaerere</span> <span class='ocrx_word' id='word_1_129' title='bbox 2718 1626 2886 1689; x_wconf 79' lang='lat' dir='ltr'>viam</span> <span class='ocrx_word' id='word_1_130' title='bbox 2919 1627 3080 1690; x_wconf 87' lang='lat' dir='ltr'>tene-</span> 
     </span>
     <span class='ocr_line' id='line_1_14' title="bbox 610 1726 3076 1812; baseline 0 -22"><span class='ocrx_word' id='word_1_131' title='bbox 610 1746 785 1791; x_wconf 89' lang='lat' dir='ltr'>mur:</span> <span class='ocrx_word' id='word_1_132' title='bbox 813 1747 971 1809; x_wconf 87' lang='lat' dir='ltr'>quae</span> <span class='ocrx_word' id='word_1_133' title='bbox 992 1730 1202 1792; x_wconf 89' lang='lat' dir='ltr'>tamen</span> <span class='ocrx_word' id='word_1_134' title='bbox 1236 1728 1536 1812; x_wconf 85' lang='lat' dir='ltr'>obligatio</span> <span class='ocrx_word' id='word_1_135' title='bbox 1576 1747 1699 1793; x_wconf 91' lang='lat' dir='ltr'>non</span> <span class='ocrx_word' id='word_1_136' title='bbox 1731 1731 1828 1792; x_wconf 88' lang='lat' dir='ltr'>est</span> <span class='ocrx_word' id='word_1_137' title='bbox 1865 1726 2306 1804; x_wconf 87' lang='lat' dir='ltr'>confundenda,</span> <span class='ocrx_word' id='word_1_138' title='bbox 2336 1730 2408 1791; x_wconf 92' lang='lat' dir='ltr'>ut</span> <span class='ocrx_word' id='word_1_139' title='bbox 2440 1727 2726 1803; x_wconf 79' lang='lat' dir='ltr'>diximuS,</span> <span class='ocrx_word' id='word_1_140' title='bbox 2762 1748 2903 1792; x_wconf 89' lang='lat' dir='ltr'>cum</span> <span class='ocrx_word' id='word_1_141' title='bbox 2934 1727 3076 1791; x_wconf 87' lang='lat' dir='ltr'>ficta</span> 
     </span>
     <span class='ocr_line' id='line_1_15' title="bbox 612 1829 3076 1913; baseline 0 -20"><span class='ocrx_word' id='word_1_142' title='bbox 612 1829 992 1912; x_wconf 87' lang='lat' dir='ltr'>obligatione</span> <span class='ocrx_word' id='word_1_143' title='bbox 1046 1830 1326 1894; x_wconf 90' lang='lat' dir='ltr'>credendi</span> <span class='ocrx_word' id='word_1_144' title='bbox 1364 1830 1444 1909; x_wconf 90' lang='lat' dir='ltr'>id,</span> <span class='ocrx_word' id='word_1_145' title='bbox 1497 1830 1663 1912; x_wconf 88' lang='lat' dir='ltr'>quod</span> <span class='ocrx_word' id='word_1_146' title='bbox 1712 1831 2010 1913; x_wconf 85' lang='lat' dir='ltr'>appareat</span> <span class='ocrx_word' id='word_1_147' title='bbox 2059 1830 2308 1911; x_wconf 88' lang='lat' dir='ltr'>quidem</span> <span class='ocrx_word' id='word_1_148' title='bbox 2363 1829 2765 1912; x_wconf 77' lang='lat' dir='ltr'>probabiliuS,</span> <span class='ocrx_word' id='word_1_149' title='bbox 2801 1830 2907 1894; x_wconf 88' lang='lat' dir='ltr'>sed</span> <span class='ocrx_word' id='word_1_150' title='bbox 2954 1849 3076 1895; x_wconf 91' lang='lat' dir='ltr'>non</span> 
     </span>
     <span class='ocr_line' id='line_1_16' title="bbox 609 1931 1110 1995; baseline 0.004 -2"><span class='ocrx_word' id='word_1_151' title='bbox 609 1934 774 1995; x_wconf 90' lang='lat' dir='ltr'>certe</span> <span class='ocrx_word' id='word_1_152' title='bbox 806 1931 1110 1995; x_wconf 83' lang='lat' dir='ltr'>credibile.</span> 
     </span>
    </p>

    <p class='ocr_par' dir='ltr' id='par_1_6' title="bbox 610 2068 3069 2220">
     <span class='ocr_line' id='line_1_17' title="bbox 718 2068 3066 2136; baseline 0 -15"><span class='ocrx_word' id='word_1_153' title='bbox 718 2069 853 2121; x_wconf 84' lang='lat' dir='ltr'>XlV.</span> <span class='ocrx_word' id='word_1_154' title='bbox 891 2070 939 2121; x_wconf 85' lang='lat'>2.</span> <span class='ocrx_word' id='word_1_155' title='bbox 966 2070 1173 2136; x_wconf 82' lang='lat' dir='ltr'>Quando</span> <span class='ocrx_word' id='word_1_156' title='bbox 1196 2069 1273 2132; x_wconf 88' lang='lat' dir='ltr'>iis,</span> <span class='ocrx_word' id='word_1_157' title='bbox 1302 2069 1384 2136; x_wconf 86' lang='lat' dir='ltr'>qui</span> <span class='ocrx_word' id='word_1_158' title='bbox 1411 2069 1458 2123; x_wconf 89' lang='lat' dir='ltr'>in</span> <span class='ocrx_word' id='word_1_159' title='bbox 1486 2069 1677 2123; x_wconf 80' lang='lat' dir='ltr'>haeresi</span> <span class='ocrx_word' id='word_1_160' title='bbox 1706 2069 1874 2122; x_wconf 74' lang='lat' dir='ltr'>nutriti</span> <span class='ocrx_word' id='word_1_161' title='bbox 1901 2076 2030 2134; x_wconf 88' lang='lat' dir='ltr'>sunt,</span> <span class='ocrx_word' id='word_1_162' title='bbox 2059 2083 2346 2134; x_wconf 86' lang='lat' dir='ltr'>persuasum</span> <span class='ocrx_word' id='word_1_163' title='bbox 2372 2076 2446 2123; x_wconf 87' lang='lat' dir='ltr'>est</span> <span class='ocrx_word' id='word_1_164' title='bbox 2472 2084 2497 2122; x_wconf 83' lang='lat' dir='ltr'>a</span> <span class='ocrx_word' id='word_1_165' title='bbox 2539 2083 2708 2136; x_wconf 88' lang='lat' dir='ltr'>puero,</span> <span class='ocrx_word' id='word_1_166' title='bbox 2730 2083 2819 2122; x_wconf 86' lang='lat' dir='ltr'>nos</span> <span class='ocrx_word' id='word_1_167' title='bbox 2849 2068 3066 2124; x_wconf 85' lang='lat' dir='ltr'>abiicere</span> 
     </span>
     <span class='ocr_line' id='line_1_18' title="bbox 610 2153 3069 2220; baseline 0 -15"><span class='ocrx_word' id='word_1_168' title='bbox 610 2159 660 2205; x_wconf 87' lang='lat' dir='ltr'>et</span> <span class='ocrx_word' id='word_1_169' title='bbox 681 2153 909 2218; x_wconf 84' lang='lat' dir='ltr'>persequi</span> <span class='ocrx_word' id='word_1_170' title='bbox 933 2155 1151 2208; x_wconf 74' lang='lat' dir='ltr'>Verbum</span> <span class='ocrx_word' id='word_1_171' title='bbox 1177 2155 1282 2218; x_wconf 87' lang='lat' dir='ltr'>Dei,</span> <span class='ocrx_word' id='word_1_172' title='bbox 1301 2169 1411 2209; x_wconf 87' lang='lat' dir='ltr'>esse</span> <span class='ocrx_word' id='word_1_173' title='bbox 1431 2155 1734 2215; x_wconf 58' lang='lat' dir='ltr'>idololatras</span> <span class='ocrx_word' id='word_1_174' title='bbox 1760 2153 2041 2220; x_wconf 84' lang='lat' dir='ltr'>pestilentes</span> <span class='ocrx_word' id='word_1_175' title='bbox 2061 2156 2351 2220; x_wconf 83' lang='lat' dir='ltr'>deceptores</span> <span class='ocrx_word' id='word_1_176' title='bbox 2370 2153 2594 2220; x_wconf 82' lang='lat' dir='ltr'>ideoque,</span> <span class='ocrx_word' id='word_1_177' title='bbox 2614 2161 2839 2219; x_wconf 79' lang='lat' dir='ltr'>tanquam</span> <span class='ocrx_word' id='word_1_178' title='bbox 2864 2162 3069 2220; x_wconf 84' lang='lat' dir='ltr'>pestem,</span> 
     </span>
    </p>
   </div>
   <div class='ocr_carea' id='block_1_6' title="bbox 608 2237 3074 2388">
    <p class='ocr_par' dir='ltr' id='par_1_7' title="bbox 608 2237 3074 2388">
     <span class='ocr_line' id='line_1_19' title="bbox 612 2237 3070 2307; baseline 0.001 -18"><span class='ocrx_word' id='word_1_179' title='bbox 612 2237 891 2307; x_wconf 78' lang='lat' dir='ltr'>tugiendos;</span> <span class='ocrx_word' id='word_1_180' title='bbox 921 2254 1015 2291; x_wconf 88' lang='lat' dir='ltr'>non</span> <span class='ocrx_word' id='word_1_181' title='bbox 1043 2246 1264 2304; x_wconf 86' lang='lat' dir='ltr'>possunt,</span> <span class='ocrx_word' id='word_1_182' title='bbox 1288 2246 1445 2293; x_wconf 87' lang='lat' dir='ltr'>stante</span> <span class='ocrx_word' id='word_1_183' title='bbox 1472 2243 1561 2292; x_wconf 85' lang='lat' dir='ltr'>hac</span> <span class='ocrx_word' id='word_1_184' title='bbox 1589 2239 1920 2305; x_wconf 81' lang='lat' dir='ltr'>persuasione,</span> <span class='ocrx_word' id='word_1_185' title='bbox 1948 2241 2083 2290; x_wconf 83' lang='lat' dir='ltr'>salva</span> <span class='ocrx_word' id='word_1_186' title='bbox 2124 2238 2419 2290; x_wconf 82' lang='lat' dir='ltr'>conscientia</span> <span class='ocrx_word' id='word_1_187' title='bbox 2445 2253 2534 2291; x_wconf 89' lang='lat' dir='ltr'>nos</span> <span class='ocrx_word' id='word_1_188' title='bbox 2561 2239 2729 2291; x_wconf 83' lang='lat' dir='ltr'>audire</span> <span class='ocrx_word' id='word_1_189' title='bbox 2767 2247 2815 2291; x_wconf 88' lang='lat' dir='ltr'>et</span> <span class='ocrx_word' id='word_1_190' title='bbox 2849 2241 3070 2291; x_wconf 86' lang='lat' dir='ltr'>laborant</span> 
     </span>
     <span class='ocr_line' id='line_1_20' title="bbox 608 2321 3074 2388; baseline 0 -14"><span class='ocrx_word' id='word_1_191' title='bbox 608 2322 878 2387; x_wconf 78' lang='lat' dir='ltr'>ignorantia</span> <span class='ocrx_word' id='word_1_192' title='bbox 897 2323 1186 2388; x_wconf 84' lang='lat' dir='ltr'>invincibili,</span> <span class='ocrx_word' id='word_1_193' title='bbox 1210 2340 1319 2378; x_wconf 90' lang='lat' dir='ltr'>cum</span> <span class='ocrx_word' id='word_1_194' title='bbox 1337 2339 1434 2378; x_wconf 90' lang='lat' dir='ltr'>non</span> <span class='ocrx_word' id='word_1_195' title='bbox 1455 2324 1678 2377; x_wconf 84' lang='lat' dir='ltr'>dubitent</span> <span class='ocrx_word' id='word_1_196' title='bbox 1703 2339 1756 2376; x_wconf 88' lang='lat' dir='ltr'>se</span> <span class='ocrx_word' id='word_1_197' title='bbox 1784 2338 1892 2376; x_wconf 90' lang='lat' dir='ltr'>csse</span> <span class='ocrx_word' id='word_1_198' title='bbox 1917 2324 1967 2376; x_wconf 89' lang='lat' dir='ltr'>in</span> <span class='ocrx_word' id='word_1_199' title='bbox 1994 2326 2120 2376; x_wconf 86' lang='lat' dir='ltr'>bona</span> <span class='ocrx_word' id='word_1_200' title='bbox 2154 2321 2248 2375; x_wconf 83' lang='lat' dir='ltr'>via.</span> <span class='ocrx_word' id='word_1_201' title='bbox 2272 2326 2438 2386; x_wconf 84' lang='lat' dir='ltr'>Laym.</span> <span class='ocrx_word' id='word_1_202' title='bbox 2462 2338 2504 2375; x_wconf 91' lang='lat' dir='ltr'>c.</span> <span class='ocrx_word' id='word_1_203' title='bbox 2531 2326 2612 2375; x_wconf 65' lang='lat'>⁴0.</span> <span class='ocrx_word' id='word_1_204' title='bbox 2634 2327 2808 2376; x_wconf 77' lang='lat' dir='ltr'>Sancti.</span> <span class='ocrx_word' id='word_1_205' title='bbox 2833 2326 2862 2376; x_wconf 93' lang='lat' dir='ltr'>l.</span> <span class='ocrx_word' id='word_1_206' title='bbox 2889 2326 2937 2376; x_wconf 78' lang='lat'>2.</span> <span class='ocrx_word' id='word_1_207' title='bbox 2959 2338 3002 2376; x_wconf 90' lang='lat' dir='ltr'>c.</span> <span class='ocrx_word' id='word_1_208' title='bbox 3029 2326 3074 2375; x_wconf 92' lang='lat' dir='ltr'>l.</span> 
     </span>
    </p>
   </div>
   <div class='ocr_carea' id='block_1_7' title="bbox 606 2447 3076 2740">
    <p class='ocr_par' dir='ltr' id='par_1_8' title="bbox 606 2447 3076 2740">
     <span class='ocr_line' id='line_1_21' title="bbox 698 2447 3076 2533; baseline -0.003 -13"><span class='ocrx_word' id='word_1_209' title='bbox 698 2447 824 2520; x_wconf 81' lang='grc'>38.</span> <span class='ocrx_word' id='word_1_210' title='bbox 873 2451 1009 2516; x_wconf 89' lang='lat' dir='ltr'>Hoc</span> <span class='ocrx_word' id='word_1_211' title='bbox 1040 2451 1226 2528; x_wconf 86' lang='lat' dir='ltr'>valet,</span> <span class='ocrx_word' id='word_1_212' title='bbox 1269 2452 1515 2516; x_wconf 87' lang='lat' dir='ltr'>etiamsi</span> <span class='ocrx_word' id='word_1_213' title='bbox 1546 2471 1667 2516; x_wconf 89' lang='lat' dir='ltr'>non</span> <span class='ocrx_word' id='word_1_214' title='bbox 1701 2451 1828 2514; x_wconf 87' lang='lat' dir='ltr'>sint</span> <span class='ocrx_word' id='word_1_215' title='bbox 1865 2450 2017 2513; x_wconf 90' lang='lat' dir='ltr'>certi</span> <span class='ocrx_word' id='word_1_216' title='bbox 2050 2450 2122 2513; x_wconf 89' lang='lat' dir='ltr'>de</span> <span class='ocrx_word' id='word_1_217' title='bbox 2161 2450 2410 2533; x_wconf 90' lang='lat' dir='ltr'>propria</span> <span class='ocrx_word' id='word_1_218' title='bbox 2442 2450 2642 2525; x_wconf 80' lang='lat' dir='ltr'>secta3</span> <span class='ocrx_word' id='word_1_219' title='bbox 2675 2449 2739 2513; x_wconf 91' lang='lat' dir='ltr'>in</span> <span class='ocrx_word' id='word_1_220' title='bbox 2771 2469 2893 2532; x_wconf 92' lang='lat' dir='ltr'>quo</span> <span class='ocrx_word' id='word_1_221' title='bbox 2927 2469 3076 2514; x_wconf 86' lang='lat' dir='ltr'>casu</span> 
     </span>
     <span class='ocr_line' id='line_1_22' title="bbox 606 2551 3076 2637; baseline 0 -21"><span class='ocrx_word' id='word_1_222' title='bbox 606 2553 963 2618; x_wconf 87' lang='lat' dir='ltr'>tenerentur</span> <span class='ocrx_word' id='word_1_223' title='bbox 1008 2554 1335 2637; x_wconf 85' lang='lat' dir='ltr'>inquirere,</span> <span class='ocrx_word' id='word_1_224' title='bbox 1386 2553 1494 2617; x_wconf 91' lang='lat' dir='ltr'>ubi</span> <span class='ocrx_word' id='word_1_225' title='bbox 1539 2553 1623 2617; x_wconf 86' lang='lat' dir='ltr'>sit</span> <span class='ocrx_word' id='word_1_226' title='bbox 1655 2554 1911 2626; x_wconf 56' lang='lat' dir='ltr'>veritam</span> <span class='ocrx_word' id='word_1_227' title='bbox 1952 2553 2097 2617; x_wconf 89' lang='lat' dir='ltr'>licet</span> <span class='ocrx_word' id='word_1_228' title='bbox 2129 2554 2585 2630; x_wconf 79' lang='lat' dir='ltr'>excusarentur,</span> <span class='ocrx_word' id='word_1_229' title='bbox 2636 2551 2687 2616; x_wconf 89' lang='lat' dir='ltr'>si</span> <span class='ocrx_word' id='word_1_230' title='bbox 2733 2572 2855 2618; x_wconf 90' lang='lat' dir='ltr'>non</span> <span class='ocrx_word' id='word_1_231' title='bbox 2893 2572 3076 2635; x_wconf 89' lang='lat' dir='ltr'>quae·</span> 
     </span>
     <span class='ocr_line' id='line_1_23' title="bbox 612 2656 3026 2740; baseline 0.001 -23"><span class='ocrx_word' id='word_1_232' title='bbox 612 2657 817 2719; x_wconf 92' lang='lat' dir='ltr'>rerent</span> <span class='ocrx_word' id='word_1_233' title='bbox 865 2656 1192 2720; x_wconf 80' lang='lat' dir='ltr'>veritatem</span> <span class='ocrx_word' id='word_1_234' title='bbox 1240 2656 1405 2740; x_wconf 89' lang='lat' dir='ltr'>apud</span> <span class='ocrx_word' id='word_1_235' title='bbox 1437 2656 1797 2732; x_wconf 75' lang='lat' dir='ltr'>catholicOS,</span> <span class='ocrx_word' id='word_1_236' title='bbox 1838 2675 1993 2738; x_wconf 87' lang='lat' dir='ltr'>quos</span> <span class='ocrx_word' id='word_1_237' title='bbox 2027 2659 2189 2719; x_wconf 85' lang='lat' dir='ltr'>certe</span> <span class='ocrx_word' id='word_1_238' title='bbox 2222 2656 2444 2738; x_wconf 88' lang='lat' dir='ltr'>putent</span> <span class='ocrx_word' id='word_1_239' title='bbox 2475 2674 2603 2718; x_wconf 88' lang='lat' dir='ltr'>esse</span> <span class='ocrx_word' id='word_1_240' title='bbox 2630 2656 2799 2719; x_wconf 82' lang='lat' dir='ltr'>extra</span> <span class='ocrx_word' id='word_1_241' title='bbox 2842 2656 3026 2719; x_wconf 82' lang='lat' dir='ltr'>viam.</span> 
     </span>
    </p>
   </div>
   <div class='ocr_carea' id='block_1_8' title="bbox 594 2796 3070 4576">
    <p class='ocr_par' dir='ltr' id='par_1_9' title="bbox 604 2796 3070 3119">
     <span class='ocr_line' id='line_1_24' title="bbox 717 2796 3069 2863; baseline 0 -13"><span class='ocrx_word' id='word_1_242' title='bbox 717 2799 833 2850; x_wconf 83' lang='lat' dir='ltr'>XV.</span> <span class='ocrx_word' id='word_1_243' title='bbox 864 2800 913 2851; x_wconf 90' lang='lat'>3.</span> <span class='ocrx_word' id='word_1_244' title='bbox 939 2797 991 2851; x_wconf 88' lang='lat' dir='ltr'>Si</span> <span class='ocrx_word' id='word_1_245' title='bbox 1031 2798 1209 2853; x_wconf 88' lang='lat' dir='ltr'>talibus</span> <span class='ocrx_word' id='word_1_246' title='bbox 1236 2796 1424 2851; x_wconf 82' lang='lat' dir='ltr'>oriatur</span> <span class='ocrx_word' id='word_1_247' title='bbox 1450 2796 1651 2850; x_wconf 85' lang='lat' dir='ltr'>dubium</span> <span class='ocrx_word' id='word_1_248' title='bbox 1685 2798 1746 2849; x_wconf 87' lang='lat' dir='ltr'>de</span> <span class='ocrx_word' id='word_1_249' title='bbox 1774 2812 1864 2850; x_wconf 86' lang='lat' dir='ltr'>sua</span> <span class='ocrx_word' id='word_1_250' title='bbox 1901 2804 2049 2860; x_wconf 85' lang='lat' dir='ltr'>secta,</span> <span class='ocrx_word' id='word_1_251' title='bbox 2078 2803 2305 2851; x_wconf 84' lang='lat' dir='ltr'>tenentur</span> <span class='ocrx_word' id='word_1_252' title='bbox 2331 2796 2539 2850; x_wconf 87' lang='lat' dir='ltr'>ulterius</span> <span class='ocrx_word' id='word_1_253' title='bbox 2562 2796 2808 2863; x_wconf 82' lang='lat' dir='ltr'>inquirere</span> <span class='ocrx_word' id='word_1_254' title='bbox 2834 2804 2883 2850; x_wconf 87' lang='lat' dir='ltr'>et</span> <span class='ocrx_word' id='word_1_255' title='bbox 2908 2812 2934 2849; x_wconf 87' lang='lat' dir='ltr'>a</span> <span class='ocrx_word' id='word_1_256' title='bbox 2965 2799 3069 2851; x_wconf 87' lang='lat' dir='ltr'>Deo</span> 
     </span>
     <span class='ocr_line' id='line_1_25' title="bbox 613 2881 3070 2950; baseline -0.001 -15"><span class='ocrx_word' id='word_1_257' title='bbox 613 2888 782 2949; x_wconf 85' lang='lat' dir='ltr'>petere</span> <span class='ocrx_word' id='word_1_258' title='bbox 808 2884 998 2938; x_wconf 85' lang='lat' dir='ltr'>lumen:</span> <span class='ocrx_word' id='word_1_259' title='bbox 1025 2886 1154 2950; x_wconf 90' lang='lat' dir='ltr'>quod</span> <span class='ocrx_word' id='word_1_260' title='bbox 1196 2884 1237 2936; x_wconf 88' lang='lat' dir='ltr'>si</span> <span class='ocrx_word' id='word_1_261' title='bbox 1265 2883 1524 2949; x_wconf 79' lang='lat' dir='ltr'>negligant,</span> <span class='ocrx_word' id='word_1_262' title='bbox 1550 2889 1751 2949; x_wconf 87' lang='lat' dir='ltr'>peccant</span> <span class='ocrx_word' id='word_1_263' title='bbox 1777 2888 1946 2936; x_wconf 89' lang='lat' dir='ltr'>contra</span> <span class='ocrx_word' id='word_1_264' title='bbox 1975 2884 2145 2946; x_wconf 62' lang='lat' dir='ltr'>(idean</span> <span class='ocrx_word' id='word_1_265' title='bbox 2173 2897 2282 2936; x_wconf 88' lang='lat' dir='ltr'>cum</span> <span class='ocrx_word' id='word_1_266' title='bbox 2310 2896 2403 2935; x_wconf 89' lang='lat' dir='ltr'>uon</span> <span class='ocrx_word' id='word_1_267' title='bbox 2424 2881 2689 2936; x_wconf 81' lang='lat' dir='ltr'>adhibeant</span> <span class='ocrx_word' id='word_1_268' title='bbox 2713 2882 2871 2936; x_wconf 84' lang='lat' dir='ltr'>media</span> <span class='ocrx_word' id='word_1_269' title='bbox 2897 2884 2957 2934; x_wconf 91' lang='lat' dir='ltr'>ad</span> <span class='ocrx_word' id='word_1_270' title='bbox 2983 2882 3070 2934; x_wconf 90' lang='lat' dir='ltr'>im-</span> 
     </span>
     <span class='ocr_line' id='line_1_26' title="bbox 608 2965 3067 3035; baseline -0 -16"><span class='ocrx_word' id='word_1_271' title='bbox 608 2969 838 3033; x_wconf 84' lang='lat' dir='ltr'>plendum</span> <span class='ocrx_word' id='word_1_272' title='bbox 873 2976 1186 3035; x_wconf 84' lang='lat' dir='ltr'>praeceptum</span> <span class='ocrx_word' id='word_1_273' title='bbox 1213 2966 1365 3021; x_wconf 85' lang='lat' dir='ltr'>Fidei.</span> <span class='ocrx_word' id='word_1_274' title='bbox 1394 2969 1537 3034; x_wconf 89' lang='lat' dir='ltr'>Quod</span> <span class='ocrx_word' id='word_1_275' title='bbox 1565 2968 1606 3020; x_wconf 87' lang='lat' dir='ltr'>si</span> <span class='ocrx_word' id='word_1_276' title='bbox 1631 2967 1805 3020; x_wconf 86' lang='lat' dir='ltr'>deinde</span> <span class='ocrx_word' id='word_1_277' title='bbox 1846 2975 2013 3020; x_wconf 88' lang='lat' dir='ltr'>nostra</span> <span class='ocrx_word' id='word_1_278' title='bbox 2055 2969 2174 3020; x_wconf 81' lang='lat' dir='ltr'>fides</span> <span class='ocrx_word' id='word_1_279' title='bbox 2213 2966 2286 3020; x_wconf 89' lang='lat' dir='ltr'>eis</span> <span class='ocrx_word' id='word_1_280' title='bbox 2311 2965 2610 3019; x_wconf 83' lang='lat' dir='ltr'>sufficienter</span> <span class='ocrx_word' id='word_1_281' title='bbox 2649 2975 2970 3033; x_wconf 82' lang='lat' dir='ltr'>proponatur,</span> <span class='ocrx_word' id='word_1_282' title='bbox 2998 2974 3067 3019; x_wconf 89' lang='lat' dir='ltr'>te·</span> 
     </span>
     <span class='ocr_line' id='line_1_27' title="bbox 604 3052 2881 3119; baseline -0 -16"><span class='ocrx_word' id='word_1_283' title='bbox 604 3060 783 3106; x_wconf 85' lang='lat' dir='ltr'>nentur</span> <span class='ocrx_word' id='word_1_284' title='bbox 820 3053 1065 3119; x_wconf 82' lang='lat' dir='ltr'>amplecti.</span> <span class='ocrx_word' id='word_1_285' title='bbox 1094 3052 1213 3104; x_wconf 87' lang='lat' dir='ltr'>ibid.</span> <span class='ocrx_word' id='word_1_286' title='bbox 1242 3054 1303 3105; x_wconf 88' lang='lat' dir='ltr'>V.</span> <span class='ocrx_word' id='word_1_287' title='bbox 1332 3052 1523 3105; x_wconf 83' lang='lat' dir='ltr'>Fcrdin.</span> <span class='ocrx_word' id='word_1_288' title='bbox 1552 3056 1611 3105; x_wconf 88' lang='lat' dir='ltr'>de</span> <span class='ocrx_word' id='word_1_289' title='bbox 1637 3053 1814 3107; x_wconf 86' lang='lat' dir='ltr'>Castro</span> <span class='ocrx_word' id='word_1_290' title='bbox 1853 3054 1998 3105; x_wconf 86' lang='lat' dir='ltr'>Palao</span> <span class='ocrx_word' id='word_1_291' title='bbox 2038 3059 2072 3104; x_wconf 91' lang='lat' dir='ltr'>t.</span> <span class='ocrx_word' id='word_1_292' title='bbox 2107 3053 2154 3103; x_wconf 72' lang='lat'>4.</span> <span class='ocrx_word' id='word_1_293' title='bbox 2184 3053 2231 3104; x_wconf 84' lang='lat' dir='ltr'>d.</span> <span class='ocrx_word' id='word_1_294' title='bbox 2265 3053 2308 3101; x_wconf 84' lang='lat' dir='ltr'>l.</span> <span class='ocrx_word' id='word_1_295' title='bbox 2338 3067 2383 3117; x_wconf 93' lang='lat' dir='ltr'>p.</span> <span class='ocrx_word' id='word_1_296' title='bbox 2418 3052 2498 3103; x_wconf 67' lang='lat'>⁴2.</span> <span class='ocrx_word' id='word_1_297' title='bbox 2529 3057 2577 3103; x_wconf 90' lang='lat' dir='ltr'>et</span> <span class='ocrx_word' id='word_1_298' title='bbox 2603 3052 2650 3103; x_wconf 87' lang='lat' dir='ltr'>d.</span> <span class='ocrx_word' id='word_1_299' title='bbox 2682 3053 2728 3103; x_wconf 76' lang='lat'>2.</span> <span class='ocrx_word' id='word_1_300' title='bbox 2760 3067 2804 3117; x_wconf 90' lang='lat' dir='ltr'>p.</span> <span class='ocrx_word' id='word_1_301' title='bbox 2835 3055 2881 3104; x_wconf 77' lang='lat'>2.</span> 
     </span>
    </p>

    <p class='ocr_par' dir='ltr' id='par_1_10' title="bbox 602 3158 3068 3445">
     <span class='ocr_line' id='line_1_28' title="bbox 696 3158 3066 3243; baseline 0.001 -20"><span class='ocrx_word' id='word_1_302' title='bbox 696 3158 818 3230; x_wconf 76' lang='grc'>39.</span> <span class='ocrx_word' id='word_1_303' title='bbox 856 3160 1031 3239; x_wconf 79' lang='lat' dir='ltr'>Quod</span> <span class='ocrx_word' id='word_1_304' title='bbox 1067 3160 1157 3223; x_wconf 87' lang='lat' dir='ltr'>ait</span> <span class='ocrx_word' id='word_1_305' title='bbox 1202 3160 1460 3237; x_wconf 82' lang='lat' dir='ltr'>Auctor,</span> <span class='ocrx_word' id='word_1_306' title='bbox 1508 3159 1673 3242; x_wconf 92' lang='lat' dir='ltr'>quod</span> <span class='ocrx_word' id='word_1_307' title='bbox 1719 3160 1970 3243; x_wconf 89' lang='lat' dir='ltr'>peccent</span> <span class='ocrx_word' id='word_1_308' title='bbox 2008 3161 2199 3223; x_wconf 90' lang='lat' dir='ltr'>etiam</span> <span class='ocrx_word' id='word_1_309' title='bbox 2246 3162 2462 3224; x_wconf 89' lang='lat' dir='ltr'>contra</span> <span class='ocrx_word' id='word_1_310' title='bbox 2508 3160 2711 3236; x_wconf 86' lang='lat' dir='ltr'>fidem,</span> <span class='ocrx_word' id='word_1_311' title='bbox 2761 3161 2900 3225; x_wconf 91' lang='lat' dir='ltr'>inde</span> <span class='ocrx_word' id='word_1_312' title='bbox 2949 3164 3066 3235; x_wconf 89' lang='lat' dir='ltr'>est,</span> 
     </span>
     <span class='ocr_line' id='line_1_29' title="bbox 602 3261 3068 3346; baseline 0.002 -21"><span class='ocrx_word' id='word_1_313' title='bbox 602 3262 768 3344; x_wconf 91' lang='lat' dir='ltr'>quod</span> <span class='ocrx_word' id='word_1_314' title='bbox 798 3261 1099 3345; x_wconf 87' lang='lat' dir='ltr'>obligatio</span> <span class='ocrx_word' id='word_1_315' title='bbox 1132 3262 1412 3326; x_wconf 90' lang='lat' dir='ltr'>credendi</span> <span class='ocrx_word' id='word_1_316' title='bbox 1436 3262 1701 3345; x_wconf 87' lang='lat' dir='ltr'>imponit</span> <span class='ocrx_word' id='word_1_317' title='bbox 1727 3262 2173 3346; x_wconf 88' lang='lat' dir='ltr'>obligationem</span> <span class='ocrx_word' id='word_1_318' title='bbox 2201 3262 2428 3326; x_wconf 89' lang='lat' dir='ltr'>sciendi</span> <span class='ocrx_word' id='word_1_319' title='bbox 2461 3262 2548 3343; x_wconf 90' lang='lat' dir='ltr'>(n.</span> <span class='ocrx_word' id='word_1_320' title='bbox 2585 3263 2720 3346; x_wconf 79' lang='lat'>38.)</span> <span class='ocrx_word' id='word_1_321' title='bbox 2757 3264 3068 3329; x_wconf 87' lang='lat' dir='ltr'>etidcirco</span> 
     </span>
     <span class='ocr_line' id='line_1_30' title="bbox 602 3362 971 3445; baseline -0.008 -17"><span class='ocrx_word' id='word_1_322' title='bbox 602 3362 971 3445; x_wconf 91' lang='lat' dir='ltr'>inquirendi.</span> 
     </span>
    </p>

    <p class='ocr_par' dir='ltr' id='par_1_11' title="bbox 601 3465 3068 3855">
     <span class='ocr_line' id='line_1_31' title="bbox 692 3465 3068 3550; baseline 0.001 -20"><span class='ocrx_word' id='word_1_323' title='bbox 692 3465 885 3530; x_wconf 87' lang='lat' dir='ltr'>Addit</span> <span class='ocrx_word' id='word_1_324' title='bbox 933 3467 1144 3530; x_wconf 89' lang='lat' dir='ltr'>autem</span> <span class='ocrx_word' id='word_1_325' title='bbox 1190 3485 1238 3529; x_wconf 89' lang='grc'>3.</span> <span class='ocrx_word' id='word_1_326' title='bbox 1279 3466 1635 3550; x_wconf 87' lang='lat' dir='ltr'>Alphonsus</span> <span class='ocrx_word' id='word_1_327' title='bbox 1682 3466 1790 3530; x_wconf 89' lang='lat' dir='ltr'>lib.</span> <span class='ocrx_word' id='word_1_328' title='bbox 1833 3467 1891 3528; x_wconf 84' lang='lat'>2.</span> <span class='ocrx_word' id='word_1_329' title='bbox 1927 3487 1985 3530; x_wconf 91' lang='lat' dir='ltr'>n.</span> <span class='ocrx_word' id='word_1_330' title='bbox 2027 3467 2126 3530; x_wconf 86' lang='lat'>10.</span> <span class='ocrx_word' id='word_1_331' title='bbox 2166 3486 2236 3531; x_wconf 80' lang='lat' dir='ltr'>ex</span> <span class='ocrx_word' id='word_1_332' title='bbox 2272 3466 2453 3540; x_wconf 84' lang='lat' dir='ltr'>Viva,</span> <span class='ocrx_word' id='word_1_333' title='bbox 2511 3491 2546 3524; x_wconf 88' lang='lat'>‹&lt;</span> <span class='ocrx_word' id='word_1_334' title='bbox 2593 3466 2758 3549; x_wconf 89' lang='lat' dir='ltr'>quod</span> <span class='ocrx_word' id='word_1_335' title='bbox 2807 3467 3068 3532; x_wconf 87' lang='lat' dir='ltr'>infidelis</span> 
     </span>
     <span class='ocr_line' id='line_1_32' title="bbox 601 3568 3064 3654; baseline 0.001 -21"><span class='ocrx_word' id='word_1_336' title='bbox 601 3588 923 3650; x_wconf 89' lang='lat' dir='ltr'>nunquam</span> <span class='ocrx_word' id='word_1_337' title='bbox 954 3568 1176 3633; x_wconf 86' lang='lat' dir='ltr'>habere</span> <span class='ocrx_word' id='word_1_338' title='bbox 1209 3571 1416 3652; x_wconf 88' lang='lat' dir='ltr'>potest</span> <span class='ocrx_word' id='word_1_339' title='bbox 1464 3589 1672 3633; x_wconf 80' lang='lat' dir='ltr'>veram</span> <span class='ocrx_word' id='word_1_340' title='bbox 1704 3568 2209 3651; x_wconf 85' lang='lat' dir='ltr'>probabilitatem</span> <span class='ocrx_word' id='word_1_341' title='bbox 2241 3588 2389 3633; x_wconf 86' lang='lat' dir='ltr'>suae</span> <span class='ocrx_word' id='word_1_342' title='bbox 2437 3571 2638 3633; x_wconf 84' lang='lat' dir='ltr'>sectae</span> <span class='ocrx_word' id='word_1_343' title='bbox 2686 3570 2815 3633; x_wconf 91' lang='lat' dir='ltr'>sine</span> <span class='ocrx_word' id='word_1_344' title='bbox 2863 3571 3064 3654; x_wconf 90' lang='lat' dir='ltr'>culpa.</span> 
     </span>
     <span class='ocr_line' id='line_1_33' title="bbox 606 3670 3067 3753; baseline 0.001 -19"><span class='ocrx_word' id='word_1_345' title='bbox 606 3670 673 3734; x_wconf 87' lang='lat' dir='ltr'>Si</span> <span class='ocrx_word' id='word_1_346' title='bbox 719 3672 879 3734; x_wconf 92' lang='lat' dir='ltr'>enim</span> <span class='ocrx_word' id='word_1_347' title='bbox 916 3671 1138 3747; x_wconf 87' lang='lat' dir='ltr'>oraret,</span> <span class='ocrx_word' id='word_1_348' title='bbox 1174 3672 1342 3735; x_wconf 89' lang='lat' dir='ltr'>Deus</span> <span class='ocrx_word' id='word_1_349' title='bbox 1393 3673 1622 3753; x_wconf 89' lang='lat' dir='ltr'>absque</span> <span class='ocrx_word' id='word_1_350' title='bbox 1677 3671 1863 3736; x_wconf 90' lang='lat' dir='ltr'>dubio</span> <span class='ocrx_word' id='word_1_351' title='bbox 1918 3672 2267 3736; x_wconf 89' lang='lat' dir='ltr'>infunderet</span> <span class='ocrx_word' id='word_1_352' title='bbox 2311 3670 2522 3735; x_wconf 89' lang='lat' dir='ltr'>lumen</span> <span class='ocrx_word' id='word_1_353' title='bbox 2569 3690 2754 3736; x_wconf 89' lang='lat' dir='ltr'>suum</span> <span class='ocrx_word' id='word_1_354' title='bbox 2803 3672 2874 3736; x_wconf 91' lang='lat' dir='ltr'>de</span> <span class='ocrx_word' id='word_1_355' title='bbox 2923 3693 3067 3736; x_wconf 81' lang='lat' dir='ltr'>vera</span> 
     </span>
     <span class='ocr_line' id='line_1_34' title="bbox 601 3767 1537 3855; baseline -0.002 -19"><span class='ocrx_word' id='word_1_356' title='bbox 601 3773 900 3855; x_wconf 88' lang='lat' dir='ltr'>religione</span> <span class='ocrx_word' id='word_1_357' title='bbox 933 3798 993 3833; x_wconf 84' lang='lat'>».</span> <span class='ocrx_word' id='word_1_358' title='bbox 1530 3767 1537 3770; x_wconf 32' lang='lat'>*</span> 
     </span>
    </p>

    <p class='ocr_par' dir='ltr' id='par_1_12' title="bbox 594 3873 3068 4576">
     <span class='ocr_line' id='line_1_35' title="bbox 693 3873 3068 3958; baseline 0.002 -21"><span class='ocrx_word' id='word_1_359' title='bbox 693 3873 809 3938; x_wconf 89' lang='lat' dir='ltr'>Sed</span> <span class='ocrx_word' id='word_1_360' title='bbox 847 3875 995 3937; x_wconf 87' lang='lat' dir='ltr'>haec</span> <span class='ocrx_word' id='word_1_361' title='bbox 1042 3877 1137 3939; x_wconf 85' lang='lat' dir='ltr'>est</span> <span class='ocrx_word' id='word_1_362' title='bbox 1168 3895 1336 3940; x_wconf 89' lang='lat' dir='ltr'>mera</span> <span class='ocrx_word' id='word_1_363' title='bbox 1369 3876 1471 3958; x_wconf 89' lang='lat' dir='ltr'>pia</span> <span class='ocrx_word' id='word_1_364' title='bbox 1509 3875 1897 3958; x_wconf 85' lang='lat' dir='ltr'>quorundam</span> <span class='ocrx_word' id='word_1_365' title='bbox 1929 3876 2296 3940; x_wconf 86' lang='lat' dir='ltr'>coniectatio</span> <span class='ocrx_word' id='word_1_366' title='bbox 2330 3875 2469 3939; x_wconf 89' lang='lat' dir='ltr'>inde</span> <span class='ocrx_word' id='word_1_367' title='bbox 2518 3878 2674 3953; x_wconf 85' lang='lat' dir='ltr'>orta,</span> <span class='ocrx_word' id='word_1_368' title='bbox 2725 3878 2890 3958; x_wconf 92' lang='lat' dir='ltr'>quod</span> <span class='ocrx_word' id='word_1_369' title='bbox 2939 3881 3068 3943; x_wconf 88' lang='lat' dir='ltr'>sta-</span> 
     </span>
     <span class='ocr_line' id='line_1_36' title="bbox 601 3976 3068 4063; baseline 0.001 -21"><span class='ocrx_word' id='word_1_370' title='bbox 601 3981 741 4042; x_wconf 87' lang='lat' dir='ltr'>tum</span> <span class='ocrx_word' id='word_1_371' title='bbox 786 3976 1147 4054; x_wconf 89' lang='lat' dir='ltr'>infidelium,</span> <span class='ocrx_word' id='word_1_372' title='bbox 1197 3978 1648 4043; x_wconf 87' lang='lat' dir='ltr'>haereticorum</span> <span class='ocrx_word' id='word_1_373' title='bbox 1687 3979 1750 4041; x_wconf 89' lang='lat' dir='ltr'>et</span> <span class='ocrx_word' id='word_1_374' title='bbox 1782 3977 2319 4042; x_wconf 86' lang='lat' dir='ltr'>schismaticorum</span> <span class='ocrx_word' id='word_1_375' title='bbox 2353 3979 2472 4042; x_wconf 89' lang='lat' dir='ltr'>sibi</span> <span class='ocrx_word' id='word_1_376' title='bbox 2512 3979 2836 4063; x_wconf 88' lang='lat' dir='ltr'>effingunt,</span> <span class='ocrx_word' id='word_1_377' title='bbox 2886 3981 3068 4063; x_wconf 89' lang='lat' dir='ltr'>quasi</span> 
     </span>
     <span class='ocr_line' id='line_1_37' title="bbox 603 4079 3067 4164; baseline 0.001 -21"><span class='ocrx_word' id='word_1_378' title='bbox 603 4080 669 4144; x_wconf 90' lang='lat' dir='ltr'>hi</span> <span class='ocrx_word' id='word_1_379' title='bbox 693 4082 1069 4164; x_wconf 85' lang='lat' dir='ltr'>cognoscant</span> <span class='ocrx_word' id='word_1_380' title='bbox 1100 4080 1341 4145; x_wconf 83' lang='lat' dir='ltr'>statum</span> <span class='ocrx_word' id='word_1_381' title='bbox 1374 4099 1576 4155; x_wconf 86' lang='lat' dir='ltr'>suum,</span> <span class='ocrx_word' id='word_1_382' title='bbox 1597 4079 1806 4162; x_wconf 89' lang='lat' dir='ltr'>prouti</span> <span class='ocrx_word' id='word_1_383' title='bbox 1839 4081 2234 4163; x_wconf 86' lang='lat' dir='ltr'>cognosceret</span> <span class='ocrx_word' id='word_1_384' title='bbox 2258 4080 2443 4144; x_wconf 90' lang='lat' dir='ltr'>homo</span> <span class='ocrx_word' id='word_1_385' title='bbox 2471 4081 2927 4146; x_wconf 77' lang='lat' dir='ltr'>cathedraticas</span> <span class='ocrx_word' id='word_1_386' title='bbox 2953 4085 3067 4146; x_wconf 88' lang='lat' dir='ltr'>aut</span> 
     </span>
     <span class='ocr_line' id='line_1_38' title="bbox 602 4180 3066 4265; baseline 0.001 -19"><span class='ocrx_word' id='word_1_387' title='bbox 602 4184 828 4265; x_wconf 87' lang='lat' dir='ltr'>degens</span> <span class='ocrx_word' id='word_1_388' title='bbox 861 4183 924 4246; x_wconf 92' lang='lat' dir='ltr'>in</span> <span class='ocrx_word' id='word_1_389' title='bbox 957 4183 1186 4247; x_wconf 88' lang='lat' dir='ltr'>nostris</span> <span class='ocrx_word' id='word_1_390' title='bbox 1225 4181 1501 4245; x_wconf 89' lang='lat' dir='ltr'>urbibus.</span> <span class='ocrx_word' id='word_1_391' title='bbox 1529 4180 1723 4262; x_wconf 86' lang='lat' dir='ltr'>Atqui</span> <span class='ocrx_word' id='word_1_392' title='bbox 1757 4181 1938 4244; x_wconf 88' lang='lat' dir='ltr'>rudes</span> <span class='ocrx_word' id='word_1_393' title='bbox 1971 4201 2042 4245; x_wconf 80' lang='lat' dir='ltr'>ex</span> <span class='ocrx_word' id='word_1_394' title='bbox 2074 4184 2404 4264; x_wconf 86' lang='lat' dir='ltr'>parentum</span> <span class='ocrx_word' id='word_1_395' title='bbox 2436 4184 2499 4246; x_wconf 89' lang='lat' dir='ltr'>et</span> <span class='ocrx_word' id='word_1_396' title='bbox 2531 4182 2880 4248; x_wconf 90' lang='lat' dir='ltr'>doctiorum</span> <span class='ocrx_word' id='word_1_397' title='bbox 2904 4186 3066 4249; x_wconf 87' lang='lat' dir='ltr'>inter</span> 
     </span>
     <span class='ocr_line' id='line_1_39' title="bbox 600 4284 3066 4368; baseline 0.001 -18"><span class='ocrx_word' id='word_1_398' title='bbox 600 4304 704 4350; x_wconf 88' lang='lat' dir='ltr'>eos</span> <span class='ocrx_word' id='word_1_399' title='bbox 738 4286 1113 4350; x_wconf 86' lang='lat' dir='ltr'>auctoritate</span> <span class='ocrx_word' id='word_1_400' title='bbox 1146 4284 1498 4348; x_wconf 87' lang='lat' dir='ltr'>detinentur</span> <span class='ocrx_word' id='word_1_401' title='bbox 1544 4285 1654 4358; x_wconf 85' lang='lat' dir='ltr'>ita,</span> <span class='ocrx_word' id='word_1_402' title='bbox 1691 4285 1764 4346; x_wconf 87' lang='lat' dir='ltr'>ut</span> <span class='ocrx_word' id='word_1_403' title='bbox 1798 4284 1898 4346; x_wconf 83' lang='lat' dir='ltr'>vix</span> <span class='ocrx_word' id='word_1_404' title='bbox 1936 4286 2047 4347; x_wconf 84' lang='lat' dir='ltr'>aut</span> <span class='ocrx_word' id='word_1_405' title='bbox 2085 4305 2159 4348; x_wconf 91' lang='lat' dir='ltr'>ne</span> <span class='ocrx_word' id='word_1_406' title='bbox 2197 4285 2296 4349; x_wconf 82' lang='lat' dir='ltr'>vix</span> <span class='ocrx_word' id='word_1_407' title='bbox 2331 4286 2578 4368; x_wconf 89' lang='lat' dir='ltr'>quidem</span> <span class='ocrx_word' id='word_1_408' title='bbox 2611 4287 2929 4364; x_wconf 87' lang='lat' dir='ltr'>dubitent;</span> <span class='ocrx_word' id='word_1_409' title='bbox 2966 4308 3066 4353; x_wconf 89' lang='lat' dir='ltr'>ne·</span> 
     </span>
     <span class='ocr_line' id='line_1_40' title="bbox 595 4385 3061 4473; baseline 0.002 -22"><span class='ocrx_word' id='word_1_410' title='bbox 595 4387 747 4452; x_wconf 84' lang='lat' dir='ltr'>dum</span> <span class='ocrx_word' id='word_1_411' title='bbox 784 4388 1007 4451; x_wconf 87' lang='lat' dir='ltr'>habere</span> <span class='ocrx_word' id='word_1_412' title='bbox 1039 4386 1280 4469; x_wconf 87' lang='lat' dir='ltr'>possint</span> <span class='ocrx_word' id='word_1_413' title='bbox 1328 4385 1527 4449; x_wconf 87' lang='lat' dir='ltr'>solam</span> <span class='ocrx_word' id='word_1_414' title='bbox 1575 4385 2096 4468; x_wconf 76' lang='lat' dir='ltr'>probabilitatem.</span> <span class='ocrx_word' id='word_1_415' title='bbox 2150 4386 2478 4453; x_wconf 86' lang='lat' dir='ltr'>Praeterea</span> <span class='ocrx_word' id='word_1_416' title='bbox 2527 4390 2600 4452; x_wconf 90' lang='lat' dir='ltr'>ut</span> <span class='ocrx_word' id='word_1_417' title='bbox 2646 4389 2828 4473; x_wconf 86' lang='lat' dir='ltr'>culpa</span> <span class='ocrx_word' id='word_1_418' title='bbox 2877 4390 3061 4469; x_wconf 88' lang='lat' dir='ltr'>adsit,</span> 
     </span>
     <span class='ocr_line' id='line_1_41' title="bbox 594 4486 3065 4576; baseline 0.002 -22"><span class='ocrx_word' id='word_1_419' title='bbox 594 4509 836 4554; x_wconf 86' lang='lat' dir='ltr'>necesse</span> <span class='ocrx_word' id='word_1_420' title='bbox 884 4490 996 4563; x_wconf 86' lang='lat' dir='ltr'>est,</span> <span class='ocrx_word' id='word_1_421' title='bbox 1034 4489 1106 4551; x_wconf 88' lang='lat' dir='ltr'>ut</span> <span class='ocrx_word' id='word_1_422' title='bbox 1140 4486 1585 4570; x_wconf 86' lang='lat' dir='ltr'>obligationem</span> <span class='ocrx_word' id='word_1_423' title='bbox 1622 4486 1834 4550; x_wconf 85' lang='lat' dir='ltr'>orandi</span> <span class='ocrx_word' id='word_1_424' title='bbox 1870 4490 2158 4553; x_wconf 85' lang='lat' dir='ltr'>noscant:</span> <span class='ocrx_word' id='word_1_425' title='bbox 2214 4493 2402 4574; x_wconf 86' lang='lat' dir='ltr'>atque</span> <span class='ocrx_word' id='word_1_426' title='bbox 2457 4491 2607 4554; x_wconf 87' lang='lat' dir='ltr'>adeo</span> <span class='ocrx_word' id='word_1_427' title='bbox 2659 4493 2808 4555; x_wconf 85' lang='lat' dir='ltr'>haec</span> <span class='ocrx_word' id='word_1_428' title='bbox 2841 4513 3065 4576; x_wconf 87' lang='lat' dir='ltr'>suppo-</span> 
     </span>
    </p>
   </div>
   <div class='ocr_carea' id='block_1_9' title="bbox 595 4588 1711 4670">
    <p class='ocr_par' dir='ltr' id='par_1_13' title="bbox 595 4588 1711 4670">
     <span class='ocr_line' id='line_1_42' title="bbox 595 4588 1711 4670; baseline -0.004 -15"><span class='ocrx_word' id='word_1_429' title='bbox 595 4594 754 4655; x_wconf 88' lang='lat' dir='ltr'>nunt</span> <span class='ocrx_word' id='word_1_430' title='bbox 786 4589 867 4668; x_wconf 89' lang='lat' dir='ltr'>id,</span> <span class='ocrx_word' id='word_1_431' title='bbox 900 4588 1064 4670; x_wconf 92' lang='lat' dir='ltr'>quod</span> <span class='ocrx_word' id='word_1_432' title='bbox 1097 4590 1193 4652; x_wconf 91' lang='lat' dir='ltr'>est</span> <span class='ocrx_word' id='word_1_433' title='bbox 1238 4589 1300 4651; x_wconf 90' lang='lat' dir='ltr'>in</span> <span class='ocrx_word' id='word_1_434' title='bbox 1332 4588 1711 4668; x_wconf 89' lang='lat' dir='ltr'>quaestione.</span> 
     </span>
    </p>
   </div>
   <div class='ocr_carea' id='block_1_10' title="bbox 3492 4358 3497 5106">
    <p class='ocr_par' dir='ltr' id='par_1_14' title="bbox 3492 4358 3497 5106">
     <span class='ocr_line' id='line_1_43' title="bbox 3492 4358 3497 5106; baseline 0 0"><span class='ocrx_word' id='word_1_435' title='bbox 3492 4358 3497 5106; x_wconf 95' lang='lat' dir='ltr'> </span> 
     </span>
    </p>
   </div>
  </div>
 </body>
</html>
