3497 5147
393 329 580 404 [1019]
1083 338 1330 380 3313311113
1366 340 1688 382 mximum
1724 341 2180 385 nonsummum
2761 330 2868 386 753

487 434 1036 509 1018.Ο31313333
1060 453 1424 517 comparans
1448 438 2058 522 consanguinitatem
2076 460 2217 505 cum
2237 440 2545 505 affinitate
2567 442 2864 520 affirmat,

395 563 470 608 ex
494 541 778 606 doctrina
816 558 862 604 s.
899 537 1174 602 Thomae
1200 535 1276 600 ad
1304 539 1410 614 2¹¹¹,
1436 539 1634 621 specie
1666 559 1790 604 non
1822 540 2062 606 differre
2093 541 2402 608 incestum
2433 562 2576 608 cum
2600 563 2865 627 persona

395 643 857 728 consanguinea
881 640 958 704 ab
982 641 1224 705 incestu
1254 659 1397 703 cum
1423 640 1628 717 affini3
1669 642 1819 725 quia
1852 643 2125 709 affinitas
2158 644 2314 709 nihil
2353 645 2524 710 aliud
2558 648 2653 710 est
2677 665 2868 728 quam

397 746 703 829 quaedam
749 743 1258 827 consanguinitas
1305 743 1506 806 carnis
1553 762 1721 820 suae,
1773 763 1892 809 non
1942 747 2192 828 quidem
2238 749 2491 831 propter
2539 748 2862 833 originem,

398 850 503 914 sed
552 849 802 932 propter
847 845 1081 911 coitum
1131 863 1202 908 ac
1248 864 1356 928 per
1401 845 1518 910 hoc
1555 846 1885 928 utrobique
1919 850 2014 913 est
2059 848 2404 914 indecentia
2443 849 2716 914 eiusdem
2765 869 2865 914 ra-

395 952 604 1028 113313,
640 949 875 1015 33111331
920 949 1154 1013 violare
1200 947 1809 1032 consanguinitatem
1869 951 2070 1015 carnis
2125 970 2293 1029 suae,
2334 953 2621 1034 quamvis
2670 953 2867 1017 diver-

399 1055 633 1120 simode
680 1074 823 1119 caro
872 1074 978 1137 per
1007 1053 1469 1138 generationem
1518 1055 1769 1138 accepta
1808 1058 1871 1120 et
1901 1076 2008 1139 per
2045 1057 2547 1123 commixtionem
2596 1058 2681 1124 sit
2727 1079 2860 1124 sua.

400 1157 541 1222 Sive
573 1159 647 1221 ut
678 1158 770 1221 ait
800 1156 1000 1240 Lugo‚
1032 1155 1108 1219 de
1130 1155 1383 1220 Poenit.
1418 1155 1477 1220 d.
1522 1156 1623 1219 16.
1664 1155 1927 1232 n.'316.‚
1962 1160 2112 1240 quia
2141 1160 2554 1225 materialiter
2585 1180 2650 1225 se
2673 1161 2863 1225 habet

400 1260 566 1343 quod
612 1259 963 1325 coniunctio
1013 1258 1252 1322 oriatur
1298 1277 1370 1322 ex
1413 1258 1811 1342 generatione
1863 1263 1975 1324 aut
2021 1280 2093 1325 ex
2130 1261 2553 1339 matrimonio,
2603 1282 2748 1327 cum
2796 1282 2868 1327 ex

400 1361 614 1427 eodem
644 1361 883 1425 motivo
915 1360 1319 1442 prohibeatur
1342 1359 1565 1442 copula
1590 1379 1731 1424 cum
1768 1363 2241 1447 consanguineis
2274 1382 2346 1429 ac
2377 1383 2519 1428 cum
2552 1364 2862 1428 affinibus.

490 1463 608 1529 Sed
646 1461 981 1528 Caietanus
1011 1481 1136 1527 non
1167 1461 1335 1538 dicit,
1385 1461 1691 1527 incestum
1739 1463 1901 1528 inter
1947 1467 2234 1546 parentes
2281 1467 2346 1530 et
2390 1465 2555 1530 filios
2593 1466 2867 1531 eiusdem

401 1587 530 1633 esse
563 1566 785 1650 speciei
817 1585 959 1629 cum
982 1564 1201 1629 ceteris
1234 1563 1610 1629 incestibus:
1644 1564 1796 1629 dicit
1829 1585 1861 1629 e
1898 1567 2210 1631 contrario
2247 1567 2412 1631 hunc
2443 1568 2712 1632 vetitum
2738 1587 2867 1633 esse

401 1671 536 1755 lege
573 1668 869 1747 naturali,
918 1668 1173 1743 3313133,
1224 1666 1548 1749 supposita
1580 1667 1797 1749 utique
1832 1668 2043 1750 aliqua
2073 1669 2309 1734 maiore
2341 1670 2453 1733 aut
2490 1669 2726 1734 minore
2775 1670 2868 1733 in-

402 1773 677 1837 decentia
709 1770 1004 1845 naturali,
1055 1769 1282 1833 vetitos
1330 1786 1460 1833 esse
1491 1769 1556 1833 vi
1605 1769 1868 1834 alicuius
1901 1770 2058 1855 legis
2095 1771 2402 1854 positivae
2433 1773 2497 1835 et
2543 1773 2870 1855 propterea

403 1874 614 1939 subdit
642 1874 706 1939 in
737 1874 879 1951 fine,
904 1871 1069 1954 quod
1106 1871 1278 1953 Papa
1311 1871 1518 1953 potest
1539 1871 1891 1953 dispensare
1915 1890 2056 1936 cum
2093 1873 2381 1937 omnibus
2412 1874 2691 1955 personis
2723 1892 2868 1938 con-

402 1977 649 2052 iunctis,
699 1974 819 2039 nisi
865 1993 1007 2040 cum
1051 1974 1254 2037 matre
1301 1976 1366 2038 et
1411 1973 1608 2055 patre,
1668 1974 1743 2036 ut
1788 1974 2262 2039 matrimonium
2317 1975 2743 2040 contrahatur.
2786 1976 2867 2039 Et

403 2100 548 2146 33113
595 2079 857 2163 speciale
905 2079 1002 2142 est
1044 2077 1355 2142 motivum
1401 2076 1750 2159 prohibitae
1796 2077 1984 2142 1111133
2032 2078 2484 2144 coniunctionis
2519 2080 2865 2145 reverentia

402 2181 610 2247 debita
647 2180 1007 2265 parentibus
1045 2182 1109 2244 et
1139 2179 1305 2255 filiis,
1340 2197 1499 2260 quae
1530 2197 1653 2244 non
1685 2182 1783 2244 331
1821 2180 2095 2244 3133113111
2124 2181 2387 2246 rationis
2421 2200 2492 2245 ac
2520 2182 2866 2245 reverentia

403 2284 611 2348 debita
658 2283 877 2349 ceteris
923 2281 1287 2347 coniunctis.
1335 2280 1760 2346 Nihilominus
1811 2281 1886 2345 cf.
1937 2281 2191 2347 dicenda
2237 2283 2302 2346 in
2348 2284 2428 2347 tr.
2468 2282 2544 2347 de
2583 2281 2863 2347 Sacram.

403 2386 657 2452 Poem’t.
692 2386 807 2450 sub
841 2385 899 2468 ξ.
938 2384 1170 2448 XXVI.

491 2490 574 2553 Et
609 2490 761 2554 haec
806 2489 902 2553 est
946 2487 1227 2553 doctrina
1274 2485 1334 2551 S.
1374 2485 1559 2569 Alph.
1600 2506 1660 2549 n.
1701 2485 1876 2561 448„
1911 2487 2228 2568 probabile
2267 2506 2416 2565 esse,
2449 2487 2616 2569 quod
2655 2506 2867 2553 omnes

403 2594 673 2659 incestus
698 2594 861 2658 inter
883 2590 1371 2675 consanguineos
1396 2590 1525 2654 sint
1549 2590 1825 2654 eiusdem
1851 2590 2091 2673 speciei,
2119 2592 2368 2675 excepto
2394 2592 2645 2656 tantum
2669 2593 2867 2675 primo

404 2696 603 2781 gradu
627 2693 1189 2780 consanguinitatis
1209 2693 1273 2757 in
1295 2693 1460 2757 linea
1477 2694 1665 2765 recta,
1690 2692 1843 2756 item
1872 2712 1932 2755 n.
1969 2694 2120 2757 449.
2161 2693 2325 2776 quod
2351 2694 2623 2759 eiusdem
2647 2696 2870 2778 speciei

404 2798 532 2862 sint
567 2799 838 2863 incestus
885 2816 1028 2862 cum
1075 2794 1547 2878 consanguineis
1598 2795 1660 2858 et
1708 2813 1851 2858 cum
1885 2794 2193 2860 affinibus.
2245 2797 2318 2860 In
2363 2795 2522 2860 libro
2556 2798 2767 2861 autem
2808 2797 2868 2860 6.

406 2920 506 2964 nn.
542 2900 691 2964 469.
719 2900 869 2963 470.
894 2917 1018 2963 non
1050 2896 1311 2962 discedit
1342 2896 1419 2960 ab
1450 2895 1568 2959 hac
1602 2894 1904 2968 doctrina,
1941 2895 2060 2959 nisi
2084 2898 2392 2977 quatenus
2417 2897 2624 2974 addit;
2650 2900 2872 2981 putare

406 3019 470 3066 se
508 3001 930 3086 excipiendum
969 3019 1100 3066 esse
1131 3018 1203 3065 ex
1240 2998 1598 3075 incestibus,
1647 2998 1756 3080 qui
1804 3001 1951 3062 sunt
1989 2998 2152 3064 inter
2189 2999 2422 3075 31111133,
2455 3001 2761 3067 incestum
2808 3003 2872 3066 in

405 3106 605 3189 primo
653 3105 874 3192 gradu,
914 3124 1129 3188 nempe
1176 3103 1339 3168 inter
1383 3101 1739 3187 privignum
1791 3104 1853 3166 et
1885 3120 2212 3167 novercam
2247 3103 2352 3185 (cf.
2391 3104 2448 3167 1.
2483 3102 2623 3169 Cor.
2664 3124 2723 3169 r.
2764 3106 2871 3188 1.),

405 3208 568 3274 1113111
615 3209 713 3274 1113
756 3209 920 3274 inter
966 3205 1258 3271 vitricum
1305 3205 1369 3269 et
1414 3204 1787 3289 privignam,
1819 3204 1983 3268 inter
2014 3223 2294 3269 socerum
2328 3206 2392 3267 et
2421 3224 2666 3283 nurum,
2717 3206 2871 3270 adde

405 3310 567 3376 inter
597 3330 843 3377 socrum
876 3310 940 3374 et
970 3326 1285 3392 generum.
1321 3304 1481 3385 Quia
1506 3305 1787 3371 debitum
1822 3306 2218 3384 reverentiae,
2253 3306 2419 3387 quod
2442 3307 2538 3370 est
2557 3308 2869 3371 motivum

407 3415 668 3499 speciale
702 3410 1063 3497 prohibendi
1087 3428 1484 3493 congressum
1509 3410 1836 3491 parentum
1869 3427 2010 3472 cum
2034 3408 2198 3485 filiis,
2227 3410 2323 3472 est
2346 3408 2536 3472 etiam
2558 3410 2869 3473 motivum

407 3516 771 3598 prohibendi
800 3514 955 3578 istas
988 3510 1474 3576 commixtiones.
1503 3507 1705 3574 Ceteri
1731 3513 1942 3573 autem
1975 3510 2247 3574 incestus
2285 3509 2447 3573 inter
2477 3508 2690 3573 affines
2724 3512 2870 3573 sunt

409 3618 683 3682 eiusdem
721 3615 963 3699 speciei.

503 3716 688 3791 1019.
739 3717 880 3783 Non
926 3737 1050 3781 una
1097 3733 1337 3799 semper
1383 3713 1504 3777 fuit
1544 3713 1928 3778 enumeratio
1968 3713 2281 3797 graduum
2312 3712 2872 3796 consanguinitatis

411 3825 474 3887 et
522 3821 883 3886 affinitatis:
932 3820 994 3884 id
1042 3820 1206 3884 enim
1245 3838 1282 3882 a
1319 3816 1589 3901 positiva
1635 3816 1772 3900 lege
1810 3815 2054 3900 pendet,
2083 3818 2157 3880 ut
2205 3815 2295 3880 ait
2327 3835 2376 3879 3.
2411 3816 2705 3881 Τ11311133.
2739 3814 2873 3894 Quo

411 3926 485 3990 fit
518 3928 590 3990 ut
627 3923 980 4008 praeteritis
1010 3921 1412 4004 temporibuS,
1454 3938 1595 3984 cum
1628 3918 1898 4001 amplius
1939 3920 2104 3982 esset
2134 3919 2398 3982 stemma
2447 3918 2877 4003 consanguini-

412 4029 565 4094 tatis
598 4029 661 4093 et
709 4024 1054 4102 affinitatiS,
1103 4025 1356 4107 quidam
1403 4022 1791 4106 peccaverint
1838 4022 2054 4086 contra
2089 4022 2386 4105 pietatem
2425 4020 2718 4097 debitam,
2768 4022 2877 4103 qui

411 4152 575 4198 nunc
604 4149 727 4197 non
758 4129 1097 4213 peccarent.
1147 4127 1360 4210 Neque
1395 4127 1459 4191 in
1492 4126 1608 4191 hac
1638 4144 1704 4190 re
1737 4123 1976 4206 aliquid
2010 4126 2107 4188 est
2138 4123 2493 4189 absurdum.
2528 4121 2694 4187 Nam
2731 4141 2876 4188 cum

410 4236 684 4303 Ecclesia
715 4237 779 4301 et
814 4232 1158 4319 generatim
1188 4231 1513 4315 legislator
1545 4228 1779 4311 aliquid
1807 4227 2125 4312 praecipit,
2151 4228 2330 4311 ponit
2350 4226 2681 4292 materiam
2705 4246 2874 4310 prae-

409 4342 653 4425 ceptam
690 4339 755 4403 in
793 4355 865 4402 33
898 4334 1094 4419 specie
1126 4333 1401 4408 virtutis,
1428 4334 1677 4415 propter
1713 4350 1901 4414 quam
1941 4330 2098 4395 illud
2121 4329 2455 4414 praecipit:
2497 4330 2549 4395 si
2583 4349 2725 4395 vero
2751 4349 2873 4395 non

410 4442 727 4526 praecipit,
763 4460 905 4505 cum
936 4437 1094 4502 illud
1126 4456 1232 4520 per
1262 4454 1326 4500 se
1357 4452 1480 4500 non
1504 4434 1589 4499 sit
1618 4433 1683 4499 in
1708 4454 1781 4498 ea
1812 4433 2009 4518 specie
2035 4431 2310 4510 virtutiS,
2337 4431 2552 4513 nequit
2583 4433 2689 4514 qui
2713 4432 2869 4497 illud

411 4546 612 4630 ipsum
653 4545 808 4631 agit,
841 4560 1091 4627 peccare
1128 4541 1346 4604 contra
1383 4557 1520 4602 eam
1551 4537 1870 4602 virtutem.

572 4667 611 4711 B
612 4679 858 4711 ιιιιιιιι
877 4689 930 4699 -
951 4662 1118 4709 norat.
1149 4663 1285 4706 Tom.
1315 4659 1384 4703 11.
1799 4688 1808 4699 =
2648 4656 2704 4699 48
