3497 5147
684 381 793 436 738
867 393 1078 434 macr.
1100 393 1181 432 VI.
1205 391 1363 433 sacr.
1389 393 1467 432 vr.
1498 392 1581 431 ms
1602 388 1793 431 snm-o
1820 390 1899 429 m·
1918 388 2080 429 Nouo
2106 388 2323 429 Panno.
2352 386 2679 429 ochmm.
2700 387 2842 430 nnn.
2875 386 2914 427 1.
2972 371 3154 447 [1001]

870 513 907 547 «
941 485 1010 552 2⁰
1049 487 1221 552 Idem
1267 488 1457 553 dicito
1498 487 1570 552 de
1619 488 1826 559 Perez,
1877 486 1984 568 qui
2016 485 2166 550 dum
2197 484 2271 548 de
2309 485 2602 548 Matrim.
2636 484 2792 567 disp.
2828 484 2888 547 8.
2915 485 3062 548 sect.
3091 484 3150 548 6.

687 614 746 657 11.
788 592 844 655 7.
873 590 946 655 de
970 590 1151 675 gravi
1175 589 1433 654 damnat
1456 589 1932 653 delectationem
1961 588 2376 664 libidinosam,
2404 606 2564 670 quae
2595 588 2691 652 est
2723 586 3027 669 quaedam
3059 606 3157 651 co-

688 695 872 778 pulae
917 693 1255 770 inchoati0,
1290 692 1765 757 delectationem
1812 691 2022 755 tamen
2070 710 2141 755 ex
2189 689 2416 755 osculis
2463 692 2818 772 perceptam
2847 689 2930 753 ib.
2980 709 3038 753 n.
3088 691 3150 752 4.

689 796 932 880 sponsis
979 814 1090 860 ceu
1135 796 1377 860 licitam
1422 794 1718 860 concedit.
1783 793 1874 856 En
1935 793 2124 858 verba
2170 794 2354 858 Perez
2410 793 2452 856 1.
2495 812 2576 857 c.:
2613 830 2697 839 -
2730 793 2884 858 Dico
2933 793 3152 876 primo,

691 902 931 964 certum
978 917 1108 964 esse
1157 897 1319 980 apud
1373 916 1583 962 omnes
1621 897 1942 972 Doctores,
1978 895 2188 960 oscula
2221 895 2554 979 praedicta,
2609 895 2928 978 amplexus
2957 897 3020 960 et
3065 898 3160 959 ta-

693 1004 833 1065 ctus
881 1019 1002 1065 non
1049 999 1394 1082 impudicos
1440 999 1608 1063 licite
1656 998 1788 1063 fieri
1835 999 1998 1062 inter
2042 1016 2300 1081 sponsos
2332 997 2406 1061 de
2444 997 2678 1076 futuro,
2715 998 2962 1081 quando
2997 997 3158 1062 fiunt

696 1105 759 1166 in
808 1103 1057 1186 signum
1105 1101 1565 1164 benevolentiae
1612 1099 1948 1165 secundum
1996 1100 2503 1165 consuetudinem
2541 1100 2800 1183 patriae,
2851 1100 2928 1164 ad
2963 1101 3161 1165 conci-

694 1204 975 1269 liandum
1024 1206 1088 1267 et
1133 1202 1465 1268 fovendum
1513 1207 1808 1267 mutuum
1856 1221 2130 1267 amorem
2175 1203 2240 1266 in
2290 1204 2500 1269 ordine
2562 1203 2639 1267 ad
2686 1203 3156 1268 matrimonium

694 1305 1248 1372 contrahendum...
1300 1304 1475 1369 Unde
1523 1305 1751 1389 colligo
1799 1325 1942 1369 cum
1989 1305 2318 1388 praedictis
2372 1307 2508 1371 DD.
2561 1306 3032 1371 delectationem
3087 1325 3160 1370 ex

693 1410 847 1493 ipsis
895 1408 1252 1490 sequentem
1300 1426 1430 1472 esse
1476 1407 1718 1472 licitam
1765 1407 1829 1470 et
1888 1406 2233 1472 honestam.
2283 1443 2313 1456 -
2360 1409 2495 1473 Imo
2543 1408 2726 1472 Perez
2788 1407 2936 1471 ibid.
2987 1427 3045 1471 n.
3095 1410 3156 1472 5.

690 1512 903 1576 addit:
935 1546 959 1557 -
989 1509 1181 1588 Adde,
1217 1510 1530 1592 praedicta
1564 1509 1797 1584 oscula,
1838 1509 2191 1592 complexus
2229 1511 2294 1573 et
2324 1511 2534 1576 tactus
2581 1529 2713 1574 esse
2761 1510 2954 1574 etiam
2983 1510 3158 1574 licita

696 1614 774 1679 ob
807 1613 991 1678 finem
1040 1612 1445 1695 praedictum,
1486 1611 1735 1674 etiamsi
1784 1610 1949 1676 adsit
1995 1610 2338 1693 periculum
2385 1613 2770 1695 pollutioniS,
2818 1612 3002 1677 modo
3037 1631 3156 1677 non

692 1716 861 1780 adsit
886 1715 1229 1799 periculum
1254 1732 1586 1778 consensus
1618 1713 1682 1776 in
1715 1713 2189 1778 delectationem
2215 1715 2565 1779 sensualem
2601 1733 2671 1778 ac
2704 1734 3024 1779 veneream
3047 1751 3071 1762 -
3095 1742 3157 1778 ».

880 1842 915 1876 «
947 1815 1027 1893 3⁰,
1050 1816 1365 1880 Bonacina
1414 1818 1621 1879 autem
1657 1814 1731 1877 de
1757 1815 1963 1878 Blatr.
1998 1835 2056 1896 q.
2100 1817 2159 1878 4.
2197 1818 2406 1898 punct.
2449 1818 2510 1879 9.
2551 1837 2611 1880 n.
2653 1816 2713 1880 6.
2748 1818 2812 1881 et
2843 1817 3160 1882 Mazzotta

694 1922 773 1984 tr.
819 1921 876 1983 7.
911 1919 1065 2001 disp.
1109 1920 1168 1982 2.
1205 1920 1263 1981 9.
1307 1920 1367 1981 2.
1394 1937 1526 2000 cap.
1562 1918 1622 1981 2.
1664 1937 1722 1999 q.
1763 1918 1820 1979 1.
1855 1918 2187 1998 utramque
2219 1918 2587 1982 sententiam
2635 1918 3162 1999 dicuntprobabi-

693 2021 835 2084 lem.
870 2021 961 2084 En
1010 2021 1196 2085 verba
1241 2019 1560 2084 Mazzotta
1586 2019 1626 2082 1.
1664 2038 1745 2082 c.:
1781 2055 1804 2065 -
1835 2019 2196 2101 Respondeo
2231 2038 2372 2082 cum
2397 2020 2580 2084 Perez
2606 2022 2670 2084 et
2701 2020 2861 2096 aliis,
2897 2024 3046 2085 tunc
3091 2023 3163 2086 li-

694 2144 849 2200 cere,
899 2122 1145 2205 quando
1192 2122 1348 2186 fiant
1392 2123 1455 2185 in
1506 2121 1756 2206 signum
1789 2121 2250 2186 benevolentiae
2282 2120 2620 2185 secundum
2651 2123 3161 2188 consuetudinem

694 2225 953 2309 patriae,
989 2224 1067 2289 ad
1099 2223 1554 2289 conciliandum
1602 2226 1664 2288 et
1709 2222 2045 2288 fovendum
2091 2226 2382 2288 mutuum
2418 2242 2691 2287 amorem
2741 2224 2805 2288 in
2840 2225 3050 2291 ordine
3084 2226 3162 2291 ad

693 2327 1168 2392 matrimonium
1215 2325 1738 2402 contrahendum:
1790 2327 1937 2408 quia
1984 2326 2072 2390 sic
2118 2344 2241 2389 non
2280 2326 2485 2389 solum
2525 2345 2646 2391 non
2679 2329 2938 2410 apparet
2969 2330 3164 2412 turpi-

695 2432 869 2508 tudo,
909 2450 1125 2495 verum
1159 2430 1351 2493 etiam
1392 2428 1568 2492 adest
1597 2428 1737 2493 finis
1771 2428 2088 2492 honestus.
2124 2428 2299 2507 Quod
2335 2447 2550 2492 verum
2583 2431 2696 2506 est,
2723 2429 2929 2512 inquit
2951 2432 3156 2506 Perez,

696 2533 948 2598 etiamsi
995 2533 1058 2597 in
1105 2550 1254 2596 casu
1300 2532 1543 2611 praeter
1599 2530 2007 2595 intentionem
2071 2531 2370 2612 sequatur
2429 2532 2765 2597 commotio
2825 2532 3161 2617 spirituum

692 2640 813 2700 aut
864 2636 1054 2699 etiam
1104 2632 1391 2715 pollutio,
1426 2631 1610 2696 modo
1641 2650 1765 2696 non
1800 2632 1965 2697 adsit
2011 2633 2355 2715 periculum
2389 2651 2719 2698 consensus
2756 2635 3039 2700 inillam.
3073 2638 3162 2701 At

692 2739 747 2801 si
785 2737 938 2800 fiant
971 2735 1049 2800 ob
1087 2734 1559 2799 delectationem
1607 2735 1982 2799 carnalem...
2033 2754 2192 2818 quae
2239 2735 2422 2799 sonat
2467 2734 2939 2802 delectationem
2988 2758 3160 2803 vene-

697 2857 957 2913 ream...,
998 2837 1180 2921 longe
1205 2837 1585 2919 probabilius
1619 2837 2055 2903 contradicunt
2087 2840 2200 2901 etc.
2235 2871 2265 2884 -
2290 2862 2350 2900 ».

880 2964 916 2998 «
965 2941 1035 3002 40
1083 2938 1307 3004 Suarez
1356 2940 1430 3004 de
1478 2939 1662 3005 Peee.
1697 2940 1854 3024 disp.
1884 2944 1942 3005 5.
1974 2943 2119 3005 sect.
2154 2941 2211 3003 7.
2240 2960 2299 3004 n.
2333 2943 2434 3005 12.
2475 2945 2537 3006 et
2568 2943 2758 3006 Henr.
2810 2942 3155 3025 Henriquez

698 3042 807 3106 lib.
854 3042 955 3106 11.
996 3061 1128 3125 cap.
1167 3043 1270 3106 19.
1304 3062 1363 3105 n.
1400 3044 1460 3105 4.
1496 3042 1651 3106 nihil
1697 3061 1950 3125 prorsus
1997 3042 2246 3121 habent,
2289 3043 2452 3124 quod
2493 3044 2570 3108 ad
2603 3063 2733 3108 rem
2777 3043 2989 3109 faciat.
3040 3045 3157 3109 Sed

695 3145 919 3208 melius
960 3143 1404 3208 advertendum
1438 3146 1551 3221 est,
1585 3145 1776 3207 istam
1802 3141 2027 3207 Suarez
2062 3144 2504 3228 allegationem
2536 3149 2813 3229 spectare
2853 3146 2931 3210 ad
2964 3147 3157 3211 alium

694 3246 941 3324 Suarez,
992 3247 1169 3311 cuius
1214 3246 1447 3310 mentio
1499 3245 1662 3327 apud
1710 3247 1978 3309 Dianam
2026 3247 2178 3310 tom.
2221 3248 2280 3309 2.
2332 3249 2410 3311 tr.
2463 3248 2523 3311 6.
2572 3268 2699 3333 reg.
2736 3249 2842 3313 38.
2884 3270 2943 3313 n.
2984 3251 3039 3313 1.
3092 3252 3154 3315 et

690 3349 767 3413 de
816 3349 932 3414 hoc
976 3349 1133 3413 nihil
1181 3348 1540 3423 curandum.
1598 3347 1816 3426 Quoad
1871 3348 2219 3430 Henriquez
2266 3369 2433 3427 vero,
2473 3350 2573 3416 hic
2619 3371 2784 3416 mere
2822 3351 2972 3416 dicit
3002 3353 3044 3416 1.
3081 3372 3154 3429 c.,

692 3452 858 3534 quod
912 3451 1158 3516 honesti
1200 3450 1524 3530 amplexu-s
1570 3456 1632 3513 et
1674 3449 1887 3514 oscula
1929 3450 2019 3514 ad
2048 3451 2532 3516 benevolentiam
2585 3453 3075 3518 concedebantur
3116 3477 3157 3518 a

692 3556 850 3619 rii-is
896 3554 1093 3618 doctis
1102 3574 1124 3630 ;
1157 3551 1271 3617 sed
1299 3554 1589 3633 permitti
1632 3572 1759 3616 non
1806 3552 2114 3631 deberent,
2150 3575 2288 3617 eam
2319 3555 2448 3617 iam
2492 3556 2818 3635 sponsalia
2831 3577 2953 3637 per
2981 3578 3159 3638 copu—

690 3657 819 3720 lam·
849 3656 1079 3735 affeetu
1109 3655 1394 3719 maritali
1432 3675 1553 3718 non
1592 3658 1921 3718 transeant
1949 3655 2019 3718 in
2050 3656 2534 3720 matrimonium.
2569 3656 2839 3736 Quaero:
2880 3678 2991 3723 cur
3035 3678 3152 3724 non

688 3759 840 3822 dicit
888 3757 1127 3835 debent,
1163 3757 1269 3822 sed
1315 3756 1655 3820 deberent?
1690 3757 1877 3822 Ratio
1924 3756 2203 3822 redditur
2247 3758 2333 3821 ibi
2365 3758 2430 3822 in
2462 3762 2612 3823 nota
2644 3761 2758 3824 sic:
2792 3761 2970 3825 inest'
2993 3762 3156 3825 enim

676 3860 1034 3941 perieulum
1085 3860 1359 3940 copulae,
1410 3858 1555 3922 dum
1600 3858 1830 3940 absque
1875 3858 2143 3923 arbitris
2198 3879 2265 3924 se
2309 3861 2616 3941 ivmudice
2655 3867 2942 3945 tanyunt.
2992 3864 3152 3948 Ergo

688 3982 853 4027 mere
901 3962 963 4025 id
1011 3962 1163 4026 dicit
1211 3961 1287 4026 ad
1335 3962 1754 4045 praecavenda
1801 3962 2107 4045 pericula:
2142 3962 2306 4044 quod
2339 3982 2677 4030 consonum
2726 3968 2822 4031 est
2856 3967 2951 4031 illi
2982 3986 3155 4051 para·

684 4065 950 4150 grapho,
987 4065 1094 4129 ubi
1143 4065 1278 4149 agit
1324 4064 1396 4130 de
1443 4065 1662 4128 matris
1713 4064 1915 4128 officio
1952 4064 2017 4128 in
2049 4064 2322 4130 filiarum
2356 4067 2657 4132 custodia.
2693 4067 3037 4149 QuOS,vero
3071 4070 3156 4133 al·

695 4168 868 4252 legat
914 4168 976 4231 in
1025 4170 1195 4245 nota,
1257 4164 1473 4242 Caiet„
1532 4166 1818 4243 Navarr„
1852 4166 2072 4251 Angel.
2119 4169 2178 4231 et
2234 4168 2539 4246 Silvestr„
2575 4171 2795 4235 notum
2843 4173 2956 4248 est,
3008 4172 3154 4235 haec

687 4270 1147 4336 benevolentiae
1197 4270 1375 4355 signa
1424 4268 1665 4352 sponsis
1713 4286 1833 4331 non
1884 4269 2270 4334 interdicere:
2321 4290 2702 4355 quamquam
2749 4271 3044 4338 Silvester
3079 4274 3151 4338 V.

692 4372 983 4435 Matrini.
1021 4374 1079 4435 5.
1120 4373 1176 4455 ξ.
1213 4374 1273 4435 8.
1324 4370 1547 4453 duplex
1598 4371 1952 4435 osculorum
1999 4370 2334 4456 distinguit
2379 4393 2604 4459 genus:
2653 4376 2942 4454 alterum,
2991 4377 3154 4459 quod

688 4473 1326 4552 irreprehensibiliter
1356 4472 1537 4552 fieret
1579 4471 1778 4535 solu-m
1825 4492 1964 4536 eum
2009 4474 2313 4539 uxoribus
2344 4480 2406 4540 et
2449 4478 2696 4557 sponsis
2731 4477 2807 4541 de
2831 4480 3158 4559 praesenti

690 4578 754 4637 et
787 4573 951 4654 quod
998 4575 1327 4647 sufficeret,
1378 4576 1451 4636 at
1478 4574 1800 4653 sponsalia
1853 4576 2202 4638 transirent
2251 4577 2317 4639 in
2363 4580 2852 4656 matrimonium,
2887 4581 3154 4646 alterum

688 4675 857 4755 quocl
897 4675 1097 4738 solent
1142 4678 1327 4740 etiam
1358 4679 1604 4757 sponsis
1635 4677 1708 4742 de
1731 4678 1944 4757 fumo
1977 4677 2256 4742 eoehiberi
2303 4682 2371 4744 in
2408 4682 2725 4764 aliquibus
2769 4683 2921 4749 locis
2950 4691 3058 4750 ete.
3088 4711 3148 4749 ›.
