3497 5147
340 375 475 445 [373]
1339 393 1643 434 murano
1679 395 1787 434 mm
2685 382 2755 437 27
2762 383 2795 437 5

418 489 638 553 Posset
685 490 823 571 pari
867 489 1050 555 modo
1101 490 1411 572 quispiam
1457 493 1660 573 petere
1708 492 2081 556 miraculum
2139 491 2216 555 ad
2263 492 2790 558 confirmationem

338 591 592 655 alicuius
640 591 943 669 veritatis,
993 592 1093 656 vel
1148 594 1399 675 propter
1452 612 1515 656 se
1567 594 1666 657 vel
1721 594 1975 676 propter
2019 593 2195 667 alios,
2243 591 2429 675 idque
2482 595 2611 658 sine
2663 596 2794 661 ulla

340 694 699 758 necessitate
748 695 859 758 aut
905 694 1183 758 utilitate
1228 695 1433 777 petere
1481 714 1539 758 V.
1573 715 1667 779 gr.
1717 714 1788 758 ex
1835 713 1996 758 vana
2043 694 2423 772 curiositate,
2470 697 2544 759 ut
2589 696 2794 761 videre

336 796 526 879 possit
573 796 828 880 angelos
875 796 1346 861 circumstantes
1393 797 1590 860 altare
1634 799 1912 880 tempore
1956 796 2205 860 Missae.

418 894 596 968 372.
647 898 864 978 Quoad
920 899 1330 964 tentationem
1389 898 1717 963 virtualem
1765 920 1875 964 seu
1920 901 2458 979 intmpretativaovz
2508 901 2659 966 bene
2705 901 2792 965 sic

334 1004 508 1066 notat
541 1000 809 1066 Sanchez
843 1002 914 1064 in
945 1000 1166 1066 Dec-al.
1200 1001 1307 1066 lib.
1349 1003 1409 1065 2.
1450 1022 1582 1085 cap.
1618 1004 1722 1066 34.
1758 1021 1818 1067 n.
1854 1004 1938 1066 2.:
1978 1029 2013 1061 «
2046 1002 2135 1067 Ut
2164 1006 2377 1067 tamen
2409 1004 2494 1067 sit
2523 1004 2789 1069 tentatio

338 1104 464 1181 Dei,
500 1104 690 1168 etiam
738 1104 802 1167 in
852 1104 1326 1188 interpretativa
1376 1105 1621 1188 oportet
1668 1108 2025 1187 operantem
2058 1106 2281 1170 habere
2317 1107 2664 1189 respectum
2713 1107 2788 1170 ad

331 1207 555 1284 Deum,
593 1207 944 1288 exspectato
993 1205 1193 1270 medio
1227 1198 1712 1271 extraordinario
1754 1207 1830 1271 ab
1867 1207 2000 1290 ipso
2033 1208 2097 1271 et
2128 1210 2275 1271 tunc
2314 1208 2646 1291 opponitur
2676 1208 2791 1271 Re-

328 1308 571 1392 ligioni;
599 1311 693 1372 est
724 1308 886 1372 enim
921 1309 1038 1373 Dei
1074 1308 1476 1373 irreverentia
1512 1312 1830 1392 expectare
1860 1308 2282 1394 imprudenter
2310 1308 2373 1373 id
2405 1310 2784 1375 auxilium».

331 1410 648 1476 Consentit
688 1412 1006 1476 Bonacina
1052 1412 1126 1476 de
1162 1413 1220 1476 1.
1248 1412 1576 1492 Praecept.
1609 1412 1766 1496 disp.
1794 1414 1855 1476 3.
1882 1433 1940 1496 q.
1970 1415 2030 1477 9.
2058 1435 2116 1496 p.
2142 1414 2304 1477 unic.
2332 1434 2391 1476 n.
2419 1415 2480 1477 3.
2510 1415 2786 1498 allegans

332 1514 516 1577 etiam
562 1513 844 1578 Lessium
880 1513 986 1577 lib.
1017 1516 1076 1577 2.
1104 1534 1235 1597 cap.
1264 1515 1369 1578 45.
1395 1536 1454 1579 n.
1484 1516 1544 1577 2.

406 1615 478 1679 Id
521 1615 726 1698 ipsum
757 1617 1086 1680 notaverat
1119 1615 1344 1681 Suarez
1382 1616 1456 1679 de
1497 1616 1685 1679 Vitiis
1708 1615 1917 1697 Reziy.
1946 1617 2241 1695 oppositis
2272 1616 2345 1679 de
2376 1616 2587 1699 Relz'y.
2615 1619 2693 1682 tr.
2720 1618 2781 1683 3.

325 1717 427 1781 lib.
452 1719 504 1782 Ι.
531 1736 663 1801 cap.
690 1718 751 1781 3.
776 1739 837 1781 n.
865 1718 950 1782 4.:
993 1743 1028 1777 (ι
1056 1719 1126 1782 In
1174 1719 1290 1783 hoc
1336 1721 1566 1800 puncto
1614 1719 1677 1781 in
1715 1718 1932 1800 primis
1978 1717 2301 1782 dicendum
2350 1719 2464 1795 est,
2504 1719 2581 1783 ad
2626 1719 2785 1784 hanc

322 1820 725 1883 tentationem
774 1820 889 1884 Dei
934 1820 1480 1903 interpretativam
1526 1820 1940 1885 necessarium
1987 1839 2136 1895 esse,
2186 1823 2260 1884 ut
2307 1839 2461 1903 opus
2498 1821 2612 1885 fiat
2641 1840 2782 1886 cum

327 1922 537 2003 aliquo
567 1923 843 2005 respectu
874 1923 951 1987 ad
985 1924 1186 1987 Deum
1213 1948 1273 1986 ».
1302 1922 1478 2002 Quod
1510 1924 1648 1987 dein
1681 1924 1768 1988 sic
1800 1923 2065 2006 explicat
2094 1943 2154 1986 n.
2183 1926 2266 1987 5.:
2300 1948 2335 1983 «
2359 1922 2538 2004 Quod
2570 1926 2780 1989 autem

319 2025 377 2087 in
426 2024 538 2089 illo
574 2024 753 2090 modo
806 2026 1031 2110 agendi
1074 2025 1416 2091 intercedat
1462 2026 1819 2109 imploratio
1869 2025 2061 2090 divini
2108 2025 2341 2102 auxilii,
2382 2025 2780 2091 manifestum

314 2128 436 2201 est;
493 2126 641 2209 qnia
687 2127 819 2191 eius
872 2127 1112 2192 intuitu
1161 2128 1347 2192 homo
1397 2127 1760 2211 aggreditur
1806 2128 1933 2192 tale
1980 2146 2154 2211 opuS,
2189 2128 2377 2191 etiam
2417 2146 2596 2211 saepe
2642 2148 2782 2192 cum

319 2229 593 2312 periculo
626 2224 812 2294 vitae.
848 2230 1025 2295 Unde
1058 2230 1364 2295 ordinarie
1396 2230 1650 2315 adiungi
1682 2230 1843 2295 solet
1889 2231 2080 2294 etiam
2112 2249 2394 2313 expressa
2424 2230 2782 2314 imploratio

312 2330 502 2395 divini
574 2331 816 2409 auxilii,
865 2334 939 2396 ut
985 2333 1233 2397 constat
1287 2352 1356 2396 ex
1404 2332 1622 2396 multis
1674 2331 1974 2409 historiis,
2024 2351 2178 2414 quas
2241 2332 2478 2396 erudite
2540 2332 2782 2418 colligit

310 2433 622 2499 Martinus
668 2434 879 2499 Delrio
930 2433 1124 2515 Disq.
1160 2435 1345 2517 Dlaq.
1385 2434 1493 2498 lib.
1533 2435 1595 2498 4.
1636 2455 1687 2499 c.
1728 2435 1790 2499 4.
1826 2454 1883 2516 q.
1919 2436 1981 2498 4.
2017 2454 2182 2517 seqq.
2216 2434 2300 2498 Et
2329 2435 2649 2499 moraliter
2680 2437 2781 2500 vix

313 2539 544 2621 poterit
572 2539 764 2604 homo
796 2538 978 2604 aliter
1024 2538 1152 2603 tale
1186 2556 1339 2623 opus
1388 2537 1663 2623 aggredi.
1696 2536 1860 2602 Nam
1907 2537 2054 2604 licet
2085 2557 2232 2603 voce
2264 2537 2423 2604 forte
2469 2557 2591 2603 non
2625 2541 2776 2615 oret,

308 2641 488 2706 corde
527 2643 748 2706 tamen
778 2641 1142 2724 implorabit
1187 2642 1407 2717 Deum,
1449 2641 1513 2704 in
1560 2660 1683 2723 quo
1717 2643 1807 2706 ita
1840 2641 2112 2707 confidit.
2154 2641 2272 2705 Vel
2301 2644 2464 2705 certe
2495 2641 2781 2722 quamvis

306 2762 412 2807 nec
440 2744 715 2808 interius
759 2743 1063 2826 loquatur
1108 2744 1359 2819 orande,
1397 2742 1534 2827 ipso
1567 2743 1873 2807 derideo-io
1904 2748 1967 2807 et
1992 2744 2336 2807 intentione
2382 2743 2704 2808 obtinendi
2737 2765 2780 2809 a

310 2844 447 2910 Deo
485 2846 680 2910 talem
698 2846 1143 2926 protectionem
1187 2844 1286 2910 vel
1320 2848 1827 2927 cooperationem,
1864 2847 2221 2910 virtualiter
2247 2847 2547 2930 implorat
2583 2848 2778 2913 extra-

306 2953 699 3017 ordinarium
746 2953 1046 3017 auxilium
1094 2953 1170 3016 ad
1218 2954 1411 3017 talem
1459 2952 1742 3016 effectum
1787 2953 2200 3017 necessarium
2231 2979 2292 3017 ».

389 3054 576 3135 Quod
618 3057 827 3118 autem
865 3054 1016 3118 dicit
1052 3053 1356 3118 desidem
1389 3058 1452 3119 et
1492 3055 1835 3119 intentione
1867 3054 2199 3135 implorari
2229 3058 2343 3120 etc.
2377 3056 2452 3120 iis
2489 3056 2778 3121 innititur

302 3177 465 3239 quae
498 3156 913 3241 praemiserat
935 3176 995 3220 n.
1023 3157 1106 3219 4.:
1142 3180 1177 3214 ‹
1201 3157 1298 3220 Ad
1330 3157 1737 3222 tentationem
1765 3159 2298 3242 interpretativam
2323 3159 2438 3222 Dei
2468 3178 2591 3222 non
2624 3159 2776 3223 satis

296 3261 390 3323 est
436 3277 738 3344 respuere
776 3277 994 3322 causas
1041 3258 1371 3323 secundas:
1410 3278 1591 3323 nemo
1640 3263 1850 3324 autem
1897 3261 1992 3325 est
2024 3260 2113 3323 ita
2160 3259 2444 3335 stoliduS,
2478 3262 2551 3324 ut
2582 3261 2778 3343 possit

296 3362 456 3426 velle
505 3361 802 3426 effectum
848 3360 977 3424 sine
1027 3361 1161 3424 ulla
1209 3380 1398 3425 causa
1444 3362 1574 3425 tam
1622 3363 1888 3427 secunda
1936 3382 2124 3444 quam
2181 3363 2400 3444 prima.
2449 3362 2614 3446 Ergo
2668 3363 2776 3444 qui

304 3464 509 3529 tentat
549 3465 761 3529 Deum
809 3463 999 3528 etiam
1046 3464 1532 3546 interpretative,
1567 3464 1706 3527 vult
1753 3465 2035 3528 effectum
2084 3484 2118 3528 a
2166 3482 2354 3527 causa
2400 3464 2599 3546 prima
2647 3465 2778 3527 sine

301 3585 327 3630 s
340 3567 605 3632 ecunda.
620 3565 787 3649 Ergo
812 3566 1076 3631 tentatio
1094 3566 1208 3630 Dei
1226 3566 1299 3628 fit
1322 3585 1560 3648 semper
1578 3567 1800 3629 saltem
1818 3585 1959 3629 cum
1977 3567 2094 3629 hoc
2107 3566 2388 3646 respectu
2406 3564 2484 3627 ad
2500 3565 2771 3628 Deum».

381 3667 566 3740 373.
617 3668 781 3732 Hinc
818 3670 1012 3752 patet,
1052 3669 1289 3733 nullam
1330 3687 1460 3732 esse
1493 3669 1605 3731 Dei
1644 3668 2075 3744 tentationem,
2108 3664 2351 3748 quando
2385 3666 2525 3747 quis
2571 3685 2606 3729 a
2645 3666 2774 3730 Deo

300 3771 452 3836 nihil
503 3771 816 3854 expectat.
859 3771 927 3835 Id
976 3774 1183 3835 autem
1232 3770 1462 3854 duplici
1508 3769 1691 3834 modo
1739 3769 1874 3833 fieri
1917 3771 2143 3852 potest.

373 3874 544 3939 Nam
585 3875 658 3937 1⁰
701 3876 910 3956 potest
958 3874 1098 3956 quis
1140 3893 1203 3937 se
1251 3873 1637 3937 committere
1669 3870 2029 3948 discrimini,
2064 3870 2211 3952 quia
2243 3872 2585 3954 periculum
2620 3870 2776 3935 illud

300 3976 458 4039 vult.
512 3975 622 4040 Sic
693 3975 800 4056 qui
846 3975 1028 4040 modo
1092 3975 1365 4038 duellum
1414 3975 1668 4052 ineunt3
1720 3974 1870 4039 olim
1918 3974 2082 4040 enim
2128 3974 2596 4057 exspectabatur
2661 3975 2776 4038 Dei

293 4077 626 4141 iudicium.
663 4077 764 4141 Ita
796 4077 848 4139 si
890 4076 1029 4158 quis
1062 4076 1445 4160 ingrediatur
1482 4077 1709 4161 ignem,
1743 4096 1866 4142 non
1904 4079 2116 4142 volens
2152 4077 2407 4141 evadere
2441 4077 2771 4152 ustionem,

294 4180 398 4244 sed
432 4181 512 4244 ut
545 4179 980 4254 comburatur,
1020 4199 1140 4244 non
1174 4181 1456 4244 censetur
1500 4183 1740 4245 tentare
1773 4182 1994 4258 Deum,
2029 4180 2131 4245 sed
2163 4199 2229 4244 se
2260 4179 2529 4245 occidere
2560 4179 2658 4242 vel
2703 4198 2774 4243 ex

300 4281 762 4366 desperatione,
799 4282 897 4345 vel
930 4301 1039 4365 per
1070 4283 1395 4365 specialem
1434 4283 1549 4347 Dei
1580 4284 1965 4359 instinctum,
1997 4285 2070 4348 ut
2101 4301 2149 4347 s.
2183 4282 2535 4365 Apollonia.
2576 4282 2675 4346 Ita
2722 4282 2775 4346 si

290 4385 426 4467 quis
478 4386 599 4450 aut
667 4384 871 4448 cibum
916 4384 1155 4468 respuit
1202 4387 1312 4448 aut
1357 4385 1712 4460 medicinaS,
1752 4387 1901 4468 quia
1946 4387 2058 4450 aut
2102 4386 2241 4449 vult
2287 4387 2448 4451 mori
2495 4387 2606 4449 aut
2642 4384 2774 4467 pati

302 4489 620 4565 morbum,
658 4485 758 4551 hic
790 4504 910 4552 non
949 4487 1153 4550 tentat
1183 4488 1407 4563 Deum,
1449 4488 1554 4551 sed
1587 4491 1701 4552 aut
1728 4489 1947 4553 morbo
1981 4507 2227 4552 carnem
2274 4507 2453 4553 suam
2501 4487 2774 4570 affligere

286 4590 423 4654 vult
475 4609 551 4654 ex
611 4587 867 4665 virtute,
917 4590 1030 4652 aut
1073 4589 1350 4672 peccabit
1393 4591 1608 4654 contra
1656 4591 1924 4655 salutem
1969 4609 2150 4654 suam
2196 4590 2453 4674 agendo.
