3497 5147
351 341 494 416 [183]
979 354 1064 393 nm
1098 353 1246 395 omo
1283 356 1360 394 m
1395 354 1768 396 mmor-roms
1805 353 2176 396 INIMmORUM
2706 341 2808 394 135

351 453 411 517 et
440 452 717 534 (supple)
746 449 1224 533 possibilitatem
1256 469 1453 526 suam,
1488 453 1575 515 sic
1598 453 1846 516 tenetur
1883 471 2025 516 eum
2059 451 2135 515 ad
2168 451 2510 516 amicitiam
2545 450 2813 533 recipere

353 557 414 618 et
444 554 502 617 ei
531 553 774 635 loqui...
802 552 867 615 Si
899 554 1109 616 autem
1132 571 1253 617 non
1286 553 1552 630 exhibet,
1578 572 1702 618 non
1726 554 1971 619 tenetur
2002 553 2059 618 ei
2084 553 2279 634 loqui,
2306 553 2552 634 quando
2578 553 2813 618 scilicet

353 656 706 722 satisfacere
741 657 854 719 aut
892 655 1139 719 omnino
1178 674 1301 719 non
1333 656 1473 719 vult
1504 658 1617 719 aut
1647 656 1978 738 semiplene
2010 681 2071 719 ».

438 760 521 823 Et
551 759 605 823 si
638 758 904 823 offensus
933 776 1057 821 non
1087 758 1335 822 tenetur
1382 757 1460 821 ad
1505 761 1821 822 externam
1868 759 2431 824 reconciliationem
2478 760 2813 839 antequam

353 863 614 928 offensor
652 861 886 926 sincere
923 861 987 923 et
1022 860 1218 942 plene,
1252 860 1560 940 quantum
1594 861 1654 924 in
1694 880 1759 925 se
1795 863 1909 937 est,
1949 861 2316 939 satisfaciat,
2356 861 2559 925 multo
2607 861 2813 924 minus

361 965 690 1041 tenebitur,
726 963 780 1027 si
815 962 1376 1027 reconciliationem
1409 963 1672 1028 offensor
1704 982 1828 1029 non
1866 964 2044 1045 petit.

436 1066 616 1146 Quod
660 1084 784 1129 non
832 1063 1200 1146 obligandus
1247 1065 1331 1128 sit
1378 1065 1642 1130 offensus
1699 1082 1919 1129 sumt
1966 1066 2044 1130 ad
2090 1069 2406 1131 externam
2462 1067 2813 1131 reconcilia-

351 1171 602 1244 tionem,
635 1186 758 1232 non
797 1169 1009 1230 tenent
1045 1165 1093 1230 ii
1130 1167 1333 1231 solum
1381 1168 1539 1244 DD.,
1574 1187 1731 1249 quos
1778 1169 1854 1232 A.
1906 1169 2157 1252 allegat,
2209 1168 2314 1232 sed
2362 1188 2410 1232 s.
2450 1168 2810 1250 Alphonsus

352 1273 410 1336 iu
442 1273 594 1335 nota
627 1271 704 1333 ad
737 1271 797 1332 h.
836 1269 877 1332 l.
913 1268 1166 1344 fatetur,
1202 1287 1332 1333 esse
1370 1288 1761 1335 communem
1801 1270 2165 1334 doctrinam.
2218 1270 2452 1334 Mirum
2501 1289 2643 1334 vero
2691 1271 2807 1348 est,

351 1374 514 1456 quod
545 1372 710 1437 idem
739 1371 908 1435 dicat
950 1371 1015 1433 id
1048 1370 1468 1450 probabiliter
1498 1372 1720 1436 doceri.
1758 1372 2041 1437 Profecto
2084 1374 2188 1437 ubi
2222 1373 2632 1437 communiter
2672 1374 2806 1436 DD.

353 1476 726 1542 conveniunt
757 1475 821 1538 et
855 1473 920 1537 in
952 1473 1308 1556 oppositum
1338 1475 1511 1539 nulla
1550 1475 1712 1540 ratio
1754 1475 2103 1552 adducitur,
2137 1496 2259 1540 non
2308 1476 2468 1540 solet
2502 1477 2810 1541 sententia

351 1578 470 1643 diei
499 1597 666 1642 mere
687 1574 1059 1655 probabilis.

442 1680 762 1760 Quantum
798 1678 1096 1760 temporis
1142 1679 1388 1742 concedi
1437 1680 1635 1760 possit
1681 1679 1759 1742 ad
1806 1679 2143 1743 sedandum
2181 1680 2353 1762 prius
2402 1680 2698 1757 animum,
2740 1700 2814 1744 ne

360 1786 624 1850 offensus
653 1783 729 1847 ad
761 1784 972 1847 actum
1019 1782 1203 1846 nimis
1250 1782 1595 1846 violentum
1641 1783 2070 1864 compellatur,
2104 1782 2487 1866 pensandum
2534 1786 2630 1846 est
2676 1803 2816 1864 pru-

361 1886 562 1950 dentis
591 1885 832 1961 iudicio,
867 1884 1083 1948 habita
1116 1884 1355 1948 ratione
1386 1884 1720 1968 gravitatis
1768 1885 2030 1949 iniuriae
2061 1888 2125 1949 et
2155 1885 2583 1968 dispositionis
2616 1904 2818 1968 perso—

355 2008 579 2054 narum
610 1990 672 2052 et
707 1988 972 2052 aliorum
1012 1986 1464 2052 adiunctorum.
1499 1988 1600 2052 Ita
1632 1986 1856 2070 Sporcr
1886 1988 1927 2052 l.
1963 2009 2014 2051 c.
2050 2008 2182 2072 cap.
2225 1989 2286 2052 6.
2320 2009 2380 2052 11.
2422 1990 2527 2051 44.

442 2087 603 2161 182.
621 2088 797 2168 Quod
822 2108 944 2153 non
968 2089 1254 2152 teneatur
1279 2088 1546 2154 offensus
1570 2090 1884 2154 remittere
1911 2091 2399 2156 satisfactionem
2428 2109 2537 2172 pro
2562 2090 2810 2166 iniuria,

348 2193 856 2259 communissima
877 2193 974 2258 est
995 2192 1295 2256 doctrina.
1321 2192 1811 2275 Distinguendae
1836 2193 2084 2274 quidem
2116 2193 2595 2266 satisfactioneS,
2624 2193 2811 2275 prout

349 2297 444 2362 vel
491 2295 843 2361 intercessit
889 2313 1062 2356 mera
1109 2293 1357 2370 offensa,
1393 2295 1492 2358 vel
1521 2295 1752 2359 iniuria
1783 2315 2029 2376 quoque
2067 2296 2197 2360 sive
2229 2316 2372 2360 cum
2403 2295 2649 2366 damno,
2684 2294 2812 2358 sive

347 2402 479 2465 sine
510 2399 763 2474 damnO,
796 2396 873 2461 cf.
912 2417 972 2460 n.
1010 2397 1115 2460 67.

435 2502 630 2567 Ratio
665 2501 910 2565 evidens
949 2503 1068 2577 est3
1096 2500 1244 2582 quia
1269 2519 1340 2565 ex
1364 2504 1686 2585 praecepto
1720 2502 2003 2566 caritatis
2036 2503 2261 2566 teneris
2292 2501 2571 2585 proximo
2604 2501 2812 2564 remit-

349 2611 478 2672 tere
510 2603 904 2671 solummodo
941 2602 1180 2667 malum
1219 2603 1338 2685 ipsi
1376 2604 1739 2679 indebitum,
1774 2624 1895 2669 non
1919 2605 2072 2670 item
2098 2605 2329 2669 bonum
2362 2605 2476 2668 tibi
2507 2604 2807 2667 debitum.

347 2709 544 2791 Atqui
585 2707 721 2772 sola
760 2705 1019 2781 aversio,
1067 2704 1414 2789 indignatio
1466 2707 1656 2770 animi
1703 2707 1820 2785 tui,
1854 2726 1980 2788 qua
2011 2709 2289 2792 proximo
2336 2706 2500 2772 male
2548 2706 2700 2771 velis
2748 2708 2811 2769 et

345 2812 499 2877 velis
549 2810 854 2874 iniustam
903 2807 1257 2884 vindictam,
1307 2812 1401 2872 est
1446 2809 1684 2873 malum
1739 2809 1990 2873 inimico
2036 2809 2416 2874 indebitum:
2467 2807 2813 2873 satisfactio

343 2932 486 2979 vero
528 2911 654 2976 tibi
690 2930 800 2994 pro
832 2910 1015 2974 illata
1045 2910 1275 2975 iniuria
1313 2912 1378 2973 et
1413 2910 1679 2975 maxime
1716 2911 2036 2977 restitutio
2086 2931 2195 2994 pro
2244 2912 2470 2977 damno
2506 2911 2620 2975 tibi
2668 2911 2818 2975 irro-

337 3019 513 3100 gato,
551 3014 655 3078 est
683 3013 914 3077 bonum
946 3012 1063 3075 tibi
1095 3011 1401 3085 debitum;
1438 3030 1604 3096 ergo.
1639 3013 1815 3077 Licet
1855 3032 1997 3079 vero
2037 3014 2101 3078 id
2138 3015 2224 3079 sit
2255 3015 2496 3079 malum
2540 3013 2814 3084 inimico,

334 3117 496 3183 illud
531 3120 750 3181 tamen
783 3115 913 3196 ipse
942 3131 1066 3177 non
1115 3114 1206 3178 vis
1239 3116 1313 3178 ut
1349 3115 1589 3179 malum
1636 3115 1788 3192 eiua,
1823 3115 1926 3179 sed
1965 3118 2272 3197 quatenus
2305 3118 2401 3181 est
2432 3116 2663 3180 bonum
2703 3114 2819 3178 tibi

332 3222 503 3285 iuste
525 3217 849 3283 debitum:
874 3216 1210 3281 dummodo
1236 3219 1444 3281 tamen
1470 3217 1772 3282 offensum
1805 3218 2083 3283 animum
2108 3218 2396 3301 deponas.
2426 3216 2667 3300 Sporer,
2693 3218 2735 3280 l.
2763 3238 2814 3280 c.

331 3344 392 3388 n.
439 3323 554 3387 18.

425 3424 527 3489 Ad
563 3423 720 3485 haec
744 3438 921 3485 nemo
955 3422 1201 3484 tenetur
1232 3420 1486 3505 diligere
1508 3422 1832 3487 inimicum
1864 3423 2195 3506 plusquam
2229 3443 2291 3488 se
2316 3424 2520 3505 ipsum
2553 3425 2616 3486 et
2648 3423 2817 3487 ultra

333 3526 648 3591 terminos
682 3523 960 3588 iustitiae
984 3524 1048 3587 et
1071 3522 1372 3588 caritatis
1404 3524 1570 3607 Ergo
1605 3544 1784 3589 nemo
1817 3527 2065 3589 tenetur
2096 3525 2411 3589 remittere
2442 3524 2691 3588 inimico
2716 3524 2814 3585 ius

339 3628 412 3692 ad
464 3624 989 3693 satisfactionem.

429 3732 623 3806 Hinc,
667 3728 740 3793 ut
775 3748 944 3810 supr.
976 3747 1035 3790 n.
1081 3728 1226 3791 181.
1262 3748 1332 3792 ex
1364 3748 1410 3791 S.
1448 3728 1783 3806 Antonino,
1820 3730 1873 3793 si
1903 3729 2188 3793 inimicus
2214 3748 2249 3793 a
2275 3732 2338 3793 te
2376 3729 2619 3794 veniam
2644 3729 2825 3812 petat

338 3853 450 3898 nec
499 3836 721 3897 tamen
767 3829 1041 3895 debitam
1087 3830 1575 3895 satisfactionem
1623 3832 1860 3906 offerat,
1896 3850 2038 3894 cum
2087 3832 2303 3914 possit,
2355 3832 2535 3896 debes
2568 3831 2819 3913 quidem

338 3935 693 4010 ostendere,
727 3934 790 3997 te
836 3932 1048 3997 odium
1096 3933 1158 3997 in
1209 3933 1414 3998 animo
1465 3952 1585 3998 non
1634 3934 1839 3998 fovere
1887 3936 1950 3997 et
1998 3934 2293 3999 offensam
2342 3935 2693 4007 remittere3
2734 3934 2823 3996 in-

338 4040 530 4105 terim
573 4039 789 4101 tamen
828 4034 1318 4101 satisfactionem
1349 4038 1527 4118 potes
1574 4037 1815 4121 exigere
1855 4038 1917 4102 et
1952 4056 2224 4119 eousque
2259 4036 2821 4101 reconciliationem

340 4142 618 4206 differre.
657 4136 899 4220 speret,
938 4139 981 4201 l.
1013 4158 1065 4202 c.
1101 4159 1161 4205 11.
1195 4139 1302 4202 45.

435 4240 605 4315 183.
640 4240 818 4319 Quod
849 4241 1000 4306 dicit
1028 4241 1127 4319 A..
1167 4260 1346 4323 posse
1393 4242 1692 4307 offensum
1738 4241 1903 4306 nolle
1948 4246 2267 4321 acceptare
2313 4239 2824 4319 satae'sficctionem,

337 4345 655 4428 intellige,
690 4342 857 4424 quod
886 4344 1085 4425 possit
1120 4363 1258 4408 eam
1289 4344 1545 4408 iuridice
1579 4345 1917 4427 postulare,
1958 4347 2028 4409 ut
2070 4344 2217 4409 ibid.
2255 4345 2332 4407 A.
2367 4344 2597 4408 subdit.

428 4447 628 4521 Nam,
663 4446 738 4508 ut
773 4444 1063 4510 Valentia
1104 4446 1318 4510 scribit
1354 4449 1508 4511 tom.
1559 4447 1672 4510 111.
1724 4447 1881 4527 disp.
1933 4448 1993 4508 3.
2045 4449 2286 4528 quaest.
2323 4447 2384 4509 3.
2428 4467 2484 4528 p.
2538 4449 2597 4508 2.
2648 4464 2824 4527 prop.

339 4551 471 4627 fin.,
524 4546 786 4613 fuerunt
830 4546 939 4628 qui
983 4546 1273 4620 dicerent,
1313 4549 1510 4612 teneri
1542 4549 1842 4613 offensum
1886 4549 1979 4611 ita
2027 4549 2343 4612 remittere
2390 4548 2687 4611 iniuriam
2724 4564 2822 4627 pe-
