3497 5147
335 351 465 426 [165]
958 364 1097 411 Qms
1135 362 1299 405 onno
1337 361 1700 404 summimus
1737 363 1804 402 m
1842 361 2147 402 mmmm
2677 351 2779 403 121

408 462 540 542 Qua
559 462 958 526 distinctione
989 461 1326 545 praemissa
1349 460 1546 536 docet,
1572 479 1645 524 ex
1671 460 1910 524 obiecto
1935 461 2101 525 sumi
2125 460 2388 543 speciem
2411 461 2778 538 (11166116616,

329 585 392 630 er
421 568 597 649 parte
635 583 781 629 vero
814 563 1129 648 diligentis
1167 561 1531 627 sumendam
1562 582 1691 627 esse
1722 563 2133 627 intensionem
2164 562 2530 627 dilectionis.

407 669 502 732 Ita
541 687 590 732 6.
625 669 862 732 Doctor
895 668 955 729 2.
992 669 1052 729 2.
1087 684 1146 747 q.
1183 666 1286 728 26.
1321 665 1440 729 art.
1480 666 1573 728 7.:
1616 689 1652 724 ‹
1683 665 1897 729 Omnis
1931 667 2108 729 actus
2147 667 2411 747 oportet,
2447 665 2611 747 quod
2644 684 2779 748 pro-

325 771 702 854 portionetur
734 771 798 833 et
826 769 1054 832 obiecto
1085 770 1149 832 et
1176 768 1408 849 ayenti.
1450 767 1566 831 Sed
1613 788 1684 832 ex
1733 768 1972 832 obiecto
2005 766 2191 831 habet
2217 769 2518 847 speciem:
2551 788 2621 832 ex
2662 769 2777 833 vir-

324 876 447 939 tute
484 875 700 938 autem
731 872 975 957 agentis
1006 872 1196 936 habet
1231 870 1479 933 modum
1512 890 1663 933 suae
1693 871 2088 935 intensionis.
2125 869 2300 935 Sicut
2329 872 2540 936 motus
2586 872 2775 936 habet

320 977 573 1059 speciem
605 994 678 1040 ex
715 974 979 1039 termino
1013 973 1090 1037 ad
1127 992 1312 1055 quem
1350 973 1463 1050 est,
1498 972 1603 1037 sed
1634 973 2045 1038 intensionem
2083 974 2433 1038 velocitatis
2466 974 2655 1038 habet
2701 994 2773 1038 ex

319 1077 714 1160 dispositione
742 1076 992 1142 mobilis
1017 1078 1081 1140 et
1105 1077 1340 1139 virtute
1362 1076 1690 1140 moventis.
1718 1074 1820 1139 Sic
1841 1094 1989 1160 ergo
2013 1075 2262 1140 dilectio
2295 1076 2559 1158 speciem
2583 1077 2771 1141 habet

222 1189 235 1201 ’
319 1199 383 1244 ex
418 1181 678 1256 obiecto,
713 1180 820 1243 sed
855 1179 1268 1243 intensionem
1299 1178 1487 1242 habet
1517 1197 1589 1242 ex
1621 1181 1797 1261 parte
1830 1178 2025 1260 ipsius
2057 1178 2374 1260 diligentis
2407 1204 2467 1242 ».

401 1282 681 1366 Explicat
710 1280 946 1359 deinde,
973 1300 1277 1364 quaenam
1301 1281 1387 1344 sit
1416 1281 1646 1344 caritas
1678 1300 1748 1344 ex
1782 1280 2021 1344 obiecto
2055 1282 2117 1344 et
2149 1281 2460 1362 quomodo
2491 1282 2766 1346 diversas

317 1384 551 1450 dilectio
571 1385 784 1449 sumat
797 1384 1047 1467 species,
1069 1384 1146 1447 Et
1170 1384 1235 1447 in
1257 1384 1355 1447 his
1378 1382 1678 1447 fundatur
1702 1383 2001 1459 doctrina,
2017 1402 2176 1464 quae
2199 1383 2453 1466 ponitur
2477 1383 2539 1448 in
2565 1385 2766 1466 prima

313 1491 477 1570 parte
493 1485 912 1571 responsionis
935 1505 1071 1570 sup.
1093 1507 1151 1550 n.
1177 1487 1322 1549 163.
1348 1487 1422 1550 de
1440 1488 1637 1569 specie
1658 1486 1961 1561 caritati3‚
1990 1505 2178 1567 quam
2203 1486 2513 1563 debemuS‚
2535 1487 2631 1562 116,
2659 1488 2766 1569 qui

315 1592 639 1654 sanctitate
677 1590 878 1673 magis
910 1589 1236 1653 excellunt.

394 1692 490 1756 Sic
533 1694 749 1775 itaque
795 1710 843 1755 6.
879 1691 1113 1756 Β66161·
1143 1692 1186 1755 l.
1235 1712 1317 1756 c.:
1352 1717 1386 1748 «
1419 1691 1742 1755 Obiectum
1791 1692 2157 1756 caritativae
2204 1690 2549 1755 dilectionis
2597 1693 2765 1756 Deus

312 1798 499 1859 est
525 1795 869 1859 Diversitas
894 1812 1041 1879 ergo
1066 1793 1433 1869 (11166116616,
1461 1812 1619 1874 quae
1636 1794 1700 1857 et
1723 1793 2060 1857 secundum
2093 1793 2439 1869 caritatem,
2456 1795 2764 1875 quantum

311 1897 386 1959 ad
424 1897 679 1980 speciem
718 1895 1087 1961 attendenda
1112 1897 1208 1959 est
1239 1896 1300 1959 in
1350 1896 1645 1978 proximis
1692 1895 2022 1979 diligendis
2067 1896 2402 1960 secundum
2451 1915 2765 1979 compara-

308 1998 534 2063 tionem
570 1998 645 2062 ad
682 2000 901 2076 Deum,
933 2000 1009 2062 ut
1032 1999 1266 2063 scilicet
1304 1999 1378 2076 ei,
1405 1998 1513 2081 qui
1545 1999 1640 2062 est
1677 1999 1808 2062 Deo
1846 1998 2268 2081 propinquior,
2302 1999 2506 2063 maius
2531 2000 2763 2065 bonum

298 2119 368 2165 ex
399 2101 661 2166 caritate
693 2102 989 2165 velimus:
1027 2101 1174 2182 quia
1204 2100 1352 2165 11661
1384 2101 1635 2176 11661116,
1670 2100 1838 2183 quod
1872 2100 2159 2165 omnibus
2192 2101 2329 2165 vult
2366 2102 2616 2178 6611166,
2652 2104 2763 2168 sci-

297 2204 436 2268 licet
469 2204 792 2269 beatitudo
825 2204 1096 2279 aeterna,
1129 2204 1215 2267 sit
1255 2223 1451 2268 unum
1496 2203 1838 2269 secundum
1874 2223 1958 2276 se,
2001 2204 2191 2269 habet
2228 2205 2437 2268 tamen
2484 2205 2757 2271 diversos

292 2309 521 2392 gradus
554 2309 893 2374 secundum
924 2310 1197 2374 diversas
1247 2310 1648 2375 beatitudinis
1687 2309 2194 2393 participationes
2241 2312 2303 2375 et
2350 2311 2467 2375 1166
2499 2312 2574 2375 6(1
2608 2314 2759 2378 cari-

293 2411 485 2475 tatem
517 2412 810 2495 pertinet,
837 2413 910 2475 ut
933 2410 1083 2474 velit
1102 2412 1411 2475 iustitiam
1433 2409 1563 2476 Dei
1582 2412 1848 2486 servari,
1882 2412 2219 2476 secundum
2250 2431 2440 2494 quam
2471 2415 2755 2479 meliores

291 2513 625 2595 perfectius
662 2511 1116 2579 beatitudinem
1160 2515 1556 2599 participant.
1597 2514 1679 2580 Et
1715 2515 1831 2581 hoc
1862 2515 2130 2599 pertinet
2177 2514 2256 2579 ad
2301 2517 2566 2600 speciem
2603 2516 2756 2583 dile-

284 2616 541 2693 ctionis;
581 2619 732 2681 sunt
761 2618 926 2680 enim
964 2617 1243 2681 diversae
1273 2618 1620 2683 dilectionis
1653 2620 1884 2701 species
1922 2619 2259 2683 secundum
2297 2620 2539 2684 diversa
2572 2622 2752 2699 bona,

282 2737 438 2801 quae
486 2721 785 2805 optamus
832 2721 948 2797 his,
984 2739 1140 2804 quos
1189 2721 1508 2805 diligimus
1541 2746 1602 2783 ».
1638 2721 1762 2785 Ubi
1811 2723 2003 2803 patet,
2038 2722 2365 2786 caritatem
2412 2723 2546 2787 heic
2592 2743 2754 2789 com-

274 2822 765 2887 mensurandam
796 2822 1138 2905 modo‚quo
1162 2824 1302 2905 quis
1333 2824 1537 2907 magis
1561 2823 1897 2906 participat
1920 2824 1993 2888 de
2018 2824 2177 2890 bono
2211 2824 2442 2899 divine,
2469 2826 2599 2890 scil.
2628 2846 2751 2908 quo

278 2926 588 2991 maiorem
616 2926 804 2991 habet
825 2927 1244 2991 sanctitatem.
1271 2925 1464 2990 Porro
1489 2945 1601 3010 pro
1626 2927 1848 2990 maiori
1875 2927 2139 2991 alicuius
2163 2928 2497 2992 sanctitate
2521 2930 2749 2993 caritas

272 3027 587 3112 importat
628 3029 929 3113 gaudium
967 3028 1041 3093 de
1071 3029 1190 3092 hoc
1226 3047 1440 3093 eorum
1477 3029 1658 3106 bono,
1693 3029 1760 3093 et
1787 3029 1833 3092 ii
1865 3032 2032 3105 sunt,
2058 3029 2284 3111 quibus
2321 3030 2512 3094 simul
2547 3032 2748 3095 maior

268 3130 487 3209 116666,
530 3131 749 3196 cultus
789 3132 852 3194 et
880 3132 1225 3196 reverentia
1256 3130 1531 3196 debetur.

353 3235 521 3298 Item
555 3233 732 3317 quod
764 3233 992 3298 dicitur
1021 3233 1097 3297 de
1127 3234 1487 3316 parentibus
1524 3234 1613 3299 sic
1642 3234 1934 3317 explanat
1964 3254 2013 3299 6.
2048 3235 2322 3299 Thomas
2356 3238 2415 3301 2.
2445 3239 2505 3299 2.
2540 3256 2598 3319 q.
2637 3239 2741 3303 26.

259 3338 377 3401 art.
414 3338 513 3401 9.:
548 3362 590 3395 >
627 3334 873 3401 Gradus
920 3334 1267 3400 dilectionis
1299 3355 1369 3400 ex
1408 3337 1649 3401 duobus
1695 3338 1941 3419 pensari
1988 3340 2214 3420 potest.
2252 3338 2390 3405 Uno
2436 3340 2622 3405 modo
2670 3360 2741 3405 ex

259 3442 437 3523 parte
478 3438 716 3504 obiecti
747 3439 812 3501 61
841 3438 1179 3502 secundum
1214 3439 1331 3503 hoc
1360 3438 1424 3503 id
1454 3438 1620 3521 quod
1651 3439 1841 3503 habet
1873 3440 2173 3505 maiorem
2219 3442 2521 3506 rationem
2574 3444 2737 3520 boni,

260 3546 354 3608 est
384 3544 607 3629 magis
638 3541 1023 3626 diligendum
1061 3541 1127 3605 et
1153 3540 1323 3621 quod
1348 3544 1443 3604 est
1469 3540 1607 3604 Deo
1630 3540 1923 3605 similius.
1961 3542 2042 3607 Et
2078 3543 2167 3606 sic
2198 3546 2375 3625 pater
2410 3545 2614 3625 magis
2646 3548 2741 3609 est

259 3645 627 3731 diligendus
659 3662 849 3726 quam
880 3643 1074 3717 filius;
1115 3643 1262 3725 quia
1295 3643 1530 3707 scilicet
1556 3644 1798 3725 patrem
1830 3644 2150 3728 diligimus
2175 3645 2291 3709 sub
2314 3646 2555 3710 ratione
2579 3647 2741 3730 prin-

256 3748 420 3831 cipii,
458 3746 642 3830 quod
680 3746 870 3809 habet
898 3746 1208 3811 rationem
1245 3745 1668 3810 eminentioris
1701 3746 1849 3810 boni
1880 3750 1943 3810 et
1980 3748 2111 3811 Deo
2144 3746 2462 3813 similioris
2494 3774 2554 3813 ›.

339 3850 644 3933 Idipsum
681 3846 833 3912 dicit
862 3867 911 3912 s.
947 3848 1219 3913 Thomas
1241 3848 1387 3913 ibid.
1423 3851 1540 3913 art.
1573 3850 1674 3912 12.
1701 3849 1776 3913 (16
1800 3849 2219 3915 benefactore:
2260 3877 2295 3909 «
2319 3852 2573 3934 Aliquid
2605 3852 2739 3917 dili·

253 3951 430 4034 gitur
468 3950 694 4033 magis
730 3949 1091 4033 dupliciter:
1126 3970 1249 4015 uno
1287 3952 1472 4016 modo
1523 3952 1670 4033 quia
1720 3952 1908 4016 habet
1950 3953 2259 4017 rationem
2291 3956 2737 4021 excellentioris

249 4050 411 4131 boni,
465 4053 609 4117 alio
661 4050 844 4117 modo
888 4053 1128 4118 ratione
1173 4054 1430 4118 maioris
1477 4054 1947 4118 coniunctionis.
1999 4055 2210 4120 Primo
2258 4056 2507 4138 quidem
2551 4059 2735 4123 modo

245 4153 621 4221 benefactor
655 4155 751 4218 est
781 4155 983 4239 magis
1015 4155 1398 4240 diligendus:
1433 4156 1583 4238 quia
1614 4175 1757 4220 cum
1788 4157 1871 4220 sit
1895 4157 2267 4241 principium
2290 4159 2436 4222 boni
2467 4160 2530 4222 in
2564 4160 2738 4223 bene-

242 4254 479 4335 ficiato,
503 4257 711 4322 habet
731 4257 1223 4322 excellentiorem
1248 4258 1394 4323 boni
1417 4259 1723 4323 rationem
1748 4260 1913 4323 sicut
1929 4260 1994 4323 et
2007 4260 2080 4324 de
2095 4262 2272 4343 patre
2295 4260 2531 4325 dictum
2557 4264 2731 4327 est».

334 4356 493 4430 165.
540 4360 633 4423 Ε1
668 4359 816 4423 11666
847 4359 1096 4441 quidem
1128 4361 1332 4442 quoad
1363 4362 1630 4444 primam
1663 4363 1903 4443 partem
1942 4362 2355 4445 responsionis
2388 4363 2729 4446 Laymann.

242 4458 467 4541 Quoad
509 4461 859 4527 secundam
897 4480 1061 4539 vero,
1095 4483 1254 4545 quae
1302 4464 1435 4548 agit
1481 4465 1555 4528 de
1602 4465 1884 4539 caritate,
1922 4466 1981 4528 vi
2030 4465 2207 4528 cuius
2247 4468 2536 4547 optamus
2570 4467 2729 4530 bona

238 4565 528 4628 nondum
555 4580 867 4647 possessa,
900 4564 987 4628 sic
1018 4563 1180 4630 idem
1212 4585 1260 4629 s.
1293 4566 1566 4631 Thomas
1590 4568 1651 4629 2.
1681 4568 1741 4629 2.
1771 4584 1829 4647 q.
1858 4568 1962 4629 26.
1998 4570 2116 4631 art.
2141 4568 2198 4630 7.
2220 4589 2235 4631 :
2261 4565 2430 4631 «Sed
2461 4568 2727 4631 intensio
