3497 5147
317 368 465 444 [285]
850 384 935 425 nn
972 384 1451 427 coomeA'nomc.
1493 388 1574 427 Au
1611 387 1835 428 mcum
1873 389 2245 431 MA‘mmAms
2676 374 2784 430 207

1123 545 1301 611 Unde
1332 545 1600 610 resolves
1636 494 1746 612 izos
1786 548 2006 614 Casus.

430 706 705 761 Lxxxln.
738 708 783 758 l.
802 707 904 760 Hoc
929 709 1074 760 modo
1101 706 1231 760 licite
1258 707 1570 761 materialiter
1595 717 1890 775 cooperatur
1921 724 2098 776 sponsa
2120 715 2414 765 contrahens
2441 727 2550 766 cum
2578 728 2778 780 sponsu,

321 807 465 859 quem
504 792 599 845 scit
630 794 995 845 Sacramentum
1026 792 1243 858 accipere
1287 791 1334 845 in
1382 800 1581 858 peccato
1621 794 1831 847 mortali.
1869 795 2038 847 Sciens
2079 809 2197 848 vero
2236 811 2345 850 eum
2397 800 2580 851 habere
2618 806 2786 852 votum

322 879 580 943 castitatiS,
608 887 778 946 peccat
811 881 1146 932 contrahendo
1172 894 1281 933 cum
1319 879 1427 946 ipso
1439 894 1453 946 ;
1480 879 1592 945 quia
1629 883 1690 934 ad
1730 886 2033 935 contractum
2072 882 2292 936 illicitum
2327 883 2589 937 concurrit.
2618 887 2785 949 Laym.

322 968 356 1021 l.
380 981 423 1019 c.
453 980 515 1018 ex
543 968 720 1018 Sancti.
748 968 781 1016 l.
807 965 860 1017 7.
876 961 955 1028 ,dc
977 964 1146 1019 Matr.
1172 967 1218 1017 d.
1251 967 1332 1017 Η.
1358 980 1406 1018 ιι.
1442 968 1519 1017 lt.

413 1069 601 1144 284.
636 1073 982 1138 Discrimen
1028 1074 1189 1138 inter
1221 1074 1555 1155 utrumque
1602 1094 1816 1141 casum
1863 1078 1976 1153 eet,
2011 1078 2176 1158 quod
2222 1078 2285 1141 in
2333 1078 2523 1160 priori
2561 1097 2787 1161 sponsa

326 1177 697 1243 contrahens
744 1195 886 1240 cum
918 1175 1246 1241 exsistente
1291 1177 1357 1240 in
1388 1178 1659 1260 peccatu,
1694 1197 1817 1243 non
1848 1180 2160 1244 concurrit
2206 1180 2283 1244 ad
2330 1181 2639 1245 actionem
2680 1201 2787 1264 per

323 1300 387 1345 se
419 1279 655 1344 malam
687 1298 797 1343 nec
826 1277 1065 1343 inducit
1095 1279 1328 1344 malam
1360 1279 1618 1345 alterius
1650 1281 2040 1346 voluntatem
2073 1284 2136 1347 et
2171 1283 2424 1360 iustam,
2461 1286 2534 1348 ut
2565 1302 2788 1366 suppo·

323 1385 515 1457 nitur,
550 1383 739 1447 habet
769 1400 1023 1446 causam
1055 1383 1472 1447 contrahendi.

410 1487 485 1550 In
515 1484 782 1550 secundo
817 1503 959 1549 vero
996 1504 1146 1548 casu
1178 1487 1534 1552 contractus
1571 1506 1790 1571 nempe
1835 1508 1976 1553 cum
2015 1490 2213 1572 ligato
2253 1492 2400 1554 voto
2448 1490 2784 1565 castitatis),

326 1590 462 1673 ipsa
495 1587 890 1670 desponsatio
922 1587 1019 1651 est
1050 1588 1179 1652 Deo
1226 1587 1525 1653 iniuriosa
1563 1593 1626 1653 et
1662 1591 2021 1655 contractus
2052 1594 2147 1657 est
2184 1592 2444 1657 illicitus
2478 1592 2605 1673 (a);
2642 1593 2789 1673 quia

324 1712 474 1757 cum
504 1693 726 1756 votum
770 1691 854 1754 sit
900 1689 1412 1772 impedimentum
1468 1692 1874 1768 matrimonii,
1912 1692 2048 1774 ipsa
2103 1692 2343 1756 actione
2390 1691 2791 1756 contrahendi

334 1798 597 1876 uterque
629 1794 848 1857 coniux
874 1792 1070 1856 violat
1102 1794 1301 1877 legem
1335 1792 1661 1870 Ecclesiae,
1688 1813 1812 1858 non
1837 1813 2011 1860 secus
2038 1814 2109 1858 ac
2139 1794 2356 1859 illicite
2381 1796 2788 1871 concurreret,

325 1898 389 1987 si
434 1895 938 1979 impedimentum
985 1898 1147 1960 esset
1187 1895 1497 1974 dirimenS‚
1545 1897 1694 1960 licet
1738 1897 1925 1961 huius
1973 1916 2158 1962 causa
2206 1897 2501 1962 resideret
2545 1898 2609 1961 in
2657 1897 2789 1961 solo

326 2017 581 2083 sponse,
618 2018 675 2061 v.
705 2019 798 2082 gr.
834 1998 999 2079 quod
1030 1999 1115 2062 sit
1144 1998 1346 2081 impos
1381 1999 1477 2063 vel
1512 1998 1776 2064 infidelis
1808 2002 1922 2064 etc.

420 2102 651 2183 Dispar
681 2101 775 2165 est
807 2101 1018 2164 autem
1052 2101 1234 2176 rati0,
1268 2120 1411 2164 cum
1443 2102 1653 2185 agitur
1684 2101 1758 2165 de
1796 2102 2045 2184 peccato
2080 2104 2194 2167 aut
2223 2103 2414 2167 etiam
2446 2122 2792 2167 excommu-

328 2203 641 2268 nicatione
688 2203 944 2267 alterius
992 2203 1216 2286 partis;
1268 2203 1414 2284 quia
1460 2204 1611 2268 haec
1657 2223 1778 2270 non
1827 2206 1976 2269 sunt
2021 2206 2532 2288 impedimentum
2577 2206 2793 2270 matri-

326 2307 543 2381 monii,
586 2310 774 2387 atque
811 2306 962 2369 adeo
995 2325 1117 2370 non
1151 2306 1427 2370 efficiunt
1457 2308 1848 2371 contractum
1879 2307 1944 2371 in
1983 2327 2045 2371 se
2077 2308 2394 2385 vitiosum,
2434 2309 2538 2373 sed
2586 2309 2792 2374 solum

325 2409 638 2473 inducunt
682 2407 1120 2492 indignitatem
1169 2427 1240 2471 ex
1275 2409 1452 2490 parte
1490 2408 1859 2491 recipienti3‚
1895 2410 2002 2491 qui
2050 2410 2175 2473 illis
2214 2411 2476 2475 vinculis
2525 2413 2789 2491 tenetur,

327 2509 860 2594 quemadmodum
891 2510 1129 2575 faciunt
1158 2510 1483 2596 indignum
1517 2510 1838 2576 accedendi
1886 2512 2076 2576 etiam
2111 2512 2188 2576 ad
2225 2512 2351 2578 alia
2383 2515 2790 2578 sacramenta.

424 2616 561 2699 Ipse
585 2633 732 2699 ergo
767 2614 885 2679 sibi
915 2614 1202 2679 consulat
1227 2617 1289 2678 et
1321 2615 1454 2679 sola
1486 2615 1714 2679 caritas
1745 2615 1986 2680 iubebit
2016 2635 2113 2679 me
2145 2615 2440 2700 impedire
2473 2618 2794 2700 peccatum

328 2719 488 2795 eius»,
522 2718 653 2781 sine
689 2717 870 2801 gravi
900 2715 1308 2781 incommodo.

418 2819 595 2900 Quod
648 2821 859 2884 autem
892 2818 1120 2883 dicitur
1168 2818 1241 2882 de
1275 2818 1420 2882 voto
1470 2819 1802 2895 castitatiS,
1838 2820 2107 2904 idipsum
2153 2821 2275 2885 dici
2311 2820 2491 2885 debet
2537 2821 2610 2885 de
2648 2823 2794 2887 voto

334 2923 656 3008 religionis
706 2925 819 2987 aut
863 2921 1232 3004 suscipiendi
1280 2940 1487 2986 sacros
1539 2921 1781 2987 ordines
1820 2924 1932 2987 aut
1976 2942 2142 2988 mere
2187 2943 2310 2989 non
2357 2925 2623 2988 nubendi
2657 2925 2794 3002 etc.;

333 3027 485 3109 quia
516 3027 669 3090 haec
700 3027 848 3089 vota
880 3024 1114 3107 pariter
1144 3023 1446 3088 inducunt
1468 3024 1981 3108 impedimentum
2013 3028 2076 3090 et
2108 3025 2386 3090 efficiunt
2409 3027 2799 3090 contractum

332 3147 459 3211 qua
507 3128 863 3192 contractus
911 3128 1024 3204 est,
1062 3125 1381 3190 vitiosum.
1426 3125 1546 3190 Vid
1594 3124 1863 3191 Sanchez
1903 3127 1977 3191 de
2014 3125 2217 3191 Matr.
2251 3127 2358 3191 lib.
2404 3128 2461 3191 7.
2496 3127 2651 3210 disp.
2694 3128 2794 3190 11.

330 3253 391 3296 n.
432 3230 536 3295 11.
576 3232 638 3294 et
668 3228 886 3314 Laym.
918 3228 1024 3293 lib.
1062 3230 1121 3292 2.
1158 3230 1337 3293 tract.
1381 3229 1440 3292 3.
1476 3249 1608 3313 cap.
1647 3230 1748 3293 13.
1785 3251 1845 3294 n.
1883 3231 1943 3294 4.

440 3368 723 3421 Lxxxiv.
765 3370 812 3419 2.
838 3365 991 3418 Licite
1029 3379 1227 3431 quoque
1266 3372 1375 3432 post
1414 3366 1773 3419 matrimonium
1811 3374 2113 3421 contractum
2151 3367 2469 3422 materialiter
2505 3374 2799 3434 cooperatur

326 3453 529 3518 coniux,
557 3450 598 3504 si
636 3449 832 3515 coniugi
869 3448 1108 3502 obstricto
1145 3456 1265 3502 voto
1302 3449 1540 3504 castitatis
1580 3451 1753 3504 reddat
1790 3451 2039 3505 debitum:
2065 3452 2163 3505 imo
2201 3455 2263 3505 ad
2301 3452 2351 3505 id
2389 3459 2580 3505 tenetur
2619 3467 2681 3505 ex
2720 3453 2797 3504 iu-

331 3538 481 3604 stitia,
508 3536 551 3590 si
589 3549 700 3590 eum
739 3534 1013 3598 exigentem
1049 3548 1146 3588 non
1185 3534 1341 3601 possit
1377 3550 1404 3587 a
1446 3534 1702 3601 proposito
1738 3550 1977 3604 avocare3
2001 3536 2201 3590 ibidem.

424 3637 609 3711 285.
645 3639 925 3704 Dicitur:
959 3639 1019 3703 si
1052 3659 1181 3704 non
1212 3642 1424 3720 potest
1451 3659 1591 3703 eum
1619 3660 1878 3704 avocare
1890 3662 1912 3718 ,·
1955 3641 2103 3722 quia
2133 3642 2362 3707 caritas
2393 3642 2695 3726 postulat,
2731 3643 2805 3707 ut

339 3765 377 3809 a
409 3745 662 3828 peccato
708 3741 1060 3824 proximum
1109 3760 1457 3806 avocemus.
1495 3742 1860 3806 Doctrinam
1916 3744 2129 3808 autem
2173 3745 2332 3809 hanc
2365 3764 2412 3810 s.
2446 3745 2803 3829 Alphonsus

334 3847 444 3911 lib.
475 3848 536 3910 2.
563 3865 623 3909 n.
652 3845 757 3908 62.
784 3845 1351 3908 commum‘ssimam
1374 3844 1559 3909 vocat
1581 3845 1645 3909 et
1646 3844 2156 3924 probabzliorem.
2177 3847 2436 3913 Perinde
2455 3851 2551 3914 est
2571 3850 2802 3928 autem,

328 3970 401 4016 ac
447 3949 503 4014 si
548 3948 817 4012 creditor
869 3946 1125 4030 quidam
1175 3948 1396 4013 votum
1443 3947 1691 4013 fecisset
1735 3967 1859 4014 non
1906 3949 2185 4033 exigendi
2233 3952 2575 4034 pecuniam,
2616 3971 2806 4034 quam

340 4055 502 4119 alter
545 4051 668 4135 ipsi
705 4050 983 4134 alioquin
1014 4050 1212 4115 debet.
1252 4050 1417 4115 Nam
1462 4051 1518 4116 si
1554 4050 1823 4117 creditor
1853 4053 2062 4138 exigat
2109 4073 2265 4133 eam,
2301 4056 2514 4138 peccat
2558 4055 2808 4137 quidem

338 4158 559 4224 contra
590 4159 813 4223 votum
858 4175 1079 4232 suum3
1115 4155 1220 4220 sed
1253 4155 1493 4221 debitor
1540 4176 1663 4222 non
1709 4157 1935 4224 idcirco
1968 4159 2270 4224 liberatur
2317 4161 2394 4224 ab
2428 4159 2808 4244 obligatione

339 4259 639 4325 solvendi.

430 4361 551 4428 Sed
581 4362 809 4438 nescio,
842 4382 952 4426 cur
1000 4363 1116 4427 hoc
1161 4363 1297 4427 loco
1330 4382 1451 4429 non
1500 4362 1837 4429 advocetur
1880 4382 2077 4444 neque
2110 4383 2147 4427 a
2178 4382 2225 4428 s.
2254 4363 2571 4446 Alphonso
2611 4383 2807 4446 neque

346 4467 424 4530 ab
478 4465 751 4530 Auctore
814 4464 938 4528 alia
1007 4463 1308 4542 doctrina,
1364 4484 1555 4547 quam
1614 4465 1678 4529 in
1741 4465 2046 4531 eiusmodi
2091 4464 2334 4530 casibus
2402 4485 2548 4548 prae
2611 4465 2804 4530 oculis

430 4689 494 4739 (al
523 4688 628 4733 Hoc
658 4687 713 4731 in
743 4700 865 4731 casu
892 4687 1173 4741 cooperatio
1203 4689 1284 4731 est
1316 4685 1553 4730 formalis.
1576 4686 1631 4729 E.
