3497 5147
648 336 723 390 58
866 350 1078 390 macr.
1122 350 1174 389 v.
1214 348 1376 389 sacr.
1417 349 1453 387 1.
1495 349 1580 388 nn
1618 347 1992 390 PRAnom’ns
2029 348 2218 390 rrum.
2260 348 2458 391 CAPUT
2493 350 2576 391 1v.
2612 349 2756 390 Dus.
2794 350 2885 391 111.
2998 334 3108 409 [82]

728 445 1080 529 Propositio
1114 447 1324 509 tamen
1358 444 1641 509 veritatis
1672 444 2005 509 credendae
2035 464 2158 510 non
2191 464 2315 510 uno
2363 445 2548 510 modo
2586 445 2662 509 fit
2694 445 2772 510 ab
2810 445 3106 511 Ecclesia.

641 547 801 613 Sane
831 549 893 612 in
910 549 1057 613 sect.
1085 550 1146 611 3.
1173 547 1433 613 Concilii
1458 548 1752 612 Vaticani
1781 547 1932 612 Pius
1956 548 2066 611 IX.
2094 546 2306 613 Const.
2334 548 2694 633 dogmatica
2724 546 2855 612 Dei
2871 548 3108 628 Fam,

641 658 903 723 statuit:
938 680 974 714 «
997 655 1115 721 fide
1147 656 1357 720 divina
1382 658 1445 720 et
1475 655 1784 720 catholica
1807 675 1880 725 ea
1906 657 2113 719 omnia
2145 656 2443 721 credenda
2466 674 2618 734 esse,
2646 657 2897 738 quaein
2922 658 3106 722 verbo

642 760 754 825 Dei
777 758 1009 841 scripto
1034 757 1133 822 vel
1157 757 1393 823 tradito
1430 758 1828 822 continentur
1865 759 1929 822 et
1959 758 2038 821 ab
2069 758 2343 823 Ecclesia
2373 759 2502 822 sive
2531 756 2823 822 sollemni
2848 758 3097 833 iudicio,

566 940 574 949 ⁵
639 864 768 928 sive
799 861 1125 926 ordinario
1156 865 1219 925 et
1245 861 1595 925 universali
1624 863 1986 943 mayistcrio
2018 865 2321 944 tanquam
2352 862 2653 927 divinitus
2684 864 2962 928 revelata
2986 882 3113 928 cre·

644 965 841 1031 denda
872 966 1303 1047 proponuntur
1335 989 1396 1025 ».

733 1066 1034 1145 Quocirca
1058 1084 1199 1129 cum
1223 1066 1497 1129 Ecclesia
1521 1066 1684 1130 clare
1713 1069 1779 1130 et
1808 1067 2134 1131 manifeste
2165 1068 2473 1150 proponat
2501 1067 2863 1157 credendam
2888 1087 2937 1133 s.
2955 1065 3112 1132 Scri-

648 1171 901 1253 pturam
932 1171 997 1232 et
1034 1168 1242 1232 omnia
1290 1187 1361 1231 ac
1398 1168 1648 1251 singula
1680 1169 1743 1231 in
1783 1188 1856 1232 ea
1887 1170 2473 1250 contentazquoties
2496 1169 2823 1234 manifeste
2868 1171 3112 1234 constet

646 1270 883 1354 aliquid
915 1271 980 1334 in
1011 1269 1332 1353 Scriptura
1372 1270 1693 1343 contineri,
1742 1289 1937 1352 aeque
1983 1270 2164 1335 debet
2209 1273 2511 1348 constare,
2561 1271 2624 1335 id
2671 1272 2848 1336 nobis
2894 1272 2974 1335 ab
3003 1270 3113 1335 Ec-

645 1376 833 1439 clesia
879 1373 1159 1456 proponi.
1217 1372 1548 1436 Dissensus
1595 1391 1741 1455 ergo
1792 1392 1916 1437 non
1963 1376 2172 1455 posset
2219 1374 2497 1437 excusari
2545 1374 2622 1437 ab
2659 1373 2899 1438 haeresi
2943 1392 3112 1456 prae-

645 1480 821 1542 textu
868 1477 1140 1541 defectus
1188 1476 1629 1559 propositionis
1675 1475 2003 1541 Ecclesiae.
2053 1477 2229 1560 Lugo
2278 1476 2353 1540 dc
2385 1476 2548 1540 Fide
2585 1477 2741 1560 disp.
2778 1479 2881 1541 20.
2915 1497 2976 1540 n.
3004 1478 3110 1540 58.

645 1579 821 1645 Sicut
868 1581 1074 1643 tamen
1111 1598 1233 1642 non
1282 1598 1492 1643 omnes
1538 1578 1753 1643 eodem
1797 1579 1981 1644 modo
2016 1581 2252 1662 pollent
2287 1581 2428 1645 visu
2450 1581 2549 1645 vel
2581 1580 2820 1656 auditu,
2862 1581 2954 1645 ita
2989 1599 3112 1644 non

648 1701 857 1747 omnes
890 1682 1129 1764 pollent
1157 1680 1371 1744 eadem
1395 1679 1856 1764 Scripturarum
1887 1682 2323 1766 intelligentia.
2359 1682 2563 1761 Quare
2587 1684 2651 1759 ii,
2692 1682 2917 1764 quibus
2948 1686 3115 1747 certe

646 1787 893 1850 constat
923 1783 997 1848 de
1057 1803 1241 1847 sensu
1288 1782 1642 1867 Scripturae
1689 1784 1782 1848 ita
1828 1786 1903 1849 ut
1953 1784 2287 1867 prudenter
2346 1804 2469 1850 non
2517 1786 2760 1868 possint
2803 1784 3113 1861 dubitare,

645 1906 768 1951 non
816 1885 952 1950 ideo
1001 1887 1389 1961 excusantur,
1431 1887 1579 1967 quia
1625 1886 1734 1949 alii
1772 1906 1845 1950 ex
1876 1886 2116 1951 defectu
2164 1887 2456 1952 scientiae
2502 1888 2602 1952 vel
2647 1887 3013 1970 capacitatis
3050 1888 3114 1951 id

645 1988 874 2072 negent
922 1990 1034 2051 aut
1081 1987 1154 2050 de
1185 2006 1254 2051 eo
1304 1987 1609 2052 dubitent.
1652 1988 1731 2050 Et
1778 1989 2004 2051 iterum
2044 1989 2126 2065 id,
2161 1989 2327 2070 quod
2360 1990 2502 2054 istis
2550 1991 2669 2055 erit
2714 1990 2788 2054 de
2841 1990 2960 2054 fide
2992 2009 3116 2053 cre-

647 2088 933 2165 dendum,
969 2088 1195 2170 quibus
1227 2089 1628 2152 manifestum
1658 2089 1816 2153 illud
1852 2091 1966 2166 est,
2001 2109 2123 2154 non
2160 2091 2280 2155 erit
2309 2093 2518 2157 tamen
2550 2091 2624 2156 de
2654 2091 2773 2155 fide
2806 2092 3115 2169 omnibuS,

647 2192 796 2275 quia
827 2210 949 2255 non
974 2192 1066 2255 ita
1090 2191 1256 2255 clare
1275 2191 1557 2272 loquitur
1581 2190 1902 2275 Scriptura
1934 2194 2007 2255 ut
2038 2193 2237 2276 possit
2261 2193 2339 2256 ab
2363 2194 2650 2259 omnibus
2681 2193 3116 2258 animadverti.

651 2293 833 2378 Lugo
869 2293 1019 2357 ibid.
1054 2313 1115 2356 n.
1156 2294 1260 2358 59.

745 2395 939 2459 Addit
975 2396 1153 2482 Lugo
1193 2417 1252 2460 n.
1305 2397 1432 2474 60.‚
1468 2416 1590 2461 non
1620 2397 1806 2461 modo
1841 2416 2057 2461 verum
2103 2397 2333 2463 crimen
2379 2399 2703 2462 haereseos
2725 2398 3118 2463 committere

648 2499 753 2564 sed
785 2519 915 2564 esse
954 2500 1197 2584 proprie
1252 2500 1316 2562 et
1368 2518 1509 2563 vere
1554 2498 1935 2563 haereticum
1991 2499 2190 2576 illum,
2231 2500 2340 2582 qui
2394 2500 2721 2565 dissentiat
2769 2520 2804 2564 a
2850 2502 3119 2566 veritate

648 2604 811 2667 clare
847 2603 1168 2687 proposita
1223 2603 1286 2665 in
1341 2600 1696 2684 Scriptum,
1755 2603 1809 2667 si
1846 2603 2256 2667 communiter
2313 2602 2523 2667 fideles
2570 2623 2713 2669 eum
2760 2602 3119 2688 Scripturae

648 2725 898 2771 sensum
941 2705 1270 2769 manifeste
1319 2704 1668 2786 percipiunt
1714 2705 1780 2768 et
1815 2704 2242 2768 indubitanter
2273 2704 2549 2783 credunt,
2598 2705 2744 2769 licet
2776 2705 2972 2788 aliqui
3018 2726 3120 2769 ru-

647 2807 848 2872 diores
894 2807 1075 2870 illum
1106 2824 1230 2870 non
1262 2806 1622 2888 percipiant.

737 2908 802 2974 Si
836 2911 1044 2974 tamen
1082 2909 1494 2973 communiter
1525 2910 1597 2973 de
1622 2928 1693 2973 eo
1726 2927 1911 2974 sensu
1942 2910 2281 2986 dubitetur,
2317 2910 2596 2993 peccabit
2624 2909 2874 2991 quidem
2896 2912 3116 2975 contra

649 3012 851 3089 fidem,
890 3013 998 3093 qui
1036 3030 1286 3076 sensum
1317 3012 1555 3075 certum
1593 3014 1807 3076 teneat
1837 3014 1900 3075 et
1932 3014 2140 3076 tamen
2173 3011 2529 3076 dissentiat:
2556 3013 2960 3077 veruntamen
2990 3032 3116 3078 non

648 3117 998 3179 censeretur
1043 3113 1286 3197 proprie
1333 3116 1397 3177 et
1432 3115 1646 3178 stricte
1677 3114 2053 3192 haereticum
2088 3116 2237 3197 quia
2266 3115 2538 3180 haeresis
2569 3115 2720 3179 dicit
2749 3116 3114 3181 divisionem

651 3218 715 3280 et
759 3217 1107 3281 haereticus
1141 3215 1394 3299 proinde
1425 3216 1672 3294 dicitur,
1707 3217 1818 3298 qui
1849 3217 2074 3281 dividit
2111 3217 2421 3281 unitatem
2452 3217 2762 3282 Ecclesiae
2810 3220 2874 3282 et
2919 3238 2984 3283 se
3029 3238 3120 3284 se·

649 3321 875 3404 gregat
922 3340 959 3383 a
1004 3320 1242 3402 reliquo
1290 3337 1544 3402 corpore
1582 3317 1910 3397 Ecclesiae,
1944 3318 2092 3382 dum
2132 3320 2534 3402 pervicaciter
2563 3321 2735 3384 tenet
2766 3321 3118 3404 opinionem

650 3425 869 3487 contra
915 3421 979 3485 id
1009 3421 1173 3504 quod
1207 3421 1480 3485 Ecclesia
1511 3420 1724 3485 sentit.

739 3524 996 3605 Quando
1045 3542 1246 3588 sermo
1294 3524 1378 3587 sit
1423 3523 1497 3586 de
1544 3523 1884 3587 assertione
1931 3523 2327 3609 Theologica,
2379 3544 2538 3607 quae
2586 3525 2718 3589 scil.
2765 3525 3017 3590 ducitur
3045 3547 3118 3592 ex

651 3627 892 3691 duabus
934 3626 1309 3710 praemissiS,
1359 3645 1623 3707 quarum
1673 3624 1872 3689 altera
1918 3627 2003 3690 sit
2048 3628 2389 3712 propositio
2437 3628 2733 3706 revelata,
2784 3628 2910 3693 alja
2973 3649 3119 3695 vero

652 3730 898 3793 evidens
946 3728 1215 3810 quidem,
1265 3728 1370 3791 sed
1416 3745 1538 3792 non
1586 3727 1889 3805 revelata;
1923 3729 2032 3810 qui
2077 3748 2215 3794 eam
2243 3732 2454 3813 negat,
2489 3729 2609 3795 erit
2653 3730 3022 3809 haereticae,
3062 3731 3120 3796 si

650 3832 816 3896 ratio
845 3830 1112 3915 negandi
1141 3830 1396 3912 petatur
1431 3849 1503 3892 ex
1532 3831 1864 3913 negatione
1894 3832 2266 3913 praemissae
2296 3833 2633 3896 revelatae:
2667 3852 2791 3897 non
2822 3833 2941 3898 erit
2969 3852 3120 3899 vero

651 3936 1017 4012 haereticuS,
1066 3935 1121 3998 si
1166 3933 1352 4016 neget
1382 3932 1519 3996 ideo
1552 3932 2027 4012 conclusionem,
2054 3936 2203 4016 quia
2249 3936 2438 4019 negat
2483 3936 2597 4001 aut
2627 3937 2958 4002 veritatem
2982 3957 3120 4020 pro-

652 4038 980 4122 positionis
1028 4035 1328 4100 evidentis
1376 4033 1481 4098 sed
1528 4052 1650 4098 non
1686 4035 1998 4099 revelatae
2046 4037 2161 4100 aut
2205 4040 2394 4121 negat
2424 4038 2752 4103 veritatem
2785 4037 3118 4105 illationis.

651 4140 829 4225 Lugo
861 4141 905 4203 1.
938 4160 989 4203 c.
1024 4159 1084 4204 n.
1123 4139 1226 4201 68.
1262 4136 1440 4216 Quod
1486 4138 1696 4200 tamen
1727 4156 1852 4201 non
1899 4139 2087 4212 valet,
2121 4139 2176 4203 si
2206 4139 2358 4204 haec
2387 4141 2700 4207 conclusio
2733 4143 3120 4226 proponatur

653 4245 730 4309 ab
770 4245 903 4327 ipso
951 4240 1258 4305 Ecclesiae
1288 4239 1651 4322 magisterio
1684 4239 2003 4318 credenda,
2047 4243 2119 4305 ut
2143 4243 2367 4324 probat
2395 4263 2548 4308 usus
2580 4245 2907 4321 Ecclesiae,
2958 4265 3121 4328 quae

651 4366 775 4412 non
808 4344 1120 4410 credentes
1156 4344 1269 4406 has
1302 4341 1724 4405 conclusiones
1772 4360 1809 4405 a
1856 4361 1920 4406 se
1958 4343 2217 4420 elicitas,
2254 4346 2651 4411 anathemate
2699 4347 2862 4412 ferit.

745 4449 814 4510 In
850 4446 983 4509 soro
1019 4445 1230 4509 autem
1278 4444 1547 4520 externe,
1598 4462 1742 4508 cum
1789 4463 1911 4510 non
1956 4451 2396 4528 praesumatur
2441 4449 2581 4530 quis
2626 4468 2852 4534 negare
2898 4468 3124 4534 propo·

656 4548 943 4611 sitionem
1000 4545 1404 4629 praemissam
1467 4545 1815 4611 evidentem
1885 4552 1997 4614 aut
2065 4551 2192 4614 vim
2239 4551 2542 4616 illationis
2596 4551 2938 4636 legitimae,
2999 4553 3122 4619 iste
