3497 5147
656 332 764 385 554
978 342 1191 384 TRAcT.
1218 343 1298 384 v1.
1327 340 1489 383 smo‘r.
1514 341 1606 382 111.
1631 341 1718 381 nn
1741 339 1966 381 marro
1991 339 2207 381 paam.
2237 339 2565 383 vacuom.
2592 339 2735 381 nun.
2765 338 2806 379 1.
2966 323 3120 399 [743]

767 441 896 493 ΧΙΙΙ.
930 441 977 493 2.
1004 440 1103 493 Nec
1140 436 1256 493 licet
1291 451 1453 491 emere
1494 443 1542 489 et
1583 437 1794 490 vendere
1832 449 1909 489 res
1947 450 2041 489 non
2079 435 2400 501 necessariaS,
2430 434 2670 500 negotiari
2699 433 2894 500 publice
2922 436 3000 488 ve!
3029 433 3143 510 pri-1

659 523 826 584 vatim,
846 523 966 576 inire
993 528 1273 576 contractus
1298 520 1577 587 emptionis,
1600 518 1872 583 locationiS,
1898 519 2273 585 permutationis
2297 528 2392 573 etc.
2429 519 2545 584 (nisi
2571 534 2631 573 ex
2660 517 3014 573 consuetudine
3041 520 3123 572 vel

659 607 769 660 aliis
807 606 948 661 iustis
988 606 1149 660 causis
1186 609 1536 672 excusentur);
1570 604 1680 670 quia
1716 600 2054 668 intelliguntur
2092 604 2285 656 nomine
2325 612 2584 666 mercatus
2612 603 2696 669 qui
2736 602 3013 670 prohibitus
3051 609 3127 656 est

659 706 703 745 c.
736 695 778 745 1.
807 691 871 745 de
896 690 1094 759 Feriis,
1123 696 1176 743 ut
1201 693 1342 743 docet
1372 690 1490 742 Bon.
1519 704 1579 742 ex
1607 693 1748 742 suar.
1779 704 1821 742 c.
1856 691 1934 740 13.
1962 695 2010 741 et
2036 688 2144 742 Fill.
2170 696 2205 741 t.
2237 690 2321 741 27.
2348 703 2393 740 c.
2427 690 2506 741 io.
2538 703 2585 753 q.
2613 690 2663 740 2.
2693 702 2738 740 n.
2774 688 2890 740 180.

1356 866 1459 933 De
1490 871 1783 931 mercatu.
1828 866 1997 948 Quid
2023 865 2435 949 siqnificetur.

755 1035 932 1109 743.
966 1039 1231 1104 Nomine
1262 1040 1573 1102 mercatus
1598 1037 1699 1102 hei
1722 1037 1845 1102 duo
1871 1036 2170 1101 cmaxime
2202 1037 2481 1115 veniunt,
2513 1036 2576 1099 1⁰
2601 1036 2733 1101 scil.
2766 1036 3123 1102 contractus

665 1143 1071 1227 emptionum,
1120 1140 1566 1217 venditionum,
1615 1140 2000 1204 locationum
2047 1141 2194 1204 etc.:
2247 1141 2316 1203 2ο
2364 1139 2648 1222 publicae
2696 1140 2760 1204 et
2805 1138 3132 1204 sollemnes

665 1244 995 1322 nundinae,
1030 1262 1188 1326 quae
1219 1243 1403 1307 certis
1451 1242 1833 1325 temporibus
1884 1242 1978 1306 bis
2012 1241 2110 1307 vel
2142 1243 2331 1307 semel
2362 1243 2426 1306 in
2476 1261 2656 1320 anno,
2689 1240 3134 1327 negotiationis

665 1365 875 1422 causa,
926 1346 988 1409 in
1033 1345 1217 1410 certis
1262 1345 1416 1409 locis
1462 1343 1882 1409 instituuntur
1929 1344 2027 1409 vel
2074 1363 2231 1426 quae
2279 1347 2446 1409 certo
2510 1344 2780 1426 quodam
2834 1343 2932 1407 die
2976 1342 3136 1406 fiunt

668 1449 938 1534 singulis
968 1447 1390 1513 hebdomadis.

1601 1584 1824 1666 Quoad
1864 1585 2205 1648 nundinas.

760 1737 941 1812 744.
989 1741 1317 1807 Nundinae
1364 1761 1603 1807 annuae
1651 1742 1881 1806 alicubi
1929 1760 1999 1806 ex
2047 1741 2489 1807 consuetudine
2548 1742 2999 1825 permittuntur
3045 1742 3141 1806 die

670 1847 851 1910 festo.
884 1844 1098 1927 Neque
1135 1844 1307 1910 deest
1349 1845 1520 1910 iusta
1551 1862 1739 1908 causa
1788 1844 1937 1908 talis
1981 1844 2425 1927 permissionis,
2461 1845 2662 1909 maior
2708 1844 2839 1908 scil.
2874 1862 3145 1909 commo-

673 1947 838 2011 ditas
870 1947 1083 2029 populi
1114 1947 1477 2029 praesertim
1509 1945 1887 2011 rusticorum
1912 1949 1975 2010 et
1999 1964 2364 2029 pauperum,
2398 1946 2508 2029 qui
2546 1946 2686 2011 aliis
2718 1946 2934 2011 diebus
2958 1965 3144 2031 aegre

673 2049 938 2133 possunt
968 2067 1185 2131 operas
1216 2067 1361 2113 suas
1393 2049 1684 2113 deserere.
1718 2049 1985 2134 Egomet
2008 2051 2219 2113 tamen
2245 2049 2505 2126 adverti,
2540 2049 2823 2114 sublatas
2854 2050 2968 2114 has
2993 2070 3145 2114 nun-

676 2151 853 2216 dinas
884 2149 1094 2227 fuisse,
1128 2150 1324 2215 sicubi
1356 2151 1615 2232 antiqua
1645 2151 2088 2216 consuetudine
2126 2171 2249 2217 non
2280 2152 2765 2218 defenderentur.

766 2252 984 2333 Quoad
1020 2252 1533 2317 hebdomadarias
1580 2272 1745 2332 vero,
1786 2255 1988 2337 reipsa
2025 2273 2146 2318 non
2195 2256 2648 2319 consueverunt
2692 2255 2789 2320 die
2836 2255 3146 2320 dominica

676 2357 910 2434 haberi,
944 2356 1049 2422 sed
1082 2357 1205 2421 alia
1243 2355 1514 2439 quadam
1546 2356 1643 2420 die
1674 2356 1836 2420 infra
1869 2357 2341 2422 hebdomadam.
2377 2357 2555 2437 Quod
2601 2357 2656 2422 si
2693 2358 2757 2422 in
2795 2376 2933 2423 eam
2981 2358 3145 2424 diem

675 2460 906 2526 festum
945 2458 1196 2540 aliquod
1241 2457 1556 2535 incideret,
1591 2452 1911 2522 transferri
1959 2462 2411 2524 consueverunt
2455 2459 2519 2523 in
2552 2459 3016 2543 praecedentem
3048 2462 3147 2525 vel

678 2564 1154 2645 subsequentem
1186 2561 1369 2627 diem.

769 2666 1194 2731 Veruntamen
1223 2666 1444 2730 multis
1474 2665 1539 2728 in
1576 2664 1748 2743 locis,
1783 2667 2148 2749 praesertim
2195 2666 2260 2730 in
2306 2666 2505 2751 pagiS,
2540 2685 2696 2749 quos
2742 2667 3152 2733 circumstant

679 2768 985 2852 plurimae
1030 2767 1305 2832 familiae
1350 2767 1703 2833 rusticanae
1733 2768 1798 2832 in
1832 2768 2000 2853 agris
2044 2768 2401 2847 incolentes,
2437 2769 2818 2836 consuetudo
2865 2770 3146 2847 inolevit,

681 2872 757 2935 ut
792 2870 887 2934 sin
918 2870 1124 2934 minus
1155 2870 1482 2948 nundinae,
1509 2870 1738 2953 species
1770 2870 2076 2952 quaedam
2109 2872 2316 2936 tamen
2355 2871 2773 2936 nundinarum
2811 2872 3040 2937 saltem
3073 2872 3149 2937 ad

682 2972 925 3054 aliquas
955 2973 1142 3038 horas
1173 2973 1567 3047 haberentur,
1594 2992 1701 3057 per
1728 2992 1885 3055 quas
1917 2976 2273 3056 prostarent
2311 2992 2384 3038 ea
2414 2993 2623 3039 rerum
2645 2993 2892 3059 genera,
2920 2976 3148 3057 quibus

682 3075 985 3140 rusticani
1013 3074 1288 3158 indigere
1335 3075 1535 3139 solent
1567 3076 1695 3139 sive
1743 3093 1854 3158 pro
1889 3076 2184 3141 alimento
2217 3078 2280 3140 et
2311 3076 2566 3154 vestitu,
2604 3077 2734 3142 sive
2780 3096 2893 3161 pro
2924 3078 3154 3143 instru-

685 3179 910 3242 mentis
937 3177 1013 3241 ad
1036 3179 1268 3242 terram
1288 3178 1607 3243 colendam
1634 3178 1711 3242 ad
1737 3179 1969 3244 aliasve
1993 3180 2410 3245 necessitates
2431 3180 2555 3246 Ubi
2581 3182 2793 3245 autem
2817 3200 3152 3247 concursus

686 3282 782 3344 est
826 3279 1061 3362 populi,
1111 3279 1302 3343 etiam
1362 3282 1734 3345 mercatores
1784 3300 1930 3345 suas
1984 3301 2214 3346 merces
2263 3282 2475 3347 afferre
2535 3282 2757 3347 solent.
2805 3283 2970 3347 Hinc
3033 3304 3152 3349 non

687 3382 936 3458 mirum,
971 3381 1024 3445 si
1061 3382 1366 3464 quaedam
1412 3383 1617 3447 minus
1664 3383 2010 3449 necessaria
2049 3384 2525 3462 admisceantur,
2561 3406 2619 3450 v.
2654 3406 2749 3471 gr.
2784 3386 3009 3452 iocalia
3042 3406 3152 3471 pro

686 3484 912 3569 pueris.
953 3483 1129 3569 Gury
1178 3486 1236 3569 ξ.
1278 3486 1428 3549 356.
1478 3505 1538 3549 n.
1590 3487 1650 3549 5.
1700 3486 1853 3551 dicit
1900 3487 2157 3553 tolerari
2203 3488 2394 3552 etiam
2442 3487 2723 3570 publicas
2770 3488 3152 3554 venditiones

688 3590 803 3654 sub
834 3590 1018 3655 hasta
1041 3589 1259 3654 diebus
1295 3588 1490 3666 festiS‚
1524 3590 1791 3672 peractis
1829 3590 2053 3655 divinis
2094 3591 2347 3665 officiis3
2384 3591 2530 3672 quia
2581 3591 2721 3657 aliis
2757 3591 2976 3658 diebus
3009 3611 3155 3675 pau-

688 3693 883 3757 ciores
914 3694 1119 3757 essent
1148 3694 1599 3758 concurrentes.
1632 3692 1720 3757 At
1753 3693 1917 3776 apud
1949 3711 2061 3758 nos
2092 3694 2208 3757 hoc
2245 3710 2368 3757 non
2400 3693 2591 3778 viget.
2800 3685 2806 3691 ’

1361 3885 1462 3949 De
1503 3887 1918 3967 ›zeyotiatz'one
1956 3890 2016 3949 et
2043 3887 2481 3952 contractibus.

784 4035 959 4111 745.
976 4039 1034 4105 S.
1050 4039 1406 4121 Alphonsus
1426 4060 1484 4102 n.
1500 4038 1648 4102 287.
1675 4040 1965 4114 testatur,
1980 4039 2368 4105 communius
2395 4041 2556 4125 apud
2577 4043 2710 4107 DD.
2731 4045 2982 4110 nomine
3006 4068 3159 4113 mer-

694 4150 869 4209 catus
900 4164 1022 4209 non
1055 4142 1259 4208 venire
1297 4144 1654 4207 contractus
1688 4141 2091 4223 emptionum,
2127 4143 2572 4223 venditionum,
2606 4145 2994 4213 locationum
3019 4154 3155 4229 etc„

696 4253 815 4316 nisi
861 4252 1016 4316 fiant
1060 4250 1308 4334 publica
1357 4247 1797 4324 sollemnitate,
1838 4247 1967 4312 scil.
2003 4268 2144 4313 cum
2191 4250 2621 4316 instrumentis
2669 4256 2732 4317 et
2781 4257 3157 4322 auctoritate

695 4353 935 4417 iudicis.
986 4354 1069 4417 Et
1113 4353 1336 4436 reipsa,
1384 4351 1592 4432 inquit
1637 4350 2014 4437 Schmalzgr.
2063 4353 2170 4417 lib.
2223 4356 2282 4418 2.
2319 4355 2418 4418 tit.
2455 4358 2514 4419 9.
2548 4374 2608 4419 n.
2646 4357 2773 4434 23„
2808 4377 3036 4444 magna
3087 4379 3158 4425 ex

698 4456 872 4538 parte
920 4455 1063 4519 huie
1110 4456 1455 4538 praecepto,
1490 4453 1620 4517 scil.
1654 4471 1776 4517 non
1824 4454 2167 4520 celebrandi
2215 4459 2570 4522 contractus
2619 4459 2979 4527 huiusmodi
3016 4463 3153 4546 (pro

699 4575 821 4638 quo
872 4575 919 4620 s,
959 4556 1144 4639 Alph.
1179 4558 1219 4620 l.
1255 4577 1305 4621 c.
1355 4576 1415 4621 n.
1459 4555 1606 4620 286.
1658 4554 1864 4621 innuit
1908 4557 2222 4623 decretum
2270 4578 2317 4623 s.
2353 4558 2450 4622 Pii
2482 4559 2557 4624 V.
2609 4563 2672 4626 et
2719 4581 2798 4627 ss.
2849 4561 3152 4649 Congreg.
