3497 5147
311 369 442 444 [576]
580 384 748 432 Quas
784 385 861 423 m
896 384 1143 432 QUAN'rA
1183 385 1276 426 srr
1311 381 1642 424 onmoA'rro
1679 379 2024 421 IURAMENTI
2064 380 2450 422 PROmSSORlI
2633 369 2743 424 443

311 484 368 548 et
393 482 575 564 prout
596 481 692 544 est
720 482 1110 564 propositum
1140 481 1204 545 in
1241 500 1312 546 eo
1338 478 1597 544 faciendi
1630 479 1727 543 vel
1764 496 1886 541 non
1918 477 2179 541 faciendi
2210 477 2372 558 quod
2406 479 2740 561 promittit,

306 584 454 650 redit
483 583 764 665 quaestio
809 604 871 648 n.
913 585 1062 648 573.
1102 584 1220 649 Hic
1244 583 1491 666 quidem
1536 582 1814 667 graviter
1845 582 2056 663 peccat
2087 599 2157 644 ex
2195 580 2435 644 defectu
2460 581 2746 645 veritatis

308 685 651 771 praesentis,
700 684 804 749 sed
852 685 1167 751 deficiente
1213 686 1419 750 animo
1468 704 1531 748 se
1578 683 1916 768 obligandi,
1964 702 2073 766 per
2117 701 2182 746 se
2227 682 2576 748 iuramento
2623 703 2748 749 non

306 789 548 873 ligatur.

403 932 641 984 XXXlV.
666 933 714 984 2.
736 933 937 985 Deleclu
965 933 1205 984 secundae
1237 930 1460 984 veritatis
1493 945 1604 983 vere
1630 929 1817 997 peierat
1843 929 1901 992 is,
1925 929 2007 994 qui
2035 931 2163 994 quod
2193 927 2431 995 promisit,
2455 937 2623 996 postea
2648 945 2744 983 non

305 1014 474 1082 implet,
501 1014 542 1068 si
568 1014 928 1069 rationabiliter
948 1014 1153 1082 implere
1180 1022 1356 1082 potest.
1385 1017 1434 1068 ld
1467 1016 1624 1068 solnm
1657 1012 1735 1067 bic
1763 1014 2044 1068 dubitatur:
2074 1028 2132 1067 an
2158 1012 2242 1079 qui
2265 1013 2484 1081 promisit
2513 1029 2615 1067 rem
2649 1014 2750 1067 exi·

305 1115 434 1164 guam
457 1115 568 1154 cum
591 1100 884 1162 iuramento,
912 1106 964 1154 ut
990 1115 1037 1153 v.
1062 1115 1137 1164 gr.
1163 1103 1283 1153 dare
1307 1099 1449 1152 alteri
1475 1114 1621 1153 unum
1661 1114 1874 1165 pomum,
1905 1100 1981 1152 vel
2008 1113 2256 1152 nummum
2284 1112 2374 1164 pro
2416 1101 2746 1163 eleemosyna,

305 1187 374 1236 vel
397 1183 635 1248 castigare
661 1186 866 1250 prolem,
899 1187 977 1238 vel
1001 1184 1126 1238 inter
1156 1186 1463 1237 vendendum
1492 1185 1620 1238 nolle
1648 1198 1700 1236 se
1727 1183 1903 1237 minori
1929 1182 2086 1249 pretio
2125 1184 2356 1246 vendere,
2379 1186 2456 1237 vel
2497 1186 2627 1237 nolle
2653 1184 2747 1250 pri·

305 1283 421 1321 mum
440 1269 605 1322 locum
632 1283 891 1335 occupare,
914 1275 996 1323 aut
1014 1272 1307 1335 praecedere
1328 1268 1375 1322 in
1396 1268 1616 1332 ingressu
1641 1275 1811 1334 portae
1832 1275 1923 1321 etc.
1942 1282 2017 1328 an.
2040 1267 2250 1333 inquam,
2270 1269 2360 1321 sub
2381 1267 2523 1331 gravi
2542 1276 2745 1334 peccato

304 1360 517 1406 teneatur
541 1356 662 1406 baec
692 1368 906 1406 servare.
934 1353 1028 1407 Ubi
1054 1353 1352 1419 speculative
1380 1353 1575 1419 quidem
1606 1352 1815 1415 videtur,
1836 1355 1964 1417 quod
1993 1351 2088 1418 sic3
2120 1350 2231 1416 quia
2261 1365 2378 1404 vere
2405 1352 2644 1405 adductus
2670 1361 2744 1406 est

305 1437 427 1490 Deus
457 1443 512 1490 ut
537 1436 693 1500 testis,
721 1440 850 1503 quod
880 1436 942 1491 sit
970 1442 1213 1492 tacturus:
1235 1452 1353 1502 ergo
1379 1437 1421 1490 si
1460 1437 1564 1491 sine
1601 1451 1748 1490 causa
1786 1451 1881 1490 non
1924 1436 2051 1497 lacit,
2078 1442 2308 1500 quantum
2340 1434 2387 1486 in
2428 1450 2481 1488 se
2515 1443 2605 1502 cst,
2633 1436 2745 1489 lacit

305 1520 447 1574 Deum
473 1527 650 1575 testem
678 1526 868 1576 falsum.
894 1522 1048 1578 Caiet.
1073 1524 1184 1576 Val.
1203 1525 1312 1576 Tol.
1336 1525 1369 1577 l.
1401 1522 1448 1575 4.
1476 1536 1518 1575 c.
1541 1524 1625 1574 22.
1648 1519 1970 1575 Nihilominus
1996 1519 2314 1587 probabiliter
2340 1518 2421 1571 alii
2449 1525 2610 1572 tenent
2635 1535 2748 1573 con-

302 1605 509 1672 trarium,
540 1613 589 1658 nt
614 1609 792 1659 Sancb.
820 1607 888 1660 V.
914 1609 1065 1671 Laym
1092 1622 1200 1673 sup.
1228 1623 1271 1659 c.
1302 1608 1347 1659 4.

386 1710 553 1785 576.
580 1713 641 1780 S.
673 1715 1030 1799 Alphonsus
1061 1737 1120 1779 n.
1159 1717 1327 1794 173„
1361 1716 1681 1799 proposita
1718 1714 2110 1797 quaestione:
2140 1735 2216 1778 an
2250 1715 2430 1779 detur
2467 1714 2747 1797 parvitas

303 1818 590 1882 materiae
642 1819 705 1882 in
765 1818 1103 1883 violatione
1155 1818 1490 1883 iuramenti
1544 1817 1947 1900 promissorii,
2005 1817 2313 1899 duplicem
2372 1816 2746 1880 sententiam

304 1919 549 2000 profert,
594 1922 922 2004 negantem
969 1923 1032 1984 et
1080 1920 1493 1985 affirmantem
1528 1922 1714 2002 aulue
1755 1920 2083 2000 utramque
2115 1919 2267 1982 dicit
2302 1918 2480 1983 valde
2528 1920 2747 2001 proba-

304 2021 501 2096 bilem,
538 2022 660 2086 imo
700 2023 1116 2087 affirmantem
1148 2022 1307 2087 forte
1339 2022 1837 2105 probabiliorem.

383 2123 642 2206 Oportet
672 2143 838 2201 sane,
872 2128 944 2189 ut
990 2126 1148 2189 duae
1180 2125 1474 2189 veritates
1520 2124 1989 2207 distinguantur
2023 2124 2088 2187 in
2118 2123 2466 2188 iuramento
2493 2125 2752 2207 promis-

296 2226 451 2290 sorio
477 2246 536 2290 n.
568 2227 718 2290 570.
739 2226 902 2290 Nam
926 2227 1130 2309 quoad
1153 2227 1441 2310 priorem,
1467 2227 1888 2290 iuramentum
1912 2226 2115 2290 induit
2139 2225 2405 2290 indolem
2433 2226 2750 2290 assertorii

295 2329 354 2392 et
382 2329 467 2394 sic
495 2347 625 2393 non
656 2328 842 2393 datur
866 2329 1143 2411 parvitas
1172 2329 1490 2394 materiae.
1528 2329 1691 2413 Ergo
1725 2329 1780 2392 si
1811 2329 1971 2392 desit
2003 2329 2247 2392 animus
2277 2327 2591 2411 implendi,
2628 2329 2748 2392 erit

292 2449 522 2514 semper
570 2450 763 2515 grave
811 2433 1132 2514 peccatum
1177 2432 1450 2515 periurii.
1500 2431 1717 2511 Quoad
1753 2431 2094 2496 secundam
2120 2451 2262 2496 vero
2300 2432 2507 2496 locum
2553 2432 2744 2495 habet

293 2535 594 2617 quaesti0‚
635 2537 823 2618 prout
846 2535 1211 2618 proponitur
1243 2555 1279 2601 a
1311 2554 1360 2600 s.
1395 2535 1734 2620 Alphonso.

375 2638 565 2704 Ratio
609 2638 830 2721 prioris
863 2638 1203 2703 sententiae
1235 2641 1348 2717 est,
1383 2639 1548 2721 quod
1594 2639 1656 2703 in
1687 2640 2037 2704 iuramento
2069 2658 2191 2703 non
2238 2639 2419 2703 detur
2465 2639 2747 2722 parvitas

287 2741 608 2805 materiae.
656 2740 827 2805 Haec
864 2741 1075 2804 autem
1110 2741 1274 2805 ratio
1320 2741 1490 2806 valet
1534 2743 1778 2825 proprie
1824 2742 2028 2824 quoad
2074 2742 2341 2825 priorem
2388 2742 2737 2805 veritatem.

286 2841 517 2909 Idcirco
567 2842 780 2926 potius
827 2843 1103 2928 urgenda
1149 2843 1310 2907 foret
1354 2844 1516 2908 ratio
1566 2844 1760 2908 allata
1808 2862 1844 2907 a
1891 2864 1938 2907 s,
1989 2844 2247 2921 Thoma,
2283 2863 2470 2926 quam
2501 2843 2630 2907 iam
2661 2862 2753 2907 re-

285 2944 622 3010 citavimus
667 2965 729 3009 n.
780 2945 927 3009 570.
980 2945 1214 3010 scilicet
1263 2945 1563 3029 obligatio
1619 2946 1941 3022 efficiendi,
1990 2948 2065 3009 ut
2109 2947 2315 3024 verba,
2364 2947 2426 3010 in
2475 2965 2743 3029 quorum

289 3047 723 3113 testimonium
754 3049 921 3113 Deus
954 3050 1231 3125 vocatur,
1266 3048 1533 3113 evadant
1565 3067 1727 3112 vera.

373 3151 568 3216 Ratio
620 3150 876 3215 alterius
923 3150 1263 3214 sententiae
1310 3152 1422 3227 est,
1473 3151 1638 3234 quod
1684 3151 1747 3215 in
1785 3152 2204 3235 promissoriO,
2231 3150 2436 3233 quoad
2467 3151 2748 3214 futuram

281 3252 715 3337 impletionem
747 3272 869 3317 non
915 3254 1171 3318 vocetur
1199 3254 1443 3337 proprie
1492 3253 1669 3318 testis
1702 3254 1890 3331 Deus,
1940 3254 2046 3317 sed
2083 3254 2286 3317 solum
2333 3256 2407 3317 ut
2453 3253 2751 3334 praebens

283 3356 735 3420 auctoritatem
768 3355 1154 3440 obligationi.
1195 3355 1381 3441 ErgO,
1416 3356 1725 3438 inquiunt,
1780 3376 1901 3420 non
1948 3354 2258 3439 implendo
2306 3373 2426 3418 non
2475 3355 2745 3437 peierat3

283 3458 429 3539 quia
478 3456 827 3541 periurium
875 3459 968 3521 est
1014 3476 1233 3522 vocare
1280 3458 1481 3521 Deum
1518 3460 1741 3522 testem
1774 3458 2108 3523 mendacii:
2150 3456 2326 3538 atqui
2358 3455 2748 3519 mendacium

286 3559 482 3635 abest,
535 3560 592 3625 si
642 3560 811 3643 prius
857 3578 996 3624 vere
1042 3560 1431 3643 propositum
1470 3559 1684 3623 aderat
1720 3559 2031 3642 implendi.
2081 3557 2220 3623 Non
2253 3557 2505 3639 implere
2539 3559 2752 3619 autem

282 3682 401 3728 non
427 3667 530 3729 est
556 3662 968 3739 mendacium,
996 3662 1100 3727 sed
1124 3662 1475 3727 infidelitas.
1506 3660 1565 3725 S.
1593 3662 1884 3739 Thomas,
1921 3663 1980 3723 2.
2009 3662 2068 3722 2.
2105 3680 2161 3742 q.
2195 3661 2340 3723 110.
2379 3680 2432 3723 a.
2462 3659 2522 3722 3.
2552 3659 2628 3723 ad
2655 3662 2747 3722 5.:

288 3789 321 3822 ‹
353 3766 471 3831 Ille
504 3764 623 3848 qui
646 3763 882 3847 aliquid
906 3764 1239 3847 promittit,
1267 3765 1319 3827 si
1351 3765 1574 3828 habeat
1612 3765 1888 3827 animum
1921 3762 2181 3826 faciendi
2213 3762 2379 3844 quod
2410 3761 2744 3844 promittit,

280 3886 401 3932 non
448 3866 828 3931 mentitur...
876 3868 928 3930 si
967 3887 1109 3931 vero
1149 3886 1269 3931 non
1316 3867 1501 3931 faciet
1547 3866 1710 3948 quod
1748 3866 2055 3949 promisit,
2092 3869 2227 3929 tum
2268 3865 2513 3929 videtur
2544 3865 2754 3931 infide-

278 3967 424 4034 liter
458 3988 651 4054 agere
683 3987 789 4051 per
821 3969 937 4033 hoc
968 3969 1132 4051 quod
1166 3970 1443 4033 animum
1475 3972 1767 4034 mutat».
1803 3968 1973 4049 Quae
2013 3969 2344 4034 infidelitas
2378 3969 2440 4032 in
2474 3988 2595 4033 non
2627 3988 2754 4033 ser-

276 4071 482 4134 vanda
516 4070 925 4154 permissione
961 4071 1199 4136 homini
1230 4073 1437 4154 potest
1468 4091 1596 4136 esse
1627 4071 1816 4135 levis:
1853 4072 1955 4136 sed
1982 4073 2034 4137 si
2060 4072 2143 4136 sit
2174 4071 2507 4136 infidelitas
2541 4071 2752 4133 innon

275 4171 591 4237 servanda
643 4172 1068 4255 promissione,
1119 4174 1217 4237 cui
1266 4174 1567 4239 adnexum
1616 4175 1700 4237 sit
1759 4175 2202 4251 iuramentum,
2261 4174 2449 4237 habet
2507 4188 2755 4252 quoque

272 4274 596 4338 malitiam
631 4274 1066 4339 irreverentiae
1091 4294 1238 4359 erga
1263 4276 1485 4351 Deum,
1518 4280 1770 4359 propter
1793 4296 1916 4341 non
1949 4279 2266 4341 servatum
2303 4275 2743 4339 iuramentum.

275 4374 450 4441 Haec
507 4376 725 4441 tamen
779 4376 1178 4442 irreverentia
1226 4397 1373 4461 erga
1418 4379 1639 4454 Deum,
1696 4398 1803 4459 per
1850 4398 1913 4442 se
1961 4380 2258 4462 spectata,
2300 4382 2393 4442 est
2431 4379 2753 4460 peccatum

281 4479 541 4560 quidem
598 4481 812 4544 contra
856 4479 1240 4563 religionem,
1287 4479 1392 4543 sed
1439 4482 1645 4562 potest
1676 4500 1808 4544 esse
1839 4480 1991 4545 leve.
2026 4483 2232 4544 Datur
2264 4481 2426 4543 enim
2477 4480 2756 4563 parvitas

273 4582 592 4647 materia-e
625 4581 813 4646 etiam
838 4582 901 4646 in
925 4583 1193 4665 peccatis
1224 4582 1439 4645 contra
1468 4581 1849 4665 religionem,
1890 4585 1964 4648 ut
1995 4584 2170 4664 patet
2205 4583 2268 4647 in
2299 4583 2479 4646 votis.
2508 4583 2589 4646 Et
2611 4601 2759 4645 sane
